3542 5359
195 4223 222 4261 to
234 4213 282 4264 this
294 4233 335 4264 ex·

195 4279 322 4342 planation

194 4345 326 4396 discussed.

367 633 424 676 122
604 620 759 680 OPERIS
782 621 971 692 MAJORIS
996 624 1110 683 PARS
1135 626 1307 698 QUINTA.

365 782 538 849 confundit
562 787 696 852 oculum
720 796 753 851 et
775 787 931 853 absorbet
955 789 988 852 in
1010 798 1128 870 totum,
1151 803 1189 858 ut
1210 803 1334 858 tremor
1355 816 1422 860 non
1445 818 1517 879 per·

366 888 513 970 cipiatur.

410 993 525 1076 Atque
550 997 640 1079 quod
670 997 786 1061 stellae
816 999 923 1080 magis
952 999 1104 1064 videntur
1133 1002 1255 1066 distare
1285 1003 1318 1067 in
1348 1004 1517 1068 horizonte

365 1117 467 1178 quam
485 1101 517 1161 in
538 1103 684 1182 meridie,
694 1101 773 1166 facit
784 1102 889 1164 visum
905 1124 1013 1167 errare
1024 1106 1056 1167 iu
1069 1108 1256 1190 cognitione
1266 1109 1421 1187 visibilis;
1441 1110 1518 1190 quia

366 1204 453 1265 enim
480 1225 614 1270 erronee
641 1209 796 1273 aestimat
823 1207 953 1272 stellam
982 1209 1055 1290 plus
1086 1211 1210 1275 distare
1239 1214 1373 1294 quando
1404 1225 1455 1278 est
1485 1215 1517 1276 in

367 1305 545 1384 horizonte,
564 1310 638 1394 plus
653 1322 791 1376 conatur
806 1313 923 1376 intueri
939 1312 1079 1392 stellam,
1095 1325 1128 1378 et
1144 1336 1188 1378 ex
1204 1327 1323 1381 conatu
1340 1330 1391 1382 est
1407 1330 1518 1381 motus

366 1413 452 1476 oculi
475 1414 591 1479 sortior
611 1426 643 1480 et
666 1416 834 1482 involutio.
881 1418 971 1481 Nam
986 1439 1030 1481 ex
1046 1439 1168 1503 magno
1183 1431 1305 1484 conatu
1322 1423 1519 1504 exprimitur

365 1518 480 1582 oculus
496 1530 529 1583 et
545 1521 701 1584 recedunt
717 1523 847 1586 tunicae
860 1535 894 1587 et
908 1521 1065 1586 humores
1079 1543 1100 1586 a
1114 1524 1178 1587 situ
1195 1526 1345 1602 naturali,
1357 1537 1391 1590 et
1406 1538 1518 1591 tamen

365 1627 479 1690 statim
512 1626 704 1690 naturaliter
740 1626 939 1692 inclinantur
971 1629 1014 1690 ad
1045 1628 1198 1707 eundem,
1228 1639 1262 1693 et
1293 1631 1368 1694 ideo
1399 1632 1518 1695 accidit

364 1730 525 1794 involutio
546 1740 579 1794 et
602 1740 748 1794 tremor,
782 1731 898 1813 Atque
920 1742 1036 1795 natura
1052 1753 1183 1815 semper
1198 1735 1333 1798 recurrit
1348 1735 1391 1799 ad
1408 1735 1517 1799 locum

366 1834 491 1899 laesum
529 1834 580 1899 vel
618 1835 830 1917 indigentem,
862 1845 895 1899 et
926 1837 1028 1900 mittit
1058 1837 1281 1900 abundantius
1313 1839 1447 1922 spiritus
1484 1849 1517 1902 et

364 1940 498 2012 calores,
514 1951 548 2003 et
572 1941 649 2005 ideo
670 1961 690 2003 a
712 1961 812 2004 nervo
834 1942 1002 2004 communi
1024 1941 1058 2003 in
1076 1940 1266 2021 hujusmodi
1288 1953 1409 2007 conatu
1432 1943 1517 2006 oculi

365 2044 571 2108 resolvuntur
598 2046 733 2129 spiritus
760 2055 795 2109 et
825 2044 915 2110 calor
939 2045 1104 2121 naturalis,
1132 2054 1166 2108 et
1192 2045 1382 2127 hujusmodi
1406 2067 1518 2129 super-

364 2147 474 2212 fluitas
497 2147 653 2212 humores
675 2149 824 2214 concutit
847 2160 881 2213 et
904 2148 981 2214 facit
1005 2150 1157 2214 recedere
1179 2171 1199 2212 a
1221 2151 1286 2213 situ
1311 2151 1452 2214 naturali
1475 2152 1518 2214 ad

364 2273 463 2335 quem
487 2253 601 2316 statim
623 2253 863 2316 reinclinantur.
911 2253 955 2315 Et
971 2254 1016 2316 sic
1033 2253 1152 2317 accidit
1166 2264 1291 2317 tremor
1307 2255 1393 2318 oculi
1409 2264 1444 2317 et
1460 2275 1519 2338 per

365 2376 568 2438 consequens
595 2358 627 2419 in
656 2378 689 2419 re
713 2357 783 2420 visa
809 2359 991 2420 secundum
1018 2359 1267 2440 apparentiam3
1299 2359 1383 2422 sicut
1409 2358 1518 2423 Ptole·

365 2483 479 2525 maeus
495 2462 578 2526 hanc
594 2464 740 2546 assignat
757 2484 890 2528 causam
908 2464 1054 2528 secundo
1071 2465 1308 2545 Perspectivae.
1355 2465 1401 2529 Et
1416 2465 1517 2528 etiam

364 2567 442 2646 quia
456 2568 545 2630 visus
567 2569 721 2631 aestimat
744 2568 848 2631 solem
873 2577 908 2632 et
932 2568 1045 2632 stellas
1064 2567 1137 2649 plus
1153 2567 1275 2631 distare
1290 2570 1425 2651 quando
1442 2579 1518 2631 sunt

365 2671 398 2733 in
421 2669 600 2748 horizonte,
617 2673 692 2737 ideo
714 2673 821 2755 magis
840 2684 979 2738 conatur
995 2682 1028 2737 et
1045 2672 1228 2736 involvitur.
1277 2672 1321 2736 Et
1337 2674 1516 2737 secundum

364 2774 427 2838 hoc
451 2785 561 2859 potest
584 2777 717 2859 reperiri
739 2797 839 2840 causa
863 2779 1010 2859 praecisa
1033 2779 1076 2840 de
1102 2777 1246 2860 planetis
1267 2775 1459 2859 splendidis,
1482 2787 1518 2839 ut

364 2879 512 2943 maxime
540 2881 582 2943 de
613 2881 683 2944 sole
707 2891 740 2943 et
771 2881 857 2958 luna,
883 2890 917 2944 et
942 2881 1079 2958 Venere,
1105 2889 1138 2942 et
1165 2879 1338 2960 Mercuri0,
1364 2891 1398 2945 et
1423 2880 1519 2962 Jove,

363 3003 464 3066 quare
480 3004 546 3047 non
563 2985 744 3049 scintillant
759 3009 766 3061 3
789 2987 865 3068 quia
885 2987 974 3049 visus
989 2985 1145 3049 aestimat
1161 2985 1217 3047 illa
1236 2985 1320 3048 bene
1336 2994 1370 3049 et
1386 2993 1518 3066 reputat

365 3109 423 3171 per
453 3108 658 3170 consequens
685 3111 723 3154 ea
754 3111 825 3154 esse
856 3090 1082 3175 propinquius,
1104 3089 1286 3153 secundum
1315 3089 1406 3172 quod
1439 3090 1518 3153 dicit

365 3191 574 3255 Ptolemaeus
595 3193 627 3254 in
652 3191 736 3256 libro
761 3193 956 3276 Opticorum
980 3194 1135 3266 secundo,
1162 3193 1252 3275 quod
1276 3194 1459 3277 splendida,
1481 3205 1519 3257 ut

364 3294 413 3359 sol
430 3305 463 3358 et
478 3296 565 3372 luna,
583 3307 777 3379 reputantur
792 3318 917 3380 prope3
944 3319 1030 3380 quae
1044 3318 1123 3361 vero
1139 3298 1247 3360 minus
1263 3307 1339 3361 sunt
1355 3297 1519 3360 luminosa

365 3418 431 3461 non
454 3399 509 3462 sic.
556 3399 601 3463 Et
628 3401 709 3464 dicit
732 3399 885 3466 Alhazen
909 3403 941 3465 in
965 3404 1072 3477 tertie,
1096 3402 1187 3484 quod
1213 3399 1303 3465 color
1326 3400 1419 3465 fortis
1442 3401 1519 3465 licet

364 3501 407 3566 sit
430 3502 587 3567 remotior
609 3513 723 3568 tamen
745 3515 883 3589 apparet
908 3505 1134 3589 propinquior,
1156 3504 1234 3586 quia
1257 3505 1340 3567 bene
1363 3505 1519 3568 immutat

363 3607 493 3683 visum;
524 3614 558 3670 et
581 3609 659 3689 quia
684 3610 731 3672 sic
758 3619 817 3686 est,
840 3609 930 3673 visus
957 3630 1024 3672 non
1050 3618 1189 3672 conatur
1215 3609 1301 3672 circa
1328 3607 1517 3690 hujusmodi

365 3709 524 3792 planetas,
547 3722 581 3776 et
602 3713 679 3775 ideo
703 3733 769 3776 non
793 3711 979 3778 involvitur.
1036 3713 1208 3776 Praeterea
1230 3714 1412 3776 secundum
1434 3713 1518 3776 veri·

364 3824 468 3878 tatem
484 3827 561 3880 sunt
576 3817 829 3899 propinquiores
850 3817 955 3881 stellis
977 3817 1062 3894 fixis,
1077 3826 1111 3880 et
1135 3818 1209 3879 ideo
1232 3818 1357 3897 species
1379 3816 1518 3880 debilior

362 3927 454 3988 venit
477 3929 519 3991 ad
541 3929 647 3992 visum
671 3949 691 3991 a
714 3929 817 3993 stellis
841 3929 927 4001 fixis,
946 3936 980 3991 et
1002 3928 1128 4012 species
1149 3928 1239 3989 visus
1262 3927 1453 3991 debilitatur
1474 3949 1518 3991 ex

363 4030 521 4094 distantia
539 4041 573 4096 et
588 4033 663 4096 ideo
679 4033 784 4115 magis
799 4043 937 4096 conatur
951 4033 1038 4095 circa
1054 4031 1166 4096 stellas
1185 4030 1280 4094 fixas.

194 4148 338 4211 ubjections
408 4133 508 4217 Quod
530 4135 558 4199 si
580 4137 710 4200 dicatur
731 4138 821 4219 quod
845 4137 952 4219 magis
975 4145 1114 4200 conatur
1136 4134 1251 4198 oculus
1274 4134 1306 4197 in
1330 4135 1519 4197 contuendo

364 4238 477 4304 stellas
511 4239 656 4304 minutas
685 4261 786 4323 quam
817 4240 970 4322 majoreS,
1000 4261 1080 4323 ergo
1113 4239 1210 4303 citius
1240 4239 1302 4301 erit
1336 4237 1518 4316 involutio;

363 4343 540 4406 dicendum
570 4353 629 4420 est,
656 4345 746 4425 quod
771 4342 836 4406 alia
862 4364 971 4424 causa,
996 4363 1082 4426 quae
1104 4353 1154 4406 est
1178 4363 1279 4425 penes
1297 4340 1518 4424 splendorem,

362 4444 475 4510 deficit
497 4447 531 4509 in
554 4447 610 4510 eis.
659 4447 704 4510 Et
723 4448 750 4510 si
770 4449 898 4510 dicatur
917 4449 1008 4530 quod
1027 4454 1165 4511 conatus
1187 4446 1249 4510 iste
1271 4447 1314 4511 sit
1336 4447 1518 4509 secundum

360 4549 565 4612 voluntatem
586 4549 738 4628 hominis,
753 4571 833 4632 ergo
855 4551 900 4614 ab
921 4551 1056 4614 arbitrio
1078 4550 1150 4631 ejus
1171 4549 1346 4632 dependet,
1361 4569 1463 4632 quare
1485 4549 1519 4612 in

361 4661 528 4734 potestate
544 4653 616 4735 ejus
631 4662 683 4718 est
704 4652 757 4716 hic
780 4664 939 4732 conatus3
963 4675 1042 4737 ergo
1064 4653 1247 4736 aequaliter
1270 4663 1383 4736 potest
1405 4653 1517 4716 conari
