3542 5359
211 975 249 1033 (a¹¹
268 975 344 1024 From

209 1041 344 1091 limitation

207 1107 237 1155 oi
247 1107 325 1156 man's

207 1172 330 1224 facilites

374 593 436 673 384
589 593 744 651 OPERIS
768 591 956 662 MAJORIS
981 590 1096 650 PARS
1120 586 1318 648 SEPTIMA.

375 758 549 822 diversitas
570 767 604 822 et
628 777 726 833 error,
747 757 826 839 quia
843 755 983 839 quilibet
1007 755 1103 838 fingit
1126 753 1190 819 sibi
1214 755 1324 820 Deum
1344 761 1381 815 ut
1400 747 1482 827 vult,
1495 757 1531 812 et

376 863 456 928 colit
471 864 562 945 quod
577 862 640 926 sibi
656 863 777 944 placet.

422 965 598 1031 Caeterum
616 969 766 1049 potentia
779 968 902 1034 sciendi
919 968 952 1033 in
970 968 1104 1033 homine
1119 968 1160 1033 ad
1177 987 1318 1050 corpora
1337 961 1528 1049 hujusmodi

376 1081 410 1135 et
434 1071 554 1135 similia
581 1092 647 1134 non
678 1072 809 1150 sufficit,
833 1085 870 1139 ut
902 1077 1114 1140 manifestum
1145 1085 1195 1140 est
1225 1075 1372 1139 cuilibet.
1418 1071 1529 1136 Nemo

377 1176 465 1239 enim
487 1176 549 1238 scit
564 1175 724 1239 veraciter
745 1186 779 1240 et
800 1178 1000 1243 sufficienter
1014 1192 1166 1244 naturam
1186 1179 1281 1242 unius
1296 1180 1342 1241 rei
1363 1176 1528 1249 minimae,

377 1289 413 1343 ut
433 1281 530 1342 unius
552 1277 719 1353 herbulae,
734 1278 787 1343 vel
808 1301 950 1360 muscae,
968 1283 1020 1346 vel
1037 1283 1181 1348 alterius.
1227 1281 1273 1347 Et
1290 1283 1442 1346 videmus
1461 1277 1528 1341 dis·

375 1384 522 1448 cordiam
548 1383 709 1448 infinitam
738 1385 925 1467 sapientum
953 1389 987 1451 in
1014 1389 1140 1452 naturis
1166 1409 1274 1452 rerum
1298 1384 1526 1467 corporalium.

377 1488 488 1553 Multo
517 1489 624 1571 magis
650 1488 750 1570 igitur
773 1492 896 1555 errabit
923 1492 1025 1557 homo
1052 1493 1139 1557 circa
1166 1514 1218 1556 res
1248 1489 1462 1563 insensibiles,
1491 1495 1528 1549 ut

376 1603 453 1658 sunt
468 1593 672 1657 substantiae
687 1594 884 1676 spirituales,
899 1608 932 1661 et
949 1608 1053 1662 status
1068 1599 1204 1662 alterius
1218 1597 1317 1674 vitae,
1328 1605 1363 1660 et
1380 1593 1529 1657 maxime

376 1697 519 1762 circaea
538 1717 625 1780 quae
647 1699 690 1762 ad
711 1700 822 1763 Deum
843 1711 877 1766 et
899 1703 1107 1767 voluntatem
1127 1703 1190 1767 Dei
1215 1702 1390 1785 pertinent.
1435 1696 1527 1780 Qua-

375 1813 513 1886 propter
528 1822 662 1865 necesse
676 1813 726 1867 est
742 1806 831 1886 quod
848 1805 971 1871 habeat
987 1807 1232 1873 revelationem.

421 1906 467 1969 Et
481 1906 545 1969 hoc
561 1917 610 1970 est
627 1909 717 1988 quod
736 1908 937 1975 Aristoteles
957 1912 1038 1976 dicit
1058 1913 1091 1975 in
1111 1913 1257 1976 seeundo
1277 1907 1529 1993 Metaphysicae

376 2011 467 2092 quod
492 2009 678 2074 intellectus
701 2011 867 2078 humanus
892 2037 928 2079 se
956 2015 1058 2080 habet
1084 2018 1126 2080 ad
1154 2015 1344 2097 hujusmodi
1372 2009 1528 2076 manifes-

376 2116 503 2180 tissima
523 2115 555 2178 in
576 2125 694 2179 natura
711 2137 771 2181 sua
797 2118 881 2183 sicut
901 2119 1015 2185 oculus
1037 2117 1301 2205 vespertilionis¹
1326 2127 1360 2182 et
1386 2125 1529 2180 noctuae

376 2220 418 2284 ad
435 2220 548 2283 lumen
563 2219 651 2284 solis.
699 2222 744 2284 Et
753 2222 927 2288 Avicenna
942 2225 1023 2290 dicit
1039 2227 1145 2309 primo
1163 2223 1416 2308 Metaphysicae
1435 2221 1526 2304 quod

376 2325 479 2388 homo
493 2325 647 2388 sehabet
668 2328 709 2390 ad
728 2348 769 2391 ea
786 2349 872 2410 quae
894 2339 971 2393 sunt
987 2331 1122 2394 Domini
1144 2330 1347 2396 saeculorum
1370 2328 1403 2390 in
1424 2345 1527 2408 regno

376 2449 448 2503 suo,
463 2429 548 2492 sicut
562 2430 680 2494 surdus
695 2450 715 2492 a
731 2433 905 2496 nativitate
921 2435 963 2498 ad
983 2435 1238 2500 delectationem
1251 2433 1475 2498 harmonicam
1492 2440 1528 2494 et

376 2533 461 2596 sicut
486 2534 688 2615 paralyticus
715 2536 758 2598 ad
785 2537 896 2601 cibum
929 2538 1171 2604 delectabilem.
1217 2538 1430 2621 Quapropter
1459 2553 1524 2599 non

376 2638 500 2719 poterit
518 2637 620 2702 homo
639 2642 818 2704 ascendere
837 2641 880 2706 ad
901 2643 984 2706 haec
1003 2655 1040 2706 ut
1061 2646 1104 2708 de
1123 2643 1173 2707 his
1192 2641 1348 2709 certificet
1367 2641 1450 2705 sicut
1467 2657 1528 2701 nec

375 2742 563 2824 vespertilio
590 2764 651 2806 nec
676 2756 799 2808 noctua
821 2755 855 2810 et
877 2749 996 2812 surdus
1020 2758 1052 2812 et
1077 2747 1279 2832 paralyticus
1301 2745 1418 2809 dehis
1440 2763 1528 2825 quae

375 2857 465 2912 tacta
483 2857 567 2912 sunt.
614 2848 786 2913 Praeterea
799 2849 1025 2934 Alpharabius
1041 2853 1123 2916 dicit
1139 2853 1171 2915 in
1188 2845 1394 2915 Moralibus²
1406 2849 1449 2912 de
1464 2846 1528 2910 hac

377 2954 515 3016 materia
531 2955 631 3035 quod,
644 2955 728 3017 sicut
737 2975 774 3017 se
789 2954 889 3019 habet
899 2974 982 3038 puer
993 2957 1146 3036 indoctus
1162 2956 1204 3021 ad
1216 2956 1385 3018 hominem
1397 2952 1527 3033 sapien-

376 3057 539 3121 tissimum
550 3058 712 3140 sapientia
722 3058 879 3136 humana,
890 3061 938 3124 sic
950 3062 1025 3125 talis
1036 3062 1169 3143 sapiens
1181 3081 1217 3123 se
1231 3059 1333 3123 habet
1344 3058 1387 3122 ad
1399 3056 1530 3121 divinas

376 3162 550 3237 veritates,
580 3171 614 3225 et
636 3163 713 3225 ideo
736 3183 802 3225 non
828 3164 952 3245 poterit
980 3163 1138 3247 proficere
1165 3165 1226 3227 nisi
1255 3183 1314 3246 per
1339 3160 1527 3226 doctrinam

376 3276 411 3329 et
440 3265 684 3330 revelationem.
731 3267 776 3329 Et
802 3268 898 3330 addit
923 3271 1023 3350 quod,
1051 3270 1078 3332 si
1096 3269 1199 3334 homo
1229 3277 1343 3350 posset
1369 3263 1527 3346 consequi

376 3370 545 3433 veritatem
569 3380 679 3434 sectae
706 3371 846 3443 divinae,
868 3383 949 3436 tunc
975 3393 1042 3436 non
1069 3393 1203 3437 necesse
1228 3380 1316 3436 esset
1341 3370 1466 3433 mundo
1489 3379 1529 3431 ut

376 3484 463 3537 esset
494 3473 651 3538 revelatio
680 3483 715 3538 et
744 3476 930 3558 prophetia.
976 3477 1043 3541 Sed
1069 3477 1161 3556 haec,
1188 3486 1225 3540 ut
1255 3476 1345 3540 dicit.
1370 3493 1529 3538 concessa

375 3587 453 3643 sunt
470 3578 605 3655 mundo,
620 3587 654 3640 et
670 3581 850 3643 necessaria
864 3590 952 3643 sunt.
1000 3581 1105 3665 Igitur
1121 3601 1186 3644 non
1203 3589 1313 3664 potest
1329 3579 1430 3641 homo
1445 3576 1531 3640 scire

377 3697 515 3747 Buddhist.
551 3698 593 3746 Au
603 3697 746 3746 Armenian
758 3699 837 3747 monk
847 3700 935 3748 whom
950 3700 1098 3762 Rubruquis
1116 3700 1196 3748 lonnd
1209 3700 1292 3760 there,
1307 3697 1414 3747 assured
1427 3696 1529 3745 Rubru-

376 3778 435 3839 quis
450 3777 505 3825 that
518 3776 613 3838 blangu
624 3776 703 3825 while
721 3777 839 3826 desirous
856 3779 911 3827 that
928 3779 960 3826 all
978 3779 1071 3828 should
1088 3794 1152 3841 pray
1163 3779 1204 3827 lor
1219 3778 1280 3836 him,
1293 3775 1410 3826 believed
1427 3773 1492 3836 only
1502 3775 1529 3822 in

377 3855 554 3916 Christianity.
597 3855 667 3903 ‘But
684 3857 717 3903 he
734 3871 790 3904 was
806 3857 934 3918 speaking
950 3856 1059 3918 falsely,'
1076 3873 1138 3918 says
1157 3857 1323 3919 Rubruquis;
1341 3856 1390 3902 ‘he
1408 3853 1529 3902 believed

377 3949 447 3983 none
460 3934 491 3982 ol
502 3934 580 3996 them,
598 3949 628 3982 as
638 3933 694 3982 will
711 3933 743 3981 be
761 3949 824 3982 seen
839 3935 1008 3992 altervvards;
1025 3937 1089 3997 they
1100 3934 1134 3985 all
1151 3937 1221 3996 hang
1239 3935 1323 3982 mund
1339 3933 1381 3981 his
1392 3938 1467 3981 court
1477 3931 1530 3980 like

377 4015 434 4062 illes
450 4014 533 4061 round
551 4029 566 4060 a
582 4013 671 4074 honey
686 4018 746 4074 pot:
764 4015 829 4074 they
845 4012 878 4061 all
897 4014 972 4063 think
989 4014 1145 4064 themselves
1162 4014 1204 4063 his
1220 4013 1336 4061 intimate
1353 4011 1459 4070 friends,
1476 4011 1530 4059 and

377 4092 510 4154 propbecy
521 4092 625 4140 smooth
637 4090 740 4152 things'
754 4095 792 4153 (p.
805 4107 863 4153 313,
875 4093 916 4140 ed.
929 4093 992 4152 cit).

410 4169 492 4220 ¹Met.
512 4170 555 4219 lib.
574 4171 590 4218 i.
613 4171 719 4232 (minor)
737 4185 795 4232 cap.
813 4184 824 4217 1
839 4169 935 4232 Ὥσπερ
951 4169 1000 4234 γὰρ
1020 4170 1051 4220 τὰ
1073 4171 1123 4218 τῶν
1141 4167 1286 4233 νυκτερίδων
1303 4165 1400 4227 ὄμματα
1421 4165 1480 4227 πρὸς
1499 4164 1531 4214 τὸ

376 4247 469 4310 φέγγος
483 4246 537 4310 ixei
553 4246 583 4296 τὸ
598 4247 651 4308 μεθ’
662 4246 761 4310 ἡμέραν,
774 4245 837 4296 οὕτω
853 4247 894 4296 ml
909 4249 952 4308 τῆς
970 4248 1084 4314 ἡμετέραν
1097 4249 1178 4314 ψυχῆς
1194 4248 1208 4296 d
1223 4247 1279 4296 νοῦν
1290 4243 1347 4307 πρὸς
1362 4243 1394 4293 τὰ
1408 4244 1439 4308 νῇ
1453 4241 1528 4307 φύσει

376 4325 533 4389 perspi-mre
547 4324 649 4375 adnm.

409 4405 419 4434 ¹
437 4407 448 4454 1
459 4421 501 4454 am
509 4405 603 4453 unable
614 4413 641 4454 to
650 4405 734 4467 verisy
742 4404 795 4454 this
806 4406 948 4454 reference.
982 4406 1039 4454 The
1046 4405 1117 4454 book
1125 4403 1164 4453 De
1174 4403 1288 4454 scientiis
1298 4402 1404 4463 already
1415 4400 1530 4450 referred

377 4492 405 4532 to
416 4484 480 4532 does
492 4492 538 4531 not
549 4484 653 4532 contain
672 4499 725 4545 any
736 4488 800 4532 such
813 4499 924 4546 passage
937 4501 944 4546 ;
961 4485 1012 4534 and
1026 4499 1060 4532 no
1072 4485 1149 4533 other
1162 4482 1266 4546 printed
1278 4481 1354 4530 work
1366 4480 1396 4528 ol
1403 4479 1530 4542 Alphara·

377 4561 434 4609 bius
446 4561 469 4609 ia
479 4560 576 4609 known
590 4570 619 4610 to
633 4576 683 4610 me.
720 4560 771 4609 But
787 4563 830 4610 the
842 4562 928 4611 editor
938 4562 969 4611 ol
976 4561 1016 4611 Dr
1030 4561 1143 4612 Scimtr'r's
1159 4559 1253 4624 speaks
1269 4559 1299 4608 ol'
1312 4559 1388 4608 other
1398 4559 1489 4607 works
1502 4573 1532 4607 as

376 4644 423 4700 yet
434 4639 611 4688 untranslated
622 4638 688 4687 from
700 4639 746 4688 the
758 4639 860 4688 Arabic.
