3542 5359
562 647 678 708 PARS
700 648 861 708 PRIMA:
897 649 985 712 CAP.
1010 648 1066 707 III
1330 661 1389 726 437

284 809 329 873 Et
342 807 412 891 jam
427 819 520 893 patet
534 812 624 893 quod
634 809 780 894 objectio
788 832 877 877 vana
892 821 951 891 est,
963 832 1050 894 quae
1064 813 1147 876 dicit
1161 809 1306 895 speciem
1323 831 1389 874 non
1401 811 1499 888 specul

239 933 312 977 esse
339 913 480 977 sormam
513 915 607 992 aeris,
631 916 709 997 quia
734 925 786 980 est
811 926 922 981 motor
947 927 981 980 et
1011 918 1089 981 facit
1115 915 1258 981 calorem
1282 916 1315 980 in
1340 935 1389 978 eo.
1401 879 1480 994 Q?
1479 893 1523 992 :id

240 1017 428 1082 Dicendum
446 1028 498 1082 est
516 1019 615 1092 enirn,
630 1020 720 1103 quod
740 1040 805 1084 non
825 1031 876 1085 eet
897 1030 1007 1085 motor
1023 1021 1095 1102 ejus
1110 1021 1202 1102 cujus
1217 1030 1268 1084 est
1283 1018 1389 1083 sorma
1400 1024 1525 1124 ξὶζξξῑ·

240 1121 298 1184 sed
322 1121 474 1197 alterius;
504 1122 592 1187 unde
614 1125 742 1206 species
765 1126 798 1187 in
825 1126 933 1207 prima
956 1136 1050 1207 parte
1072 1125 1156 1189 aeris
1178 1145 1244 1188 non
1265 1123 1389 1187 inducit
1402 1140 1521 1190 uentano

240 1225 382 1289 calorem
407 1227 440 1289 in
467 1247 515 1300 ea,
543 1228 600 1290 sed
635 1229 668 1290 in
696 1229 842 1292 secunda
871 1238 965 1312 parte
990 1229 1067 1293 iacit
1096 1228 1251 1305 calorem,
1276 1236 1311 1290 et
1343 1206 1495 1291 sic⁰⁰¹⁰¹¹¹·

241 1328 392 1406 ulterius3
418 1341 457 1393 ut
476 1341 602 1396 tactum
623 1332 726 1396 estin
745 1333 932 1416 objectione
954 1333 1097 1397 veridica
1117 1331 1266 1398 iacienda
1284 1332 1318 1394 in
1338 1331 1390 1397 his

239 1435 399 1498 terminis.
453 1433 490 1499 Si
520 1435 650 1499 dicatur
677 1438 768 1518 quod
797 1436 925 1518 species
956 1436 1049 1500 fortis
1081 1446 1116 1500 et
1148 1434 1314 1500 sensibilis
1346 1435 1391 1499 sit

240 1561 260 1602 a
282 1541 368 1602 vitro
398 1539 483 1603 bene
512 1539 671 1611 colorato,
698 1541 832 1623 quando
862 1541 973 1605 radius
1003 1539 1082 1606 solis
1114 1540 1207 1605 sortis
1238 1548 1390 1622 penetrat

240 1642 430 1725 hujusmodi
454 1643 583 1719 vitrum,
605 1645 664 1708 sed
687 1664 754 1708 non
781 1644 885 1726 possit
907 1653 977 1708 tarn
1000 1645 1179 1708 vehemens
1202 1644 1293 1708 color
1314 1663 1390 1726 pro-

241 1748 316 1812 duci
341 1749 387 1811 ita
409 1749 476 1813 cito
499 1748 542 1811 de
565 1749 716 1830 potentia
738 1749 907 1826 materiae,
929 1759 963 1812 et
986 1749 1161 1833 praecipue
1182 1749 1276 1824 aeris,
1298 1749 1389 1830 quod

240 1861 291 1914 est
308 1872 426 1935 corpus
447 1851 612 1934 simplex3
634 1863 838 1937 quapropter
855 1853 985 1917 videtur
1000 1853 1090 1935 quod
1112 1851 1194 1916 alius
1212 1853 1332 1916 modus
1347 1853 1390 1916 sit

240 1956 397 2039 gignendi
415 1956 568 2039 speciem,
588 1977 689 2039 quarn
708 1959 751 2021 de
772 1959 922 2040 potentia
943 1958 1120 2036 materiae;
1141 1957 1318 2020 dicendum
1340 1967 1390 2022 est

240 2060 330 2140 quod
346 2080 413 2124 non
428 2070 479 2124 est
494 2061 577 2124 alius
592 2060 721 2139 modus,
734 2070 769 2124 ut
786 2063 964 2145 probatum
981 2071 1039 2136 est,
1051 2071 1086 2124 et
1101 2063 1144 2126 ad
1159 2060 1245 2124 hanc
1260 2058 1390 2125 cavilla·

240 2167 364 2227 tionem
395 2165 573 2229 dicendum
603 2175 655 2229 est
685 2167 776 2248 quod
806 2167 840 2229 in
862 2166 993 2229 duobus
1023 2174 1148 2247 peccat.
1193 2164 1309 2228 Unum
1339 2171 1390 2227 est

239 2269 330 2350 quod
353 2270 512 2353 supponit
538 2269 682 2334 colorem
705 2271 823 2333 sortem
846 2289 919 2332 esse
940 2278 1134 2353 generatum
1154 2288 1175 2330 a
1195 2268 1282 2331 vitro
1305 2268 1390 2332 sicut

239 2383 388 2455 apparet,
411 2393 477 2437 non
500 2382 612 2436 tamen
627 2383 679 2437 est
693 2375 740 2437 ita
755 2373 849 2436 sortis
864 2374 950 2437 sicut
964 2374 1102 2436 videtur.
1148 2373 1236 2436 Nam
1255 2373 1390 2454 quando

241 2477 351 2539 radius
370 2475 450 2540 solis
472 2477 590 2541 transit
612 2498 671 2559 per
692 2477 882 2557 hujusmodi
900 2478 1031 2554 vitrum,
1054 2497 1122 2541 non
1139 2487 1278 2561 apparet
1299 2477 1391 2540 color

241 2581 326 2658 talis,
341 2591 375 2644 et
391 2580 467 2644 ideo
483 2581 588 2663 magis
603 2592 654 2646 est
669 2582 702 2644 in
714 2583 909 2665 apparentia
920 2602 1021 2665 quarn
1033 2583 1066 2646 in
1082 2583 1259 2647 existentia
1271 2581 1391 2646 coloris

240 2685 320 2761 veri,
343 2695 377 2748 et
399 2693 449 2749 est
472 2683 544 2748 sola
566 2686 700 2768 species,
724 2696 758 2750 et
781 2687 857 2750 ideo
880 2695 993 2769 potest
1016 2687 1153 2770 produci
1176 2686 1218 2749 de
1242 2685 1392 2769 potentia

242 2789 409 2866 materiae,
424 2789 599 2870 praecipue
613 2785 753 2872 alicujus
769 2790 876 2852 mixti.
922 2791 1013 2854 Nam
1027 2790 1163 2872 quando
1179 2791 1298 2854 iterum
1313 2809 1391 2872 sup·

240 2893 335 2975 ponit
350 2892 432 2956 haec
448 2892 624 2969 cavillatio,
640 2895 730 2975 quod
747 2893 880 2976 proprie
896 2892 954 2957 fiat
969 2894 1003 2956 in
1019 2915 1095 2958 aere
1104 2919 1114 2970 ς
1138 2893 1315 2958 dicendum
1331 2904 1391 2968 est,

240 2999 330 3078 quod
348 2998 476 3081 species
490 2998 564 3060 vitri
585 2997 677 3080 prius
696 2997 735 3060 fit
755 2999 788 3060 in
808 3017 884 3062 aere
905 3017 1007 3079 quam
1028 2998 1060 3062 in
1076 3017 1182 3080 opaco
1200 2997 1317 3074 mixto,
1332 2997 1392 3061 sed

241 3101 382 3165 debilior
396 3101 494 3183 longe
510 3100 547 3164 fit
567 3101 600 3164 in
618 3121 695 3164 aere
716 3111 851 3184 propter
870 3101 1118 3183 simplicitatem
1141 3101 1309 3184 corporis;
1332 3102 1391 3164 sed

240 3207 377 3287 quando
396 3207 487 3269 venit
511 3206 555 3268 ad
577 3225 698 3289 corpus
721 3206 877 3283 mixtum,
897 3205 990 3287 quod
1012 3207 1119 3289 magis
1142 3217 1258 3289 aptum
1277 3215 1327 3269 est
1348 3205 1391 3269 ad

241 3309 396 3384 colorem,
417 3319 528 3392 potest
548 3311 675 3393 species
700 3311 734 3374 in
757 3332 832 3375 aere
851 3311 998 3375 existens
1019 3311 1160 3375 educere
1179 3310 1222 3373 de
1241 3309 1392 3394 potentia

241 3415 399 3478 materiae
412 3416 557 3498 speciem
575 3414 766 3498 pleniorem,
780 3415 865 3479 sicut
886 3415 992 3478 virtus
1013 3415 1176 3499 magnetis
1193 3415 1343 3479 differtur
1357 3415 1391 3478 in

240 3539 443 3603 aereusque
464 3521 508 3584 ad
531 3520 663 3598 ferrum,
687 3520 747 3584 sed
769 3518 887 3584 sortior
905 3527 956 3582 est
978 3520 1011 3583 in
1034 3517 1120 3584 ferro
1143 3539 1244 3601 quam
1262 3520 1296 3584 in
1315 3539 1390 3583 aere

241 3632 376 3708 propter
398 3624 618 3706 aptitudinem
642 3623 714 3689 serri
736 3624 904 3706 majorem.
952 3623 991 3687 In
1013 3623 1123 3688 mixto
1147 3635 1259 3689 tamen
1284 3643 1391 3705 opaco

241 3729 489 3791 concedendum
511 3739 563 3794 est
585 3727 659 3804 hoc,
681 3729 772 3811 quod
803 3729 929 3812 species
953 3726 1025 3792 sola
1054 3739 1106 3792 est
1129 3727 1205 3792 licet
1234 3737 1390 3810 appareat

241 3830 365 3896 habere
387 3830 529 3895 multum
551 3833 736 3898 decolore.
783 3833 896 3915 Hujus
918 3843 1032 3896 autem
1055 3833 1270 3914 apparentiae
1291 3851 1391 3894 causa

241 3935 368 4019 duplex
394 3948 454 4000 est.
509 3936 588 4001 Una
617 3946 668 4001 est
698 3935 876 4000 multitudo
905 3935 988 4000 lucis
1017 3936 1219 4019 penetrantis
1248 3935 1391 4014 vitrum3

242 4061 320 4104 narn
351 4040 384 4103 in
415 4040 517 4104 debili
545 4038 619 4104 luce
648 4060 715 4103 non
744 4049 883 4123 apparet
912 4041 983 4116 sic;
1022 4040 1081 4103 lux
1111 4040 1200 4104 eninr
1232 4049 1310 4104 nata
1340 4049 1393 4103 est

241 4145 396 4228 detegere
422 4143 549 4209 colores
578 4154 613 4208 et
647 4143 753 4209 sacere
785 4164 843 4209 eos
874 4165 1044 4228 apparere.
1097 4143 1177 4208 Alia
1208 4163 1307 4208 causa
1341 4155 1392 4208 est

243 4249 397 4313 debilitas
419 4249 537 4313 coloris
558 4249 663 4332 opaci,
681 4260 832 4332 respectu
858 4248 955 4314 fortis
976 4248 1095 4313 coloris
1117 4248 1192 4314 vitri
1216 4259 1250 4313 et
1272 4248 1392 4332 speciei

242 4353 315 4434 ejus
336 4363 486 4438 respectu
509 4351 602 4417 sortis
622 4353 742 4418 coloris
764 4353 884 4437 speciei
906 4353 1002 4432 vitri3
1026 4363 1060 4417 et
1083 4353 1158 4417 ideo
1189 4373 1254 4416 non
1283 4350 1391 4416 solum

243 4457 334 4521 color
354 4457 429 4521 vitri
459 4469 599 4542 apparet
629 4458 739 4522 sensui
768 4457 863 4522 sortis
886 4466 922 4520 et
944 4457 1029 4521 bene
1051 4455 1214 4521 sensibilis
1240 4467 1392 4540 respectu

244 4562 361 4626 coloris
377 4563 482 4646 opaci,
502 4563 560 4625 sed
583 4564 709 4648 species
732 4562 851 4626 coloris
867 4562 945 4626 vitri
966 4571 1079 4645 potest
1097 4561 1204 4626 sensui
1223 4581 1393 4645 apparere,

243 4667 319 4731 licet
341 4667 467 4751 species
489 4665 607 4732 coloris
632 4667 728 4750 opaci
751 4687 818 4732 non
836 4677 1008 4750 appareat.
1065 4665 1151 4731 Dico
1176 4666 1275 4751 igitur
1301 4667 1393 4749 quod
