3542 5359
376 579 437 640 226
590 578 746 638 OPERIS
770 576 958 646 MAJORIS
982 575 1097 634 PARS
1121 574 1320 634 SEPTIMA.

377 743 420 806 de
436 742 592 818 moribus,
608 753 645 806 ut
661 741 693 804 in
710 741 801 805 libris
818 739 1018 806 Salomonis.
1065 739 1227 804 Similiter
1243 739 1277 802 in
1297 737 1396 801 Novo
1412 737 1530 800 Testa-

380 858 503 922 mento,
525 846 605 910 haec
625 847 689 908 tria
709 845 943 910 tantummodo
964 845 1182 909 continentur.
1228 844 1317 907 Nam
1341 842 1443 906 homo
1466 862 1532 905 non

380 959 491 1033 potest
506 951 588 1015 alias
603 950 748 1032 recipere
763 951 1039 1033 comparationes.

209 1066 327 1114 neurim
425 1055 456 1118 N
459 1076 503 1118 on
515 1055 623 1118 solum
634 1075 712 1118 vero
722 1064 859 1137 propter
867 1054 1012 1137 primum
1021 1053 1079 1116 sed
1091 1060 1227 1135 propter
1236 1051 1348 1114 omnia
1359 1049 1532 1132 sequentia

208 1131 348 1260 0ἱέξὲζο
381 1179 514 1223 neccsse
531 1169 582 1222 est
598 1159 689 1241 quod
706 1158 864 1241 principia
880 1157 978 1239 hujus
993 1156 1148 1220 scientiae
1163 1157 1195 1218 in
1214 1155 1376 1236 principio
1391 1174 1531 1237 praepo·

209 1328 217 1375 1
239 1262 360 1376 ⁰¹²erhi'
381 1275 506 1339 nantur,
518 1284 578 1345 per
589 1283 675 1345 quae
687 1271 816 1326 caetera
828 1261 1047 1326 verificantur.
1087 1260 1217 1324 Horum
1229 1271 1340 1322 autem
1351 1258 1531 1342 principio-

219 1343 281 1391 ΜΡ
300 1344 322 1390 y'
379 1388 451 1431 rum
468 1367 632 1449 quaedam
650 1378 727 1430 sunt
744 1387 833 1430 mere
849 1367 1010 1450 principia
1025 1376 1060 1429 et
1074 1365 1182 1427 solum
1200 1363 1428 1446 metaphysice
1453 1373 1532 1425 nata

378 1482 454 1536 sunt
469 1471 640 1535 declarari.
686 1470 764 1534 Alia
780 1471 857 1534 licet
873 1472 939 1535 sint
958 1470 1128 1552 principia,
1144 1479 1295 1552 respectu
1311 1467 1532 1548 sequentium,

377 1587 490 1639 tamen
509 1574 561 1638 vel
584 1586 661 1638 sunt
682 1577 809 1657 primae
831 1574 1058 1639 conclusiones
1080 1573 1178 1655 hujus
1201 1574 1366 1648 scientiae,
1381 1570 1432 1634 vel
1457 1571 1532 1634 licet

378 1680 492 1762 aliquo
527 1680 678 1762 principii
708 1681 854 1763 gaudent
893 1680 1075 1763 privilegio,
1105 1689 1219 1742 tamen
1249 1688 1387 1760 propter
1416 1696 1531 1740 eorum

377 1785 560 1848 maximam
573 1783 814 1861 difficultatem,
827 1793 860 1846 et
875 1785 954 1864 quia
969 1783 1017 1847 eis
1034 1784 1140 1848 minus
1155 1778 1418 1856 contradicitur¹,
1430 1792 1532 1865 atque

376 1897 514 1972 propter
535 1887 754 1951 excellentem
782 1887 960 1952 utilitatem
989 1898 1141 1970 respectu
1166 1887 1385 1969 sequentium,
1404 1886 1532 1948 debent

378 1991 577 2054 sufficienter
596 1991 745 2055 stabiliri.
790 1990 983 2057 Secundum
1000 1993 1090 2074 quod
1106 1989 1306 2055 Aristoteles
1321 1991 1354 2053 in
1369 1990 1532 2072 principio

377 2095 536 2159 naturalis
551 2095 780 2179 philosophiae
796 2096 916 2179 probat
931 2097 1075 2180 primum
1098 2095 1295 2178 principium
1312 2095 1406 2159 istius
1427 2095 1532 2158 scien·

377 2201 453 2275 tiae,
469 2199 593 2264 scilicet
607 2202 699 2282 quod
717 2211 828 2264 motus
844 2212 896 2265 est
912 2213 1029 2265 contra
1044 2221 1102 2265 eos
1121 2200 1178 2283 qui
1197 2211 1378 2284 posuerunt
1399 2209 1531 2263 tantum

377 2323 481 2368 unum
505 2324 577 2368 esse
600 2303 773 2367 immobile
784 2301 805 2367 ².
851 2303 1031 2369 Sciendum
1055 2315 1168 2370 autem
1190 2306 1280 2388 quod
1297 2304 1531 2386 Metaphysica

377 2418 410 2470 et
432 2407 569 2472 Moralis
587 2407 801 2491 Philosophia
820 2409 967 2473 maxime
984 2410 1203 2485 conveniunt,
1227 2429 1305 2472 narn
1331 2418 1471 2490 utraque
1488 2410 1532 2471 de

380 2511 455 2575 Deo
474 2512 664 2594 negotiatur
681 2522 714 2576 et
731 2513 858 2595 angelis
873 2524 907 2577 et
923 2514 992 2578 vita
1006 2525 1141 2578 aeterna
1157 2525 1191 2578 et
1206 2513 1397 2596 hujusmodi
1413 2514 1531 2577 verita·

378 2617 468 2679 tibus
478 2615 501 2696 ³,
515 2616 593 2680 licet
615 2617 847 2681 diversimode.
894 2619 983 2683 Nam
1007 2619 1243 2702 Metaphysica
1262 2638 1322 2700 per
1343 2617 1530 2684 communia

377 2719 526 2786 omniurn
553 2721 763 2787 scientiarum
788 2722 964 2806 investigat
989 2726 1122 2808 propria
1148 2724 1384 2807 metaphysice,
1411 2733 1445 2786 et
1470 2742 1531 2804 per

377 2825 561 2906 corporalia
584 2825 761 2908 investigat
783 2829 985 2908 spiritualia:
1010 2840 1044 2892 et
1066 2850 1125 2911 per
1145 2838 1255 2892 creata
1277 2829 1399 2910 reperit
1423 2826 1527 2891 Crea-

377 2939 494 3008 torem,
514 2938 547 2992 et
570 2949 630 3012 per
651 2931 756 2994 vitam
776 2942 984 3013 praesentem
1005 2933 1195 3015 negotiatur
1216 2934 1302 2996 circa
1319 2932 1474 3009 futuram,
1494 2940 1529 2994 et

378 3031 484 3096 multa
522 3033 737 3113 praeambula
774 3035 816 3099 ad
854 3036 1014 3100 moralem
1052 3036 1298 3120 philosophiam
1329 3034 1524 3119 praemittit.

378 3133 475 3216 Quae
504 3135 763 3218 Metaphysica⁴
789 3150 926 3220 propter
952 3141 1123 3204 scientiam
1148 3141 1275 3204 civilem
1302 3140 1471 3224 perquirit,
1492 3149 1531 3203 ut

378 3240 559 3302 secundum
590 3241 680 3322 quod
707 3241 761 3323 jus
791 3252 842 3305 est
872 3244 1102 3326 conjungentis
1127 3245 1212 3308 hanc
1246 3244 1416 3309 scientiam
1450 3262 1528 3305 cum

379 3340 631 3424 Metaphysica;
650 3356 814 3426 quatenus
829 3347 883 3409 hic
899 3359 1129 3431 supponantur
1143 3369 1229 3431 quae
1244 3350 1278 3412 in
1295 3348 1527 3429 Metaphysica

377 3443 502 3509 habent
525 3445 691 3526 declarari,
707 3468 747 3511 ne
770 3450 924 3514 scientias
943 3453 1090 3516 diversas
1107 3455 1151 3516 ad
1169 3453 1309 3516 invicem
1327 3449 1529 3516 confundam

378 3548 505 3631 siquae
521 3551 655 3634 propria
669 3562 747 3614 sunt
764 3552 1018 3638 Metaphysicae
1033 3556 1086 3620 hic
1102 3556 1274 3620 intendam
1289 3555 1439 3636 probare

209 3662 320 3740 Primary
423 3652 510 3718 Dico
527 3653 628 3737 igitur
644 3658 733 3738 quod
751 3658 861 3721 Deum
877 3680 951 3724 esse
966 3671 1097 3743 oportet
1115 3661 1200 3723 sicut
1214 3660 1261 3724 ibi
1273 3659 1374 3723 debet
1385 3659 1531 3722 ostendi:

207 3727 343 3793 principles
1054 3765 1062 3778 ‚
1284 3764 1291 3778 ,
1523 3762 1530 3775 ,

208 3792 364 3844 established
378 3757 524 3820 secundo
554 3761 644 3840 quod
677 3761 788 3824 Deum
818 3783 890 3826 esse
921 3765 1115 3828 naturaliter
1137 3775 1347 3847 cognoscitur
1371 3763 1416 3826 ab
1439 3783 1531 3827 omni

207 3860 332 3990 migr
411 3898 419 3928 ¹
436 3901 492 3950 The
509 3917 586 3951 sense
603 3919 689 3953 seems
705 3911 732 3954 to
750 3907 868 3968 demand,
883 3913 913 3954 ut
927 3909 962 3956 eis
979 3908 1066 3956 neritus
1082 3908 1269 3957 eontmdicansr.
1302 3907 1373 3965 This,
1390 3908 1416 3955 in
1434 3907 1493 3964 lact,
1510 3908 1534 3956 is

378 3979 487 4029 Bacon’s
508 3982 644 4045 meaning:
668 3985 741 4033 there
761 3985 790 4045 is,
806 4001 837 4033 or
853 3987 906 4034 will
926 3987 958 4034 be
977 3988 1029 4035 less
1048 3988 1243 4049 contradiction,
1261 3986 1284 4034 it*
1300 3987 1345 4034 the
1364 3985 1490 4048 principle
1512 3987 1534 4034 is

377 4061 578 4110 demonstrated.

409 4136 419 4164 ²
435 4137 491 4186 Tne
509 4153 618 4202 passage
636 4139 750 4190 referred
768 4148 795 4189 to
812 4142 834 4191 is
852 4143 978 4209 probably
989 4143 1048 4192 Nat.
1062 4143 1181 4193 Auserat.
1194 4144 1210 4190 i.
1222 4159 1279 4205 cap.
1289 4158 1315 4202 a,
1328 4145 1367 4204 §3
1385 4140 1415 4188 τὸ
1431 4141 1477 4200 μὲν
1488 4139 1533 4190 οὖν

377 4215 398 4262 el
409 4214 436 4264 lv
447 4216 487 4264 aul
498 4217 611 4278 ἀκίνητον
622 4217 652 4266 τὸ
667 4217 697 4266 ὃν
707 4221 811 4268 σκοπεῖν
821 4221 850 4270 οὐ
865 4222 918 4285 arpi
929 4220 1025 4284 φύσεώς
1039 4222 1093 4270 ἔστι
1107 4222 1216 4282 σκοπεῖν,
1227 4229 1254 4270 et
1269 4237 1323 4283 seq.
1359 4221 1402 4269 He
1418 4237 1482 4281 goes
1497 4238 1534 4269 on

377 4302 405 4342 to
416 4295 491 4343 show
503 4296 558 4344 that
569 4297 642 4346 since
657 4295 729 4358 φύσις
740 4299 763 4347 is
773 4298 839 4361 ἀρχὴ
854 4300 978 4360 κινήσεως,
994 4303 1040 4350 the
1050 4302 1129 4363 study
1141 4301 1171 4349 of
1180 4302 1225 4350 the
1240 4317 1292 4348 one
1308 4301 1358 4348 aud
1370 4299 1533 4359 immovable,

377 4374 427 4421 and
441 4375 484 4422 the
497 4375 575 4436 stndy
587 4376 617 4423 ol
624 4377 729 4437 motion,
742 4393 787 4426 are
800 4380 899 4440 wholly
911 4380 1017 4428 distinct
1027 4381 1078 4428 and
1092 4381 1221 4442 disparate
1234 4380 1366 4442 inquiries

409 4451 419 4478 ⁸
435 4452 581 4513 hujusmodi
590 4455 684 4512 multis,
697 4454 730 4505 Ο.

410 4529 419 4557 “
437 4529 519 4591 lgive
537 4533 581 4580 the
599 4534 708 4594 reading
725 4533 754 4581 ol
764 4533 817 4584 Ma
835 4533 865 4584 0.
879 4535 934 4593 bas,
947 4537 1033 4584 ‘unde
1050 4536 1163 4586 recitabo
1179 4537 1261 4586 solum
1278 4537 1321 4585 hic
1332 4552 1399 4598 quae
1411 4537 1437 4584 in
1451 4535 1536 4585 bleta-

379 4607 493 4668 physicis
505 4609 601 4658 habent
613 4611 736 4660 declarari
750 4628 835 4673 neque
847 4614 968 4662 scientias
979 4615 1097 4663 diversas
1107 4615 1142 4663 ad
1153 4616 1262 4663 inuicem
1274 4615 1447 4664 confundam?
