3542 5359
333 581 662 642 PERSPECTIVAE
687 583 801 642 PARS
831 584 1054 644 SECUNDA:
1088 587 1199 646 DIST.
1226 588 1286 646 III.
1329 603 1387 662 129

231 739 339 805 varias
358 751 511 806 texturas
533 743 762 825 geometricas,
777 751 815 805 ut
838 763 972 806 muscae
994 743 1203 808 involvantur
1224 745 1268 810 de
1289 745 1386 809 sacili.

233 843 281 909 Et
311 845 408 928 lupus
438 847 575 909 devorat
602 856 721 910 terram
750 855 786 910 ut
813 846 856 910 sit
885 847 1103 930 ponderosior
1133 852 1268 932 quando
1298 850 1386 934 capit

232 968 355 1032 equum
385 949 437 1013 vel
469 959 599 1013 taurum
629 950 682 1013 vel
711 970 843 1015 cervum
875 970 933 1034 per
971 973 1074 1031 nares,
1104 962 1141 1017 ut
1170 955 1203 1018 vi
1232 954 1387 1037 ponderis

233 1055 396 1117 terrestris
411 1055 538 1119 facilius
556 1055 722 1138 deprimat
738 1054 857 1119 animal
873 1065 975 1139 atque
990 1057 1147 1123 detineat.
1190 1057 1308 1140 Atque
1319 1059 1387 1122 vidi

234 1156 430 1242 murilegum
460 1159 517 1242 qui
547 1160 745 1224 desideravit
775 1161 882 1242 pisces
913 1169 1065 1225 natantes
1094 1162 1129 1224 in
1161 1182 1284 1246 magno
1308 1183 1388 1226 vase

235 1261 376 1342 lapideo,
394 1272 520 1328 etcum
539 1284 605 1327 non
625 1265 734 1347 potuit
755 1275 891 1348 propter
910 1285 1032 1347 aquam
1055 1265 1303 1348 deprehendere
1320 1287 1387 1344 eos,

234 1367 400 1431 abstraxit
420 1367 630 1451 clepsydram
646 1379 680 1433 et
695 1369 835 1433 deduxit
857 1389 979 1452 aquam
995 1371 1102 1433 donec
1116 1391 1175 1434 vas
1190 1370 1387 1449 siccabatur,

235 1477 273 1530 ut
294 1468 327 1528 in
347 1468 434 1532 sicco
452 1470 558 1551 pisces
579 1480 721 1551 caperet.
771 1469 868 1534 Plura
886 1490 968 1553 ergo
986 1489 1087 1554 opera
1106 1470 1161 1535 hic
1180 1471 1332 1553 concepit
1350 1480 1388 1535 ut

235 1569 335 1634 finem
359 1572 522 1636 intentum
547 1572 694 1638 haberet.
740 1573 787 1638 Et
809 1574 883 1657 apis
907 1573 985 1638 lacit
1008 1594 1125 1638 omnes
1146 1575 1265 1638 domos
1284 1574 1389 1638 hexa-

235 1695 349 1758 gonas,
365 1676 491 1761 eligens
512 1698 611 1741 unam
634 1679 677 1742 de
692 1677 804 1760 figuris
825 1677 1030 1760 replentibus
1051 1677 1160 1742 locum
1182 1699 1224 1743 ne
1243 1681 1389 1762 spatium

235 1800 374 1844 vacuum
403 1780 490 1846 inter
515 1782 633 1846 domos
661 1783 881 1865 relinquatur3
909 1791 943 1845 et
970 1802 1037 1845 non
1058 1783 1131 1846 vult
1156 1784 1301 1867 spatium
1324 1784 1389 1847 hoc

235 1905 277 1947 ne
307 1883 405 1950 mella
431 1885 482 1949 vel
510 1885 591 1967 pulli
618 1887 739 1950 cadant
768 1897 864 1950 extra
891 1907 971 1950 vasa
1000 1897 1035 1951 et
1062 1897 1206 1969 pereant.
1252 1887 1390 1970 Propter

235 2010 314 2072 ergo
330 1990 418 2053 hunc
442 1989 541 2053 finem
563 1991 621 2073 qui
640 1990 842 2054 assimilatur
861 1990 1064 2054 conclusioni
1087 1992 1193 2055 multa
1215 1991 1342 2074 colligit
1358 1993 1391 2055 in

234 2109 295 2154 sua
325 2090 527 2172 cogitatione
557 2111 643 2173 quae
672 2090 860 2174 praemissis
890 2090 1081 2155 similantur.
1127 2091 1173 2155 Et
1197 2091 1244 2155 sic
1270 2102 1320 2155 est
1348 2093 1392 2155 de

236 2192 382 2272 infinitis
398 2194 430 2257 in
449 2195 569 2277 quibus
588 2194 686 2260 bruta
707 2194 865 2259 animalia
880 2195 1030 2277 cogitant
1046 2194 1151 2258 multa
1166 2216 1225 2279 per
1239 2195 1390 2259 ordinem

238 2309 387 2381 respectu
412 2300 506 2362 unius
527 2300 572 2363 rei
595 2320 697 2381 quam
720 2299 910 2376 intendunt,
932 2319 971 2362 ac
993 2301 1020 2363 si
1042 2309 1218 2384 arguerent
1241 2301 1330 2384 apud
1355 2320 1392 2364 se

237 2400 481 2467 conclusionem
499 2423 542 2466 ex
559 2403 756 2485 praemissis.
802 2402 870 2469 Sed
892 2403 1067 2466 decursum
1083 2425 1163 2467 suae
1178 2403 1391 2487 cogitationis

237 2527 302 2570 non
336 2507 519 2588 disponunt
557 2509 590 2570 in
630 2507 732 2571 modo
766 2516 800 2571 et
833 2505 951 2589 figura,
983 2527 1042 2570 nec
1075 2527 1119 2570 ex
1150 2507 1392 2572 deliberatione

237 2609 447 2696 distinguunt
471 2609 587 2677 ultima
613 2633 633 2675 a
655 2612 780 2696 primis.
835 2611 909 2676 Nec
932 2611 1117 2694 percipiunt
1140 2633 1175 2676 se
1197 2611 1392 2695 hujusmodi
1428 2619 1431 2623 ’

236 2715 419 2780 discursum
435 2713 548 2794 iacere,
565 2718 643 2798 quia
659 2737 702 2779 ex
718 2714 789 2779 solo
811 2716 931 2779 intuitu
954 2724 989 2778 et
1012 2715 1168 2779 instinctu
1190 2717 1329 2779 naturali
1344 2717 1391 2782 sic

236 2819 380 2885 decurrit
391 2820 550 2905 cogitatio
561 2841 684 2884 eorum.
714 2820 759 2883 Et
771 2819 825 2882 hic
837 2821 994 2884 decursus
1005 2827 1056 2882 est
1067 2819 1183 2882 similis
1194 2829 1392 2901 argumento

238 2935 273 2988 et
282 2924 486 3007 syllogismo,
496 2934 530 2988 et
541 2925 615 2988 ideo
627 2932 779 2988 auctores
790 2923 1019 3006 Perspectivae
1030 2931 1149 2987 vocant
1158 2933 1391 3004 argumentum

238 3038 273 3093 et
294 3027 537 3112 syllogismum.
583 3028 630 3093 Et
652 3039 741 3093 certe
760 3029 866 3110 magis
889 3027 1021 3109 proprie
1043 3025 1129 3089 hanc
1151 3027 1390 3108 cogitationem

238 3142 360 3197 vocant
399 3132 646 3216 syllogisticam,
679 3153 779 3215 quam
817 3131 1062 3195 distinctionem
1092 3128 1325 3194 universalium
1357 3141 1391 3194 et

238 3236 484 3322 particularium
499 3237 588 3320 prius
596 3237 739 3300 visorum
751 3246 873 3300 vocant
886 3236 1108 3320 cognitionem
1119 3255 1177 3319 per
1188 3235 1361 3300 scientiam
1368 3233 1391 3300 ¹.

272 3416 281 3445 ¹
301 3416 323 3464 lt
340 3415 394 3464 will
410 3415 444 3464 be
461 3430 525 3463 seen
544 3416 600 3465 that
620 3430 655 3464 no
675 3423 784 3477 attempt
807 3415 830 3463 is
849 3415 924 3463 made
941 3415 967 3462 in
985 3415 1038 3463 this
1059 3429 1169 3476 passage
1191 3421 1219 3462 to
1236 3414 1392 3476 distinguish

240 3495 361 3542 between
384 3491 533 3540 instinctive
561 3506 697 3554 proeesse}
718 3491 769 3538 like
791 3489 980 3550 nest-building
1001 3505 1033 3538 or
1054 3489 1247 3550 bive-building‚
1272 3491 1323 3538 and
1345 3491 1391 3539 the

239 3566 391 3615 intentional
403 3565 551 3627 adaptation
563 3564 593 3613 oi
600 3579 690 3612 means
702 3571 729 3613 to
741 3565 806 3613 ends
819 3563 849 3612 os
855 3563 944 3613 which
956 3563 1043 3612 Bacon
1057 3563 1130 3624 gives
1141 3563 1242 3612 several
1251 3564 1391 3612 instances.

238 3641 280 3692 Cf.
292 3641 337 3690 the
348 3641 503 3690 nineteenth
515 3641 624 3703 chapter
635 3639 665 3689 os
674 3637 813 3689 Romanes'
825 3639 900 3688 rvork
911 3652 945 3688 on
957 3638 1056 3687 Mmtal
1064 3637 1199 3687 Evolutron
1210 3637 1236 3685 in
1248 3637 1378 3688 ananau.
