3542 5359
392 618 452 678 542
654 599 991 659 MULTIPLICATIO
1016 598 1270 657 SPECIERUM.

392 784 458 827 non
478 775 618 847 possunt
639 784 660 828 a
677 774 729 827 tot
748 764 898 847 partibus
920 762 1080 847 portionis
1103 762 1231 844 agentis
1245 761 1361 825 venire
1381 762 1469 825 sicut
1491 762 1543 833 illi,

392 870 450 949 qui
474 878 552 932 sunt
575 869 619 932 de
642 868 883 952 compositione
913 868 1125 949 pyramidum
1152 886 1294 950 quarum
1321 866 1396 930 coni
1422 868 1544 931 cadunt

394 972 479 1037 infra
503 973 628 1036 dictam
658 973 931 1047 intersectionem,
956 982 993 1035 ut
1023 980 1117 1055 patet
1148 971 1181 1035 in
1211 969 1317 1052 figura
1347 970 1543 1053 subscripta.

394 2344 492 2408 Radii
513 2344 600 2406 enim
619 2344 652 2406 in
673 2344 914 2427 compositione
930 2346 1111 2427 pyramidis
1127 2346 1146 2409 b
1161 2368 1182 2409 a
1197 2365 1214 2407 e
1227 2346 1253 2408 d
1265 2344 1402 2408 veniunt
1419 2345 1464 2407 ab
1480 2366 1498 2407 e
1514 2352 1546 2407 et

391 2471 413 2512 a
434 2458 468 2511 et
490 2448 509 2511 b
531 2459 564 2512 et
587 2450 740 2512 omnibus
763 2450 895 2532 punctis
918 2450 1081 2532 portionis
1103 2450 1122 2513 b
1144 2472 1166 2512 a
1187 2470 1212 2511 e.
1258 2447 1327 2513 Sed
1350 2448 1432 2511 radii
1455 2469 1548 2513 com·

392 2563 553 2637 ponentes
572 2554 779 2636 pyramidem
795 2554 814 2617 b
835 2575 857 2616 a
875 2575 901 2628 c,
918 2575 984 2617 non
1008 2565 1149 2637 possunt
1164 2554 1273 2617 venire
1289 2574 1309 2615 a
1330 2562 1382 2617 tot
1404 2555 1548 2636 punctis.

394 2657 483 2720 Nam
501 2678 577 2721 cum
597 2680 614 2721 e
631 2679 649 2720 o
669 2658 755 2720 linea
772 2658 937 2741 contingit
960 2658 1118 2723 circulum
1137 2679 1202 2722 non
1223 2657 1345 2740 poturit
1366 2678 1384 2720 a
1404 2659 1549 2722 termino

393 2782 463 2840 suo,
485 2761 543 2845 qui
566 2773 662 2842 este,
685 2762 750 2826 alia
773 2761 860 2825 linea
881 2762 958 2827 duci
982 2764 1066 2827 inter
1088 2784 1161 2826 eam
1185 2772 1219 2825 et
1242 2762 1551 2839 circumferentiam,

946 2890 1005 2951 per
1022 2869 1187 2931 decimam
1209 2876 1342 2930 sextam
1362 2867 1452 2930 tertii
1475 2866 1552 2930 Ele-

946 2984 1133 3036 mentorum
1170 2972 1327 3047 Euclidis,
1360 2980 1395 3034 et
1430 2972 1552 3035 eadem

945 3078 1073 3141 ratione
1106 3076 1197 3139 nulla
1226 3076 1436 3156 intercipitur
1466 3077 1553 3139 iuter

946 3182 1010 3263 bg
1030 3180 1150 3244 lineam
1176 3188 1211 3244 et
1238 3178 1553 3253 circumferentiam,

946 3296 983 3349 ut
1006 3293 1105 3349 exeat
1127 3284 1170 3347 ab
1193 3284 1266 3367 ipso
1288 3284 1315 3347 b.

990 3388 1147 3455 Similiter
1172 3388 1239 3453 alio
1268 3388 1369 3451 modo
1399 3388 1555 3451 conside-

944 3496 1084 3557 randum
1100 3494 1191 3576 quod
1208 3513 1327 3574 corpus
1342 3492 1556 3575 sphaericum

944 3599 1035 3662 aliud
1044 3598 1212 3680 objectum
1221 3597 1283 3661 sibi
1294 3596 1412 3659 fortius
1423 3596 1556 3671 alterat,

945 3712 979 3767 et
994 3702 1085 3767 aliud
1102 3703 1218 3775 minus,
1235 3712 1274 3767 ut
1288 3702 1390 3765 docet
1402 3688 1557 3781 Jacobus
1670 3690 1671 3695 ’

945 3805 1094 3870 Alkindi.
1154 3806 1242 3870 Nam
1288 3825 1407 3887 corpus
1454 3802 1558 3867 lumi·

945 3931 1063 3975 nosum
1079 3910 1121 3975 sit
1137 3932 1158 3973 a
1174 3907 1290 3987 bc¹,a
1310 3917 1433 3992 puncto
1451 3908 1560 3988 igitur

944 4036 967 4077 a
996 4015 1200 4078 illuminatur
1231 4022 1340 4077 totum
1370 4012 1393 4075 lt
1423 4022 1446 4093 t,
1472 4014 1562 4095 quia

945 4129 1053 4183 totum
1069 4118 1308 4181 illuminatura
1325 4126 1451 4199 puncto
1466 4136 1562 4199 quo-

395 4223 484 4299 libet,
514 4226 557 4289 ad
586 4225 675 4305 quod
707 4232 845 4305 possunt
879 4224 955 4285 duci
987 4224 1094 4287 lineae
1127 4232 1267 4286 rectae..
1297 4221 1390 4302 Ergo
1424 4230 1459 4284 et
1484 4222 1519 4303 s
1529 4242 1566 4305 g

395 4327 633 4392 illuminabitur
647 4327 691 4389 ab
706 4327 779 4409 ipso
795 4327 821 4389 b.
870 4326 955 4389 Item
971 4328 1013 4389 ab
1031 4328 1102 4410 ipso
1116 4347 1134 4389 c
1149 4336 1259 4390 totum
1267 4326 1298 4407 f
1306 4324 1321 4386 l
1334 4322 1563 4399 illuminatur,

395 4442 524 4515 ergoet
541 4433 573 4515 s
585 4451 621 4512 g,
636 4452 739 4514 quare
759 4440 867 4494 atota
888 4430 1041 4514 portione
1055 4430 1074 4493 b
1089 4452 1142 4492 ac
1162 4428 1365 4492 illuminatur
1378 4428 1409 4510 j
1420 4447 1470 4509 g3
1493 4431 1561 4493 sed

427 4586 436 4614 ¹
453 4586 509 4633 The
522 4586 667 4633 references
679 4591 707 4632 to
719 4584 771 4632 this
783 4584 897 4645 diagrsm
915 4584 942 4631 in
958 4582 1048 4643 Jebb's
1059 4590 1115 4631 text
1130 4582 1234 4631 contain
1249 4580 1349 4629 several
1365 4594 1455 4631 errors
1465 4582 1563 4632 which

395 4663 470 4710 make
483 4663 526 4710 the
538 4678 645 4723 passage
656 4662 851 4723 unintelligible.
