<?xml version="1.0" encoding="UTF-8"?>
<!DOCTYPE html PUBLIC "-//W3C//DTD XHTML 1.0 Transitional//EN"
    "http://www.w3.org/TR/xhtml1/DTD/xhtml1-transitional.dtd">
<html xmlns="http://www.w3.org/1999/xhtml" xml:lang="en" lang="en">
 <head>
  <title>
</title>
<meta http-equiv="Content-Type" content="text/html;charset=utf-8" />
  <meta name='ocr-system' content='tesseract 3.04.00' />
  <meta name='ocr-capabilities' content='ocr_page ocr_carea ocr_par ocr_line ocrx_word'/>
</head>
<body>
  <div class='ocr_page' id='page_1' title='image "./opusmajusrogerb02bridgoog/opusmajusrogerb02bridgoog_0446.png"; bbox 0 0 3542 5359; ppageno 0'>
   <div class='ocr_carea' id='block_1_1' title="bbox 563 639 1396 718">
    <p class='ocr_par' dir='ltr' id='par_1_1' title="bbox 563 639 1396 718">
     <span class='ocr_line' id='line_1_1' title="bbox 563 639 1396 718; baseline 0.002 -20"><span class='ocrx_word' id='word_1_1' title='bbox 563 639 677 701; x_wconf 66' lang='lat' dir='ltr'>anns</span> <span class='ocrx_word' id='word_1_2' title='bbox 702 639 865 698; x_wconf 67' lang='lat' dir='ltr'>aurun.-</span> <span class='ocrx_word' id='word_1_3' title='bbox 893 640 981 698; x_wconf 75' lang='lat' dir='ltr'>cnr.</span> <span class='ocrx_word' id='word_1_4' title='bbox 1007 639 1050 699; x_wconf 84' lang='lat' dir='ltr'>rr.</span> <span class='ocrx_word' id='word_1_5' title='bbox 1336 657 1396 718; x_wconf 73' lang='lat'>427</span> 
     </span>
    </p>
   </div>
   <div class='ocr_carea' id='block_1_2' title="bbox 235 802 1536 3498">
    <p class='ocr_par' dir='ltr' id='par_1_2' title="bbox 242 802 1397 2037">
     <span class='ocr_line' id='line_1_2' title="bbox 246 802 1397 888; baseline 0.003 -24"><span class='ocrx_word' id='word_1_6' title='bbox 246 802 348 885; x_wconf 90' lang='lat' dir='ltr'>ipsius</span> <span class='ocrx_word' id='word_1_7' title='bbox 367 803 540 886; x_wconf 90' lang='lat' dir='ltr'>perspicui,</span> <span class='ocrx_word' id='word_1_8' title='bbox 557 824 624 869; x_wconf 91' lang='lat' dir='ltr'>non</span> <span class='ocrx_word' id='word_1_9' title='bbox 649 805 846 887; x_wconf 86' lang='lat' dir='ltr'>percipimus</span> <span class='ocrx_word' id='word_1_10' title='bbox 864 804 973 888; x_wconf 91' lang='lat' dir='ltr'>ipsum</span> <span class='ocrx_word' id='word_1_11' title='bbox 992 804 1221 888; x_wconf 84' lang='lat' dir='ltr'>perspicuum3</span> <span class='ocrx_word' id='word_1_12' title='bbox 1244 803 1397 868; x_wconf 89' lang='lat' dir='ltr'>similiter</span> 
     </span>
     <span class='ocr_line' id='line_1_3' title="bbox 246 908 1395 991; baseline 0.003 -21"><span class='ocrx_word' id='word_1_13' title='bbox 246 927 306 970; x_wconf 90' lang='lat' dir='ltr'>nec</span> <span class='ocrx_word' id='word_1_14' title='bbox 322 909 471 987; x_wconf 91' lang='lat' dir='ltr'>densum,</span> <span class='ocrx_word' id='word_1_15' title='bbox 486 908 547 973; x_wconf 93' lang='lat' dir='ltr'>nisi</span> <span class='ocrx_word' id='word_1_16' title='bbox 562 909 642 991; x_wconf 91' lang='lat' dir='ltr'>quia</span> <span class='ocrx_word' id='word_1_17' title='bbox 658 910 742 973; x_wconf 88' lang='lat' dir='ltr'>inter</span> <span class='ocrx_word' id='word_1_18' title='bbox 757 929 818 972; x_wconf 93' lang='lat' dir='ltr'>nos</span> <span class='ocrx_word' id='word_1_19' title='bbox 833 917 868 972; x_wconf 89' lang='lat' dir='ltr'>et</span> <span class='ocrx_word' id='word_1_20' title='bbox 883 911 993 990; x_wconf 86' lang='lat' dir='ltr'>ipsum</span> <span class='ocrx_word' id='word_1_21' title='bbox 1009 919 1060 972; x_wconf 91' lang='lat' dir='ltr'>est</span> <span class='ocrx_word' id='word_1_22' title='bbox 1080 909 1290 991; x_wconf 92' lang='lat' dir='ltr'>perspicuum</span> <span class='ocrx_word' id='word_1_23' title='bbox 1305 933 1313 984; x_wconf 83' lang='lat'><em>3</em></span> <span class='ocrx_word' id='word_1_24' title='bbox 1336 929 1395 973; x_wconf 88' lang='lat' dir='ltr'>nec</span> 
     </span>
     <span class='ocr_line' id='line_1_4' title="bbox 245 1012 1395 1096; baseline 0.002 -23"><span class='ocrx_word' id='word_1_25' title='bbox 245 1031 366 1093; x_wconf 91' lang='lat' dir='ltr'>corpus</span> <span class='ocrx_word' id='word_1_26' title='bbox 388 1024 421 1076; x_wconf 91' lang='lat' dir='ltr'>et</span> <span class='ocrx_word' id='word_1_27' title='bbox 443 1012 583 1096; x_wconf 88' lang='lat' dir='ltr'>figuram</span> <span class='ocrx_word' id='word_1_28' title='bbox 609 1024 643 1077; x_wconf 93' lang='lat' dir='ltr'>et</span> <span class='ocrx_word' id='word_1_29' title='bbox 665 1023 796 1077; x_wconf 91' lang='lat' dir='ltr'>caetera</span> <span class='ocrx_word' id='word_1_30' title='bbox 822 1013 1032 1096; x_wconf 86' lang='lat' dir='ltr'>percipimus,</span> <span class='ocrx_word' id='word_1_31' title='bbox 1050 1013 1112 1078; x_wconf 92' lang='lat' dir='ltr'>nisi</span> <span class='ocrx_word' id='word_1_32' title='bbox 1135 1014 1269 1094; x_wconf 89' lang='lat' dir='ltr'>quando</span> <span class='ocrx_word' id='word_1_33' title='bbox 1293 1014 1395 1095; x_wconf 93' lang='lat' dir='ltr'>perci-</span> 
     </span>
     <span class='ocr_line' id='line_1_5' title="bbox 245 1115 1394 1200; baseline 0.003 -23"><span class='ocrx_word' id='word_1_34' title='bbox 245 1117 354 1196; x_wconf 88' lang='lat' dir='ltr'>pimus</span> <span class='ocrx_word' id='word_1_35' title='bbox 369 1117 517 1181; x_wconf 92' lang='lat' dir='ltr'>densum.</span> <span class='ocrx_word' id='word_1_36' title='bbox 562 1115 631 1182; x_wconf 91' lang='lat' dir='ltr'>Sed</span> <span class='ocrx_word' id='word_1_37' title='bbox 646 1128 758 1182; x_wconf 93' lang='lat' dir='ltr'>tamen</span> <span class='ocrx_word' id='word_1_38' title='bbox 775 1118 986 1200; x_wconf 90' lang='lat' dir='ltr'>perspicuum</span> <span class='ocrx_word' id='word_1_39' title='bbox 1002 1118 1074 1180; x_wconf 87' lang='lat' dir='ltr'>sine</span> <span class='ocrx_word' id='word_1_40' title='bbox 1087 1117 1191 1180; x_wconf 90' lang='lat' dir='ltr'>denso</span> <span class='ocrx_word' id='word_1_41' title='bbox 1206 1125 1240 1180; x_wconf 90' lang='lat' dir='ltr'>et</span> <span class='ocrx_word' id='word_1_42' title='bbox 1254 1117 1394 1181; x_wconf 90' lang='lat' dir='ltr'>densum</span> 
     </span>
     <span class='ocr_line' id='line_1_6' title="bbox 244 1219 1394 1304; baseline 0.002 -23"><span class='ocrx_word' id='word_1_43' title='bbox 244 1219 313 1283; x_wconf 90' lang='lat' dir='ltr'>sine</span> <span class='ocrx_word' id='word_1_44' title='bbox 332 1221 506 1304; x_wconf 91' lang='lat' dir='ltr'>perspicuo</span> <span class='ocrx_word' id='word_1_45' title='bbox 526 1221 650 1287; x_wconf 91' lang='lat' dir='ltr'>habent</span> <span class='ocrx_word' id='word_1_46' title='bbox 668 1243 741 1285; x_wconf 87' lang='lat' dir='ltr'>esse</span> <span class='ocrx_word' id='word_1_47' title='bbox 759 1222 908 1285; x_wconf 87' lang='lat' dir='ltr'>naturale</span> <span class='ocrx_word' id='word_1_48' title='bbox 928 1232 963 1286; x_wconf 91' lang='lat' dir='ltr'>et</span> <span class='ocrx_word' id='word_1_49' title='bbox 980 1241 1056 1285; x_wconf 90' lang='lat' dir='ltr'>vere</span> <span class='ocrx_word' id='word_1_50' title='bbox 1076 1241 1170 1298; x_wconf 89' lang='lat' dir='ltr'>esse;</span> <span class='ocrx_word' id='word_1_51' title='bbox 1192 1241 1293 1303; x_wconf 89' lang='lat' dir='ltr'>quare</span> <span class='ocrx_word' id='word_1_52' title='bbox 1307 1222 1334 1284; x_wconf 90' lang='lat' dir='ltr'>si</span> <span class='ocrx_word' id='word_1_53' title='bbox 1350 1243 1394 1285; x_wconf 87' lang='lat' dir='ltr'>ex</span> 
     </span>
     <span class='ocr_line' id='line_1_7' title="bbox 245 1325 1395 1407; baseline 0.003 -23"><span class='ocrx_word' id='word_1_54' title='bbox 245 1335 364 1387; x_wconf 91' lang='lat' dir='ltr'>natura</span> <span class='ocrx_word' id='word_1_55' title='bbox 382 1347 441 1390; x_wconf 93' lang='lat' dir='ltr'>sua</span> <span class='ocrx_word' id='word_1_56' title='bbox 460 1325 568 1390; x_wconf 88' lang='lat' dir='ltr'>activa</span> <span class='ocrx_word' id='word_1_57' title='bbox 587 1326 732 1390; x_wconf 88' lang='lat' dir='ltr'>lacerent</span> <span class='ocrx_word' id='word_1_58' title='bbox 751 1326 896 1407; x_wconf 89' lang='lat' dir='ltr'>speciem</span> <span class='ocrx_word' id='word_1_59' title='bbox 919 1325 952 1388; x_wconf 93' lang='lat' dir='ltr'>in</span> <span class='ocrx_word' id='word_1_60' title='bbox 972 1326 1091 1402; x_wconf 91' lang='lat' dir='ltr'>visum,</span> <span class='ocrx_word' id='word_1_61' title='bbox 1107 1336 1186 1388; x_wconf 93' lang='lat' dir='ltr'>tunc</span> <span class='ocrx_word' id='word_1_62' title='bbox 1208 1325 1395 1388; x_wconf 87' lang='lat' dir='ltr'>videremus</span> 
     </span>
     <span class='ocr_line' id='line_1_8' title="bbox 244 1426 1394 1513; baseline 0.001 -23"><span class='ocrx_word' id='word_1_63' title='bbox 244 1448 352 1492; x_wconf 87' lang='lat' dir='ltr'>aerem</span> <span class='ocrx_word' id='word_1_64' title='bbox 377 1440 412 1492; x_wconf 94' lang='lat' dir='ltr'>et</span> <span class='ocrx_word' id='word_1_65' title='bbox 438 1430 614 1512; x_wconf 84' lang='lat' dir='ltr'>sphaeram</span> <span class='ocrx_word' id='word_1_66' title='bbox 642 1431 736 1513; x_wconf 91' lang='lat' dir='ltr'>ignis,</span> <span class='ocrx_word' id='word_1_67' title='bbox 759 1442 792 1494; x_wconf 85' lang='lat' dir='ltr'>et</span> <span class='ocrx_word' id='word_1_68' title='bbox 818 1428 976 1512; x_wconf 83' lang='lat' dir='ltr'>sphaeras</span> <span class='ocrx_word' id='word_1_69' title='bbox 1005 1428 1166 1493; x_wconf 89' lang='lat' dir='ltr'>coelestes</span> <span class='ocrx_word' id='word_1_70' title='bbox 1196 1441 1292 1492; x_wconf 87' lang='lat' dir='ltr'>extra</span> <span class='ocrx_word' id='word_1_71' title='bbox 1321 1426 1394 1491; x_wconf 95' lang='lat' dir='ltr'>loca</span> 
     </span>
     <span class='ocr_line' id='line_1_9' title="bbox 244 1531 1394 1617; baseline 0 -22"><span class='ocrx_word' id='word_1_72' title='bbox 244 1531 462 1613; x_wconf 89' lang='lat' dir='ltr'>planetarum,</span> <span class='ocrx_word' id='word_1_73' title='bbox 492 1555 567 1598; x_wconf 92' lang='lat' dir='ltr'>cum</span> <span class='ocrx_word' id='word_1_74' title='bbox 597 1535 630 1598; x_wconf 94' lang='lat' dir='ltr'>in</span> <span class='ocrx_word' id='word_1_75' title='bbox 660 1534 815 1598; x_wconf 94' lang='lat' dir='ltr'>omnibus</span> <span class='ocrx_word' id='word_1_76' title='bbox 844 1534 897 1597; x_wconf 92' lang='lat' dir='ltr'>his</span> <span class='ocrx_word' id='word_1_77' title='bbox 925 1534 991 1598; x_wconf 88' lang='lat' dir='ltr'>sint</span> <span class='ocrx_word' id='word_1_78' title='bbox 1020 1533 1191 1617; x_wconf 85' lang='lat' dir='ltr'>quantitas</span> <span class='ocrx_word' id='word_1_79' title='bbox 1219 1544 1254 1598; x_wconf 91' lang='lat' dir='ltr'>et</span> <span class='ocrx_word' id='word_1_80' title='bbox 1280 1533 1394 1617; x_wconf 86' lang='lat' dir='ltr'>ligura,</span> 
     </span>
     <span class='ocr_line' id='line_1_10' title="bbox 244 1638 1393 1722; baseline 0.002 -24"><span class='ocrx_word' id='word_1_81' title='bbox 244 1639 450 1720; x_wconf 80' lang='lat' dir='ltr'>magnitudo,</span> <span class='ocrx_word' id='word_1_82' title='bbox 465 1649 499 1703; x_wconf 87' lang='lat' dir='ltr'>et</span> <span class='ocrx_word' id='word_1_83' title='bbox 519 1639 746 1722; x_wconf 86' lang='lat' dir='ltr'>corporalitas,</span> <span class='ocrx_word' id='word_1_84' title='bbox 762 1639 979 1721; x_wconf 85' lang='lat' dir='ltr'>perspicuitas</span> <span class='ocrx_word' id='word_1_85' title='bbox 994 1647 1029 1702; x_wconf 90' lang='lat' dir='ltr'>et</span> <span class='ocrx_word' id='word_1_86' title='bbox 1044 1638 1244 1720; x_wconf 91' lang='lat' dir='ltr'>hujusmodi,</span> <span class='ocrx_word' id='word_1_87' title='bbox 1260 1647 1295 1701; x_wconf 92' lang='lat' dir='ltr'>et</span> <span class='ocrx_word' id='word_1_88' title='bbox 1314 1648 1393 1702; x_wconf 91' lang='lat' dir='ltr'>tunc</span> 
     </span>
     <span class='ocr_line' id='line_1_11' title="bbox 243 1742 1394 1827; baseline 0.002 -23"><span class='ocrx_word' id='word_1_89' title='bbox 243 1742 313 1804; x_wconf 89' lang='lat' dir='ltr'>sine</span> <span class='ocrx_word' id='word_1_90' title='bbox 336 1742 526 1824; x_wconf 91' lang='lat' dir='ltr'>hujusmodi</span> <span class='ocrx_word' id='word_1_91' title='bbox 546 1745 726 1827; x_wconf 89' lang='lat' dir='ltr'>perspicuis</span> <span class='ocrx_word' id='word_1_92' title='bbox 751 1744 936 1808; x_wconf 91' lang='lat' dir='ltr'>videremus</span> <span class='ocrx_word' id='word_1_93' title='bbox 959 1744 1109 1821; x_wconf 89' lang='lat' dir='ltr'>densum,</span> <span class='ocrx_word' id='word_1_94' title='bbox 1132 1753 1165 1806; x_wconf 90' lang='lat' dir='ltr'>et</span> <span class='ocrx_word' id='word_1_95' title='bbox 1188 1743 1326 1806; x_wconf 92' lang='lat' dir='ltr'>densum</span> <span class='ocrx_word' id='word_1_96' title='bbox 1350 1743 1394 1806; x_wconf 90' lang='lat' dir='ltr'>de</span> 
     </span>
     <span class='ocr_line' id='line_1_12' title="bbox 242 1847 1393 1932; baseline 0.003 -25"><span class='ocrx_word' id='word_1_97' title='bbox 242 1866 279 1907; x_wconf 90' lang='lat' dir='ltr'>se</span> <span class='ocrx_word' id='word_1_98' title='bbox 304 1856 419 1910; x_wconf 89' lang='lat' dir='ltr'>natum</span> <span class='ocrx_word' id='word_1_99' title='bbox 443 1857 530 1913; x_wconf 88' lang='lat' dir='ltr'>esset</span> <span class='ocrx_word' id='word_1_100' title='bbox 555 1847 664 1914; x_wconf 81' lang='lat' dir='ltr'>lacere</span> <span class='ocrx_word' id='word_1_101' title='bbox 689 1851 840 1932; x_wconf 89' lang='lat' dir='ltr'>speciem</span> <span class='ocrx_word' id='word_1_102' title='bbox 888 1847 955 1912; x_wconf 86' lang='lat' dir='ltr'>Sed</span> <span class='ocrx_word' id='word_1_103' title='bbox 982 1847 1072 1910; x_wconf 89' lang='lat' dir='ltr'>visus</span> <span class='ocrx_word' id='word_1_104' title='bbox 1098 1867 1166 1911; x_wconf 94' lang='lat' dir='ltr'>non</span> <span class='ocrx_word' id='word_1_105' title='bbox 1190 1847 1320 1930; x_wconf 89' lang='lat' dir='ltr'>judicat</span> <span class='ocrx_word' id='word_1_106' title='bbox 1350 1848 1393 1911; x_wconf 91' lang='lat' dir='ltr'>de</span> 
     </span>
     <span class='ocr_line' id='line_1_13' title="bbox 242 1949 1207 2037; baseline 0.003 -25"><span class='ocrx_word' id='word_1_107' title='bbox 242 1951 346 2015; x_wconf 90' lang='lat' dir='ltr'>denso</span> <span class='ocrx_word' id='word_1_108' title='bbox 361 1953 421 2015; x_wconf 94' lang='lat' dir='ltr'>nisi</span> <span class='ocrx_word' id='word_1_109' title='bbox 437 1954 605 2017; x_wconf 87' lang='lat' dir='ltr'>mediante</span> <span class='ocrx_word' id='word_1_110' title='bbox 621 1955 795 2037; x_wconf 89' lang='lat' dir='ltr'>perspicuo</span> <span class='ocrx_word' id='word_1_111' title='bbox 809 1954 853 2017; x_wconf 92' lang='lat' dir='ltr'>ad</span> <span class='ocrx_word' id='word_1_112' title='bbox 871 1952 963 2036; x_wconf 93' lang='lat' dir='ltr'>quod</span> <span class='ocrx_word' id='word_1_113' title='bbox 980 1952 1174 2015; x_wconf 90' lang='lat' dir='ltr'>terminatur</span> <span class='ocrx_word' id='word_1_114' title='bbox 1184 1949 1207 2015; x_wconf 84' lang='lat'>¹.</span> 
     </span>
    </p>

    <p class='ocr_par' dir='ltr' id='par_1_3' title="bbox 235 2053 1536 3498">
     <span class='ocr_line' id='line_1_14' title="bbox 286 2053 1492 2148; baseline -0.001 -30"><span class='ocrx_word' id='word_1_115' title='bbox 286 2053 462 2121; x_wconf 88' lang='lat' dir='ltr'>Caeterum</span> <span class='ocrx_word' id='word_1_116' title='bbox 479 2060 649 2141; x_wconf 87' lang='lat' dir='ltr'>quantitas</span> <span class='ocrx_word' id='word_1_117' title='bbox 663 2059 805 2122; x_wconf 89' lang='lat' dir='ltr'>debetur</span> <span class='ocrx_word' id='word_1_118' title='bbox 820 2057 977 2121; x_wconf 91' lang='lat' dir='ltr'>materiae</span> <span class='ocrx_word' id='word_1_119' title='bbox 992 2058 1070 2138; x_wconf 91' lang='lat' dir='ltr'>quia</span> <span class='ocrx_word' id='word_1_120' title='bbox 1089 2066 1140 2120; x_wconf 88' lang='lat' dir='ltr'>est</span> <span class='ocrx_word' id='word_1_121' title='bbox 1158 2057 1267 2138; x_wconf 89' lang='lat' dir='ltr'>passio</span> <span class='ocrx_word' id='word_1_122' title='bbox 1288 2065 1392 2120; x_wconf 90' lang='lat' dir='ltr'>mate·</span> <span class='ocrx_word' id='word_1_123' title='bbox 1406 2067 1431 2118; x_wconf 84' lang='lat'>⁶.</span> <span class='ocrx_word' id='word_1_124' title='bbox 1448 2069 1492 2148; x_wconf 68' lang='lat' dir='ltr'>uo</span> 
     </span>
     <span class='ocr_line' id='line_1_15' title="bbox 243 2149 1502 2250; baseline 0.002 -29"><span class='ocrx_word' id='word_1_125' title='bbox 243 2159 309 2223; x_wconf 91' lang='lat' dir='ltr'>riae</span> <span class='ocrx_word' id='word_1_126' title='bbox 331 2171 366 2225; x_wconf 90' lang='lat' dir='ltr'>et</span> <span class='ocrx_word' id='word_1_127' title='bbox 388 2162 464 2225; x_wconf 90' lang='lat' dir='ltr'>ideo</span> <span class='ocrx_word' id='word_1_128' title='bbox 488 2183 553 2226; x_wconf 92' lang='lat' dir='ltr'>non</span> <span class='ocrx_word' id='word_1_129' title='bbox 577 2163 697 2227; x_wconf 90' lang='lat' dir='ltr'>dicitur</span> <span class='ocrx_word' id='word_1_130' title='bbox 719 2183 791 2227; x_wconf 90' lang='lat' dir='ltr'>esse</span> <span class='ocrx_word' id='word_1_131' title='bbox 812 2162 930 2238; x_wconf 90' lang='lat' dir='ltr'>activa,</span> <span class='ocrx_word' id='word_1_132' title='bbox 953 2161 1038 2224; x_wconf 90' lang='lat' dir='ltr'>sicut</span> <span class='ocrx_word' id='word_1_133' title='bbox 1061 2180 1122 2224; x_wconf 89' lang='lat' dir='ltr'>nec</span> <span class='ocrx_word' id='word_1_134' title='bbox 1146 2161 1285 2224; x_wconf 87' lang='lat' dir='ltr'>materia</span> <span class='ocrx_word' id='word_1_135' title='bbox 1306 2181 1392 2244; x_wconf 89' lang='lat' dir='ltr'>quae</span> <span class='ocrx_word' id='word_1_136' title='bbox 1405 2149 1502 2250; x_wconf 48' lang='lat' dir='ltr'>iffi&amp;</span> 
     </span>
     <span class='ocr_line' id='line_1_16' title="bbox 241 2266 1536 2350; baseline 0.005 -25"><span class='ocrx_word' id='word_1_137' title='bbox 241 2275 291 2328; x_wconf 91' lang='lat' dir='ltr'>est</span> <span class='ocrx_word' id='word_1_138' title='bbox 306 2266 500 2345; x_wconf 90' lang='lat' dir='ltr'>substantia,</span> <span class='ocrx_word' id='word_1_139' title='bbox 512 2277 546 2332; x_wconf 93' lang='lat' dir='ltr'>et</span> <span class='ocrx_word' id='word_1_140' title='bbox 560 2269 633 2350; x_wconf 92' lang='lat' dir='ltr'>ejus</span> <span class='ocrx_word' id='word_1_141' title='bbox 646 2267 831 2350; x_wconf 91' lang='lat' dir='ltr'>subjectum</span> <span class='ocrx_word' id='word_1_142' title='bbox 844 2266 1025 2348; x_wconf 90' lang='lat' dir='ltr'>proprium,</span> <span class='ocrx_word' id='word_1_143' title='bbox 1038 2286 1139 2347; x_wconf 86' lang='lat' dir='ltr'>quare</span> <span class='ocrx_word' id='word_1_144' title='bbox 1150 2285 1211 2328; x_wconf 90' lang='lat' dir='ltr'>nec</span> <span class='ocrx_word' id='word_1_145' title='bbox 1224 2266 1391 2347; x_wconf 87' lang='lat' dir='ltr'>passiones</span> <span class='ocrx_word' id='word_1_146' title='bbox 1404 2266 1536 2331; x_wconf 70' lang='lat' dir='ltr'>Quantity.</span> 
     </span>
     <span class='ocr_line' id='line_1_17' title="bbox 241 2368 1391 2453; baseline 0.003 -23"><span class='ocrx_word' id='word_1_147' title='bbox 241 2371 444 2449; x_wconf 88' lang='lat' dir='ltr'>quantitatis,</span> <span class='ocrx_word' id='word_1_148' title='bbox 466 2383 652 2452; x_wconf 91' lang='lat' dir='ltr'>quaesunt</span> <span class='ocrx_word' id='word_1_149' title='bbox 674 2383 812 2449; x_wconf 90' lang='lat' dir='ltr'>rectum,</span> <span class='ocrx_word' id='word_1_150' title='bbox 834 2391 982 2444; x_wconf 91' lang='lat' dir='ltr'>curvum,</span> <span class='ocrx_word' id='word_1_151' title='bbox 1006 2368 1121 2453; x_wconf 88' lang='lat' dir='ltr'>figura,</span> <span class='ocrx_word' id='word_1_152' title='bbox 1143 2369 1333 2451; x_wconf 85' lang='lat' dir='ltr'>superficies</span> <span class='ocrx_word' id='word_1_153' title='bbox 1356 2379 1391 2434; x_wconf 88' lang='lat' dir='ltr'>et</span> 
     </span>
     <span class='ocr_line' id='line_1_18' title="bbox 241 2471 1389 2558; baseline 0.004 -25"><span class='ocrx_word' id='word_1_154' title='bbox 241 2471 348 2535; x_wconf 87' lang='lat' dir='ltr'>sorma</span> <span class='ocrx_word' id='word_1_155' title='bbox 368 2476 524 2556; x_wconf 88' lang='lat' dir='ltr'>corporis,</span> <span class='ocrx_word' id='word_1_156' title='bbox 539 2495 600 2537; x_wconf 91' lang='lat' dir='ltr'>nec</span> <span class='ocrx_word' id='word_1_157' title='bbox 622 2474 821 2558; x_wconf 89' lang='lat' dir='ltr'>hujusmodi.</span> <span class='ocrx_word' id='word_1_158' title='bbox 867 2475 914 2540; x_wconf 92' lang='lat' dir='ltr'>Et</span> <span class='ocrx_word' id='word_1_159' title='bbox 935 2475 1053 2538; x_wconf 92' lang='lat' dir='ltr'>iterum</span> <span class='ocrx_word' id='word_1_160' title='bbox 1073 2475 1295 2556; x_wconf 90' lang='lat' dir='ltr'>susceptivum</span> <span class='ocrx_word' id='word_1_161' title='bbox 1316 2475 1389 2538; x_wconf 92' lang='lat' dir='ltr'>soni</span> 
     </span>
     <span class='ocr_line' id='line_1_19' title="bbox 241 2576 1388 2657; baseline 0.004 -20"><span class='ocrx_word' id='word_1_162' title='bbox 241 2585 291 2638; x_wconf 89' lang='lat' dir='ltr'>est</span> <span class='ocrx_word' id='word_1_163' title='bbox 316 2576 487 2650; x_wconf 91' lang='lat' dir='ltr'>absonum,</span> <span class='ocrx_word' id='word_1_164' title='bbox 511 2589 546 2642; x_wconf 93' lang='lat' dir='ltr'>et</span> <span class='ocrx_word' id='word_1_165' title='bbox 572 2579 692 2644; x_wconf 91' lang='lat' dir='ltr'>coloris</span> <span class='ocrx_word' id='word_1_166' title='bbox 717 2581 879 2657; x_wconf 90' lang='lat' dir='ltr'>similiter,</span> <span class='ocrx_word' id='word_1_167' title='bbox 906 2589 940 2644; x_wconf 88' lang='lat' dir='ltr'>et</span> <span class='ocrx_word' id='word_1_168' title='bbox 970 2579 1110 2642; x_wconf 91' lang='lat' dir='ltr'>aliorum</span> <span class='ocrx_word' id='word_1_169' title='bbox 1142 2579 1388 2644; x_wconf 91' lang='lat' dir='ltr'>immutantium</span> 
     </span>
     <span class='ocr_line' id='line_1_20' title="bbox 241 2680 1389 2764; baseline 0.005 -23"><span class='ocrx_word' id='word_1_170' title='bbox 241 2680 386 2743; x_wconf 89' lang='lat' dir='ltr'>medium</span> <span class='ocrx_word' id='word_1_171' title='bbox 411 2692 445 2745; x_wconf 93' lang='lat' dir='ltr'>et</span> <span class='ocrx_word' id='word_1_172' title='bbox 468 2702 612 2746; x_wconf 89' lang='lat' dir='ltr'>sensum.</span> <span class='ocrx_word' id='word_1_173' title='bbox 658 2681 726 2748; x_wconf 88' lang='lat' dir='ltr'>Sed</span> <span class='ocrx_word' id='word_1_174' title='bbox 748 2704 864 2748; x_wconf 84' lang='lat' dir='ltr'>sensus</span> <span class='ocrx_word' id='word_1_175' title='bbox 885 2697 919 2749; x_wconf 88' lang='lat' dir='ltr'>et</span> <span class='ocrx_word' id='word_1_176' title='bbox 943 2685 1089 2747; x_wconf 88' lang='lat' dir='ltr'>medium</span> <span class='ocrx_word' id='word_1_177' title='bbox 1115 2683 1239 2747; x_wconf 92' lang='lat' dir='ltr'>habent</span> <span class='ocrx_word' id='word_1_178' title='bbox 1260 2685 1389 2764; x_wconf 92' lang='lat' dir='ltr'>quanti-</span> 
     </span>
     <span class='ocr_line' id='line_1_21' title="bbox 240 2784 1390 2870; baseline 0.003 -23"><span class='ocrx_word' id='word_1_179' title='bbox 240 2794 328 2848; x_wconf 86' lang='lat' dir='ltr'>tates</span> <span class='ocrx_word' id='word_1_180' title='bbox 344 2794 377 2846; x_wconf 90' lang='lat' dir='ltr'>et</span> <span class='ocrx_word' id='word_1_181' title='bbox 393 2784 515 2868; x_wconf 87' lang='lat' dir='ltr'>figuras</span> <span class='ocrx_word' id='word_1_182' title='bbox 530 2795 565 2850; x_wconf 89' lang='lat' dir='ltr'>et</span> <span class='ocrx_word' id='word_1_183' title='bbox 580 2787 780 2869; x_wconf 87' lang='lat' dir='ltr'>hujusmodi.</span> <span class='ocrx_word' id='word_1_184' title='bbox 827 2789 913 2852; x_wconf 90' lang='lat' dir='ltr'>Item</span> <span class='ocrx_word' id='word_1_185' title='bbox 930 2788 1034 2852; x_wconf 88' lang='lat' dir='ltr'>multa</span> <span class='ocrx_word' id='word_1_186' title='bbox 1050 2786 1168 2850; x_wconf 90' lang='lat' dir='ltr'>horum</span> <span class='ocrx_word' id='word_1_187' title='bbox 1185 2788 1390 2870; x_wconf 88' lang='lat' dir='ltr'>reperiuntur</span> 
     </span>
     <span class='ocr_line' id='line_1_22' title="bbox 240 2888 1389 2974; baseline 0.005 -26"><span class='ocrx_word' id='word_1_188' title='bbox 240 2888 272 2950; x_wconf 90' lang='lat' dir='ltr'>in</span> <span class='ocrx_word' id='word_1_189' title='bbox 302 2889 454 2971; x_wconf 85' lang='lat' dir='ltr'>subjecto</span> <span class='ocrx_word' id='word_1_190' title='bbox 483 2893 713 2974; x_wconf 88' lang='lat' dir='ltr'>generationis,</span> <span class='ocrx_word' id='word_1_191' title='bbox 740 2902 773 2957; x_wconf 93' lang='lat' dir='ltr'>et</span> <span class='ocrx_word' id='word_1_192' title='bbox 804 2893 879 2956; x_wconf 89' lang='lat' dir='ltr'>ideo</span> <span class='ocrx_word' id='word_1_193' title='bbox 908 2892 1108 2974; x_wconf 87' lang='lat' dir='ltr'>praecedunt</span> <span class='ocrx_word' id='word_1_194' title='bbox 1141 2894 1389 2973; x_wconf 84' lang='lat' dir='ltr'>generationem</span> 
     </span>
     <span class='ocr_line' id='line_1_23' title="bbox 239 2997 1389 3080; baseline 0.004 -26"><span class='ocrx_word' id='word_1_195' title='bbox 239 3003 272 3055; x_wconf 89' lang='lat' dir='ltr'>et</span> <span class='ocrx_word' id='word_1_196' title='bbox 294 3005 478 3075; x_wconf 89' lang='lat' dir='ltr'>sequuntur</span> <span class='ocrx_word' id='word_1_197' title='bbox 499 2997 756 3080; x_wconf 89' lang='lat' dir='ltr'>corruptionem,</span> <span class='ocrx_word' id='word_1_198' title='bbox 779 3007 812 3063; x_wconf 88' lang='lat' dir='ltr'>et</span> <span class='ocrx_word' id='word_1_199' title='bbox 834 3006 912 3061; x_wconf 92' lang='lat' dir='ltr'>sunt</span> <span class='ocrx_word' id='word_1_200' title='bbox 936 2997 968 3061; x_wconf 92' lang='lat' dir='ltr'>in</span> <span class='ocrx_word' id='word_1_201' title='bbox 991 2998 1089 3061; x_wconf 92' lang='lat' dir='ltr'>rebus</span> <span class='ocrx_word' id='word_1_202' title='bbox 1111 2997 1389 3080; x_wconf 89' lang='lat' dir='ltr'>ingenerabilibus</span> 
     </span>
     <span class='ocr_line' id='line_1_24' title="bbox 238 3097 1388 3184; baseline 0.003 -26"><span class='ocrx_word' id='word_1_203' title='bbox 238 3105 272 3159; x_wconf 90' lang='lat' dir='ltr'>et</span> <span class='ocrx_word' id='word_1_204' title='bbox 289 3097 592 3181; x_wconf 86' lang='lat' dir='ltr'>incorruptibilibus</span> <span class='ocrx_word' id='word_1_205' title='bbox 606 3111 641 3164; x_wconf 81' lang='lat' dir='ltr'>et</span> <span class='ocrx_word' id='word_1_206' title='bbox 656 3101 690 3164; x_wconf 91' lang='lat' dir='ltr'>in</span> <span class='ocrx_word' id='word_1_207' title='bbox 705 3102 860 3166; x_wconf 91' lang='lat' dir='ltr'>omnibus</span> <span class='ocrx_word' id='word_1_208' title='bbox 875 3101 1069 3184; x_wconf 91' lang='lat' dir='ltr'>corporibus</span> <span class='ocrx_word' id='word_1_209' title='bbox 1085 3101 1196 3164; x_wconf 91' lang='lat' dir='ltr'>omnia</span> <span class='ocrx_word' id='word_1_210' title='bbox 1211 3110 1269 3163; x_wconf 92' lang='lat' dir='ltr'>aut</span> <span class='ocrx_word' id='word_1_211' title='bbox 1284 3100 1388 3184; x_wconf 92' lang='lat' dir='ltr'>plura.</span> 
     </span>
     <span class='ocr_line' id='line_1_25' title="bbox 239 3201 1388 3289; baseline 0.003 -25"><span class='ocrx_word' id='word_1_212' title='bbox 239 3201 379 3284; x_wconf 88' lang='lat' dir='ltr'>Propter</span> <span class='ocrx_word' id='word_1_213' title='bbox 400 3206 491 3287; x_wconf 92' lang='lat' dir='ltr'>quod</span> <span class='ocrx_word' id='word_1_214' title='bbox 510 3216 642 3289; x_wconf 89' lang='lat' dir='ltr'>oportet</span> <span class='ocrx_word' id='word_1_215' title='bbox 661 3207 752 3287; x_wconf 93' lang='lat' dir='ltr'>quod</span> <span class='ocrx_word' id='word_1_216' title='bbox 775 3207 894 3270; x_wconf 90' lang='lat' dir='ltr'>horum</span> <span class='ocrx_word' id='word_1_217' title='bbox 917 3206 1035 3270; x_wconf 90' lang='lat' dir='ltr'>saltem</span> <span class='ocrx_word' id='word_1_218' title='bbox 1058 3205 1239 3270; x_wconf 89' lang='lat' dir='ltr'>multorum</span> <span class='ocrx_word' id='word_1_219' title='bbox 1258 3225 1324 3269; x_wconf 92' lang='lat' dir='ltr'>nou</span> <span class='ocrx_word' id='word_1_220' title='bbox 1345 3205 1388 3270; x_wconf 91' lang='lat' dir='ltr'>sit</span> 
     </span>
     <span class='ocr_line' id='line_1_26' title="bbox 235 3307 1387 3395; baseline 0.003 -25"><span class='ocrx_word' id='word_1_221' title='bbox 235 3309 405 3388; x_wconf 88' lang='lat' dir='ltr'>generatio</span> <span class='ocrx_word' id='word_1_222' title='bbox 428 3330 489 3372; x_wconf 91' lang='lat' dir='ltr'>nec</span> <span class='ocrx_word' id='word_1_223' title='bbox 516 3311 691 3393; x_wconf 88' lang='lat' dir='ltr'>corruptio.</span> <span class='ocrx_word' id='word_1_224' title='bbox 736 3309 979 3395; x_wconf 84' lang='lat' dir='ltr'>Augurentatio</span> <span class='ocrx_word' id='word_1_225' title='bbox 1009 3310 1097 3374; x_wconf 88' lang='lat' dir='ltr'>enim</span> <span class='ocrx_word' id='word_1_226' title='bbox 1128 3307 1181 3374; x_wconf 90' lang='lat' dir='ltr'>vel</span> <span class='ocrx_word' id='word_1_227' title='bbox 1211 3310 1387 3375; x_wconf 88' lang='lat' dir='ltr'>diminutio</span> 
     </span>
     <span class='ocr_line' id='line_1_27' title="bbox 236 3414 1386 3498; baseline 0.002 -22"><span class='ocrx_word' id='word_1_228' title='bbox 236 3422 347 3493; x_wconf 87' lang='lat' dir='ltr'>potest</span> <span class='ocrx_word' id='word_1_229' title='bbox 374 3414 407 3477; x_wconf 90' lang='lat' dir='ltr'>in</span> <span class='ocrx_word' id='word_1_230' title='bbox 431 3414 483 3477; x_wconf 91' lang='lat' dir='ltr'>his</span> <span class='ocrx_word' id='word_1_231' title='bbox 506 3435 588 3492; x_wconf 75' lang='lat' dir='ltr'>esse,</span> <span class='ocrx_word' id='word_1_232' title='bbox 611 3416 669 3479; x_wconf 90' lang='lat' dir='ltr'>sed</span> <span class='ocrx_word' id='word_1_233' title='bbox 695 3435 782 3498; x_wconf 88' lang='lat' dir='ltr'>quae</span> <span class='ocrx_word' id='word_1_234' title='bbox 806 3416 851 3480; x_wconf 89' lang='lat' dir='ltr'>de</span> <span class='ocrx_word' id='word_1_235' title='bbox 874 3436 962 3479; x_wconf 93' lang='lat' dir='ltr'>novo</span> <span class='ocrx_word' id='word_1_236' title='bbox 990 3423 1196 3497; x_wconf 86' lang='lat' dir='ltr'>generentur,</span> <span class='ocrx_word' id='word_1_237' title='bbox 1216 3422 1250 3478; x_wconf 92' lang='lat' dir='ltr'>et</span> <span class='ocrx_word' id='word_1_238' title='bbox 1271 3433 1386 3478; x_wconf 89' lang='lat' dir='ltr'>eorum</span> 
     </span>
    </p>
   </div>
   <div class='ocr_carea' id='block_1_3' title="bbox 237 3517 1386 3601">
    <p class='ocr_par' dir='ltr' id='par_1_4' title="bbox 237 3517 1386 3601">
     <span class='ocr_line' id='line_1_28' title="bbox 237 3517 1386 3601; baseline 0.004 -22"><span class='ocrx_word' id='word_1_239' title='bbox 237 3517 359 3597; x_wconf 85' lang='lat' dir='ltr'>pariter</span> <span class='ocrx_word' id='word_1_240' title='bbox 370 3519 516 3583; x_wconf 89' lang='lat' dir='ltr'>totaliter</span> <span class='ocrx_word' id='word_1_241' title='bbox 530 3541 597 3584; x_wconf 92' lang='lat' dir='ltr'>non</span> <span class='ocrx_word' id='word_1_242' title='bbox 612 3520 730 3585; x_wconf 94' lang='lat' dir='ltr'>accidit</span> <span class='ocrx_word' id='word_1_243' title='bbox 746 3520 779 3584; x_wconf 91' lang='lat' dir='ltr'>in</span> <span class='ocrx_word' id='word_1_244' title='bbox 797 3521 970 3598; x_wconf 90' lang='lat' dir='ltr'>omnibus;</span> <span class='ocrx_word' id='word_1_245' title='bbox 993 3520 1051 3583; x_wconf 91' lang='lat' dir='ltr'>sed</span> <span class='ocrx_word' id='word_1_246' title='bbox 1066 3519 1252 3583; x_wconf 91' lang='lat' dir='ltr'>immutatio</span> <span class='ocrx_word' id='word_1_247' title='bbox 1267 3519 1386 3601; x_wconf 89' lang='lat' dir='ltr'>speciei</span> 
     </span>
    </p>
   </div>
   <div class='ocr_carea' id='block_1_4' title="bbox 234 3623 1498 4019">
    <p class='ocr_par' dir='ltr' id='par_1_5' title="bbox 234 3623 1388 3915">
     <span class='ocr_line' id='line_1_29' title="bbox 236 3623 1387 3718; baseline 0.003 -34"><span class='ocrx_word' id='word_1_248' title='bbox 236 3630 287 3684; x_wconf 88' lang='lat' dir='ltr'>est</span> <span class='ocrx_word' id='word_1_249' title='bbox 310 3643 369 3704; x_wconf 92' lang='lat' dir='ltr'>per</span> <span class='ocrx_word' id='word_1_250' title='bbox 393 3625 641 3704; x_wconf 86' lang='lat' dir='ltr'>generationem</span> <span class='ocrx_word' id='word_1_251' title='bbox 666 3635 699 3689; x_wconf 90' lang='lat' dir='ltr'>et</span> <span class='ocrx_word' id='word_1_252' title='bbox 729 3626 801 3707; x_wconf 92' lang='lat' dir='ltr'>ejus</span> <span class='ocrx_word' id='word_1_253' title='bbox 826 3623 1024 3689; x_wconf 86' lang='lat' dir='ltr'>annihilatio</span> <span class='ocrx_word' id='word_1_254' title='bbox 1054 3643 1113 3718; x_wconf 89' lang='lat' dir='ltr'>per</span> <span class='ocrx_word' id='word_1_255' title='bbox 1141 3625 1387 3706; x_wconf 89' lang='lat' dir='ltr'>corruptionem</span> 
     </span>
     <span class='ocr_line' id='line_1_30' title="bbox 236 3726 1388 3812; baseline 0.003 -25"><span class='ocrx_word' id='word_1_256' title='bbox 236 3726 390 3790; x_wconf 87' lang='lat' dir='ltr'>totaliter.</span> <span class='ocrx_word' id='word_1_257' title='bbox 436 3727 650 3812; x_wconf 85' lang='lat' dir='ltr'>Quapropter</span> <span class='ocrx_word' id='word_1_258' title='bbox 670 3750 735 3793; x_wconf 92' lang='lat' dir='ltr'>non</span> <span class='ocrx_word' id='word_1_259' title='bbox 755 3741 832 3794; x_wconf 91' lang='lat' dir='ltr'>sunt</span> <span class='ocrx_word' id='word_1_260' title='bbox 854 3727 1044 3811; x_wconf 87' lang='lat' dir='ltr'>generativa</span> <span class='ocrx_word' id='word_1_261' title='bbox 1063 3729 1182 3812; x_wconf 88' lang='lat' dir='ltr'>speciei</span> <span class='ocrx_word' id='word_1_262' title='bbox 1202 3729 1285 3793; x_wconf 86' lang='lat' dir='ltr'>haec</span> <span class='ocrx_word' id='word_1_263' title='bbox 1300 3748 1388 3812; x_wconf 89' lang='lat' dir='ltr'>quae</span> 
     </span>
     <span class='ocr_line' id='line_1_31' title="bbox 234 3828 1387 3915; baseline 0.008 -25"><span class='ocrx_word' id='word_1_264' title='bbox 234 3828 282 3894; x_wconf 92' lang='lat' dir='ltr'>sic</span> <span class='ocrx_word' id='word_1_265' title='bbox 293 3831 496 3912; x_wconf 89' lang='lat' dir='ltr'>reperiuntur</span> <span class='ocrx_word' id='word_1_266' title='bbox 511 3834 597 3897; x_wconf 90' lang='lat' dir='ltr'>circa</span> <span class='ocrx_word' id='word_1_267' title='bbox 607 3833 791 3915; x_wconf 90' lang='lat' dir='ltr'>subjectum</span> <span class='ocrx_word' id='word_1_268' title='bbox 804 3845 940 3898; x_wconf 89' lang='lat' dir='ltr'>naturae</span> <span class='ocrx_word' id='word_1_269' title='bbox 955 3844 989 3897; x_wconf 91' lang='lat' dir='ltr'>et</span> <span class='ocrx_word' id='word_1_270' title='bbox 1001 3834 1174 3898; x_wconf 89' lang='lat' dir='ltr'>materiam</span> <span class='ocrx_word' id='word_1_271' title='bbox 1190 3834 1387 3899; x_wconf 89' lang='lat' dir='ltr'>naturalem.</span> 
     </span>
    </p>

    <p class='ocr_par' dir='ltr' id='par_1_6' title="bbox 279 3933 1498 4019">
     <span class='ocr_line' id='line_1_32' title="bbox 279 3933 1498 4019; baseline 0.003 -20"><span class='ocrx_word' id='word_1_272' title='bbox 279 3933 347 3999; x_wconf 90' lang='lat' dir='ltr'>Sed</span> <span class='ocrx_word' id='word_1_273' title='bbox 364 3937 481 4000; x_wconf 91' lang='lat' dir='ltr'>eadem</span> <span class='ocrx_word' id='word_1_274' title='bbox 496 3939 581 4002; x_wconf 90' lang='lat' dir='ltr'>ratio</span> <span class='ocrx_word' id='word_1_275' title='bbox 597 3948 649 4001; x_wconf 89' lang='lat' dir='ltr'>est</span> <span class='ocrx_word' id='word_1_276' title='bbox 662 3938 835 4013; x_wconf 83' lang='lat' dir='ltr'>sensibilis,</span> <span class='ocrx_word' id='word_1_277' title='bbox 846 3939 881 4001; x_wconf 92' lang='lat' dir='ltr'>in</span> <span class='ocrx_word' id='word_1_278' title='bbox 895 3939 1052 4002; x_wconf 88' lang='lat' dir='ltr'>omnibus</span> <span class='ocrx_word' id='word_1_279' title='bbox 1067 3937 1147 4015; x_wconf 89' lang='lat' dir='ltr'>istis,</span> <span class='ocrx_word' id='word_1_280' title='bbox 1162 3957 1248 4019; x_wconf 91' lang='lat' dir='ltr'>quae</span> <span class='ocrx_word' id='word_1_281' title='bbox 1262 3956 1387 4000; x_wconf 89' lang='lat' dir='ltr'>vocan·</span> <span class='ocrx_word' id='word_1_282' title='bbox 1402 3965 1423 4016; x_wconf 83' lang='lat'>7.</span> <span class='ocrx_word' id='word_1_283' title='bbox 1443 3953 1498 4004; x_wconf 75' lang='lat' dir='ltr'>Nor</span> 
     </span>
    </p>
   </div>
   <div class='ocr_carea' id='block_1_5' title="bbox 233 4019 1529 4134">
    <p class='ocr_par' dir='ltr' id='par_1_7' title="bbox 233 4019 1529 4134">
     <span class='ocr_line' id='line_1_33' title="bbox 233 4019 1529 4134; baseline 0.004 -31"><span class='ocrx_word' id='word_1_284' title='bbox 233 4053 288 4104; x_wconf 91' lang='lat' dir='ltr'>tur</span> <span class='ocrx_word' id='word_1_285' title='bbox 304 4041 470 4105; x_wconf 86' lang='lat' dir='ltr'>sensibilia</span> <span class='ocrx_word' id='word_1_286' title='bbox 490 4042 688 4119; x_wconf 92' lang='lat' dir='ltr'>communia,</span> <span class='ocrx_word' id='word_1_287' title='bbox 702 4043 820 4106; x_wconf 89' lang='lat' dir='ltr'>eadem</span> <span class='ocrx_word' id='word_1_288' title='bbox 844 4043 940 4119; x_wconf 88' lang='lat' dir='ltr'>ratio,</span> <span class='ocrx_word' id='word_1_289' title='bbox 961 4042 1045 4115; x_wconf 92' lang='lat' dir='ltr'>dico,</span> <span class='ocrx_word' id='word_1_290' title='bbox 1066 4041 1228 4121; x_wconf 85' lang='lat' dir='ltr'>generalis</span> <span class='ocrx_word' id='word_1_291' title='bbox 1251 4051 1387 4124; x_wconf 90' lang='lat' dir='ltr'>propter</span> <span class='ocrx_word' id='word_1_292' title='bbox 1400 4019 1529 4134; x_wconf 53' lang='lat' dir='ltr'>{ffi-,iffl</span> 
     </span>
    </p>
   </div>
   <div class='ocr_carea' id='block_1_6' title="bbox 233 4145 1550 4334">
    <p class='ocr_par' dir='ltr' id='par_1_8' title="bbox 233 4145 1550 4334">
     <span class='ocr_line' id='line_1_34' title="bbox 233 4145 1550 4228; baseline -0.004 -19"><span class='ocrx_word' id='word_1_293' title='bbox 233 4146 324 4228; x_wconf 90' lang='lat' dir='ltr'>quod</span> <span class='ocrx_word' id='word_1_294' title='bbox 346 4146 373 4209; x_wconf 94' lang='lat' dir='ltr'>si</span> <span class='ocrx_word' id='word_1_295' title='bbox 396 4146 506 4228; x_wconf 91' lang='lat' dir='ltr'>aliqua</span> <span class='ocrx_word' id='word_1_296' title='bbox 529 4167 595 4210; x_wconf 91' lang='lat' dir='ltr'>non</span> <span class='ocrx_word' id='word_1_297' title='bbox 616 4156 694 4209; x_wconf 91' lang='lat' dir='ltr'>sunt</span> <span class='ocrx_word' id='word_1_298' title='bbox 716 4155 794 4210; x_wconf 89' lang='lat' dir='ltr'>nata</span> <span class='ocrx_word' id='word_1_299' title='bbox 817 4145 925 4211; x_wconf 87' lang='lat' dir='ltr'>lacere</span> <span class='ocrx_word' id='word_1_300' title='bbox 947 4145 1102 4227; x_wconf 91' lang='lat' dir='ltr'>speciem,</span> <span class='ocrx_word' id='word_1_301' title='bbox 1127 4165 1188 4208; x_wconf 92' lang='lat' dir='ltr'>nec</span> <span class='ocrx_word' id='word_1_302' title='bbox 1218 4145 1291 4209; x_wconf 91' lang='lat' dir='ltr'>alia.</span> <span class='ocrx_word' id='word_1_303' title='bbox 1339 4145 1387 4210; x_wconf 91' lang='lat' dir='ltr'>Et</span> <span class='ocrx_word' id='word_1_304' title='bbox 1399 4153 1550 4226; x_wconf 59' lang='lat' dir='ltr'>communia,</span> 
     </span>
     <span class='ocr_line' id='line_1_35' title="bbox 233 4227 1544 4334; baseline 0 -22"><span class='ocrx_word' id='word_1_305' title='bbox 233 4260 344 4314; x_wconf 88' lang='lat' dir='ltr'>tamen</span> <span class='ocrx_word' id='word_1_306' title='bbox 366 4261 482 4316; x_wconf 91' lang='lat' dir='ltr'>contra</span> <span class='ocrx_word' id='word_1_307' title='bbox 504 4250 568 4316; x_wconf 91' lang='lat' dir='ltr'>hoc</span> <span class='ocrx_word' id='word_1_308' title='bbox 590 4251 722 4316; x_wconf 90' lang='lat' dir='ltr'>videtur</span> <span class='ocrx_word' id='word_1_309' title='bbox 743 4271 824 4326; x_wconf 88' lang='lat' dir='ltr'>esse,</span> <span class='ocrx_word' id='word_1_310' title='bbox 840 4250 931 4332; x_wconf 94' lang='lat' dir='ltr'>quod</span> <span class='ocrx_word' id='word_1_311' title='bbox 955 4250 1018 4313; x_wconf 87' lang='lat' dir='ltr'>ista</span> <span class='ocrx_word' id='word_1_312' title='bbox 1039 4258 1117 4314; x_wconf 91' lang='lat' dir='ltr'>sunt</span> <span class='ocrx_word' id='word_1_313' title='bbox 1137 4249 1306 4313; x_wconf 87' lang='lat' dir='ltr'>sensibilia</span> <span class='ocrx_word' id='word_1_314' title='bbox 1327 4270 1387 4334; x_wconf 92' lang='lat' dir='ltr'>per</span> <span class='ocrx_word' id='word_1_315' title='bbox 1400 4227 1544 4332; x_wconf 51' lang='lat' dir='ltr'>ffilssffn</span> 
     </span>
    </p>
   </div>
   <div class='ocr_carea' id='block_1_7' title="bbox 233 4347 1509 4463">
    <p class='ocr_par' dir='ltr' id='par_1_9' title="bbox 233 4347 1509 4463">
     <span class='ocr_line' id='line_1_36' title="bbox 233 4347 1509 4463; baseline 0.002 -45"><span class='ocrx_word' id='word_1_316' title='bbox 233 4356 367 4419; x_wconf 88' lang='lat' dir='ltr'>sesicut</span> <span class='ocrx_word' id='word_1_317' title='bbox 383 4357 524 4439; x_wconf 85' lang='lat' dir='ltr'>propria,</span> <span class='ocrx_word' id='word_1_318' title='bbox 541 4365 678 4440; x_wconf 92' lang='lat' dir='ltr'>propter</span> <span class='ocrx_word' id='word_1_319' title='bbox 692 4357 781 4440; x_wconf 93' lang='lat' dir='ltr'>quod</span> <span class='ocrx_word' id='word_1_320' title='bbox 798 4356 965 4418; x_wconf 90' lang='lat' dir='ltr'>videretur</span> <span class='ocrx_word' id='word_1_321' title='bbox 979 4354 1069 4436; x_wconf 93' lang='lat' dir='ltr'>quod</span> <span class='ocrx_word' id='word_1_322' title='bbox 1087 4354 1232 4436; x_wconf 91' lang='lat' dir='ltr'>speciem</span> <span class='ocrx_word' id='word_1_323' title='bbox 1248 4363 1386 4435; x_wconf 87' lang='lat' dir='ltr'>agerent</span> <span class='ocrx_word' id='word_1_324' title='bbox 1399 4347 1509 4463; x_wconf 43' lang='lat' dir='ltr'>{ff}</span> 
     </span>
    </p>
   </div>
   <div class='ocr_carea' id='block_1_8' title="bbox 231 4456 1548 4754">
    <p class='ocr_par' dir='ltr' id='par_1_10' title="bbox 231 4456 1548 4754">
     <span class='ocr_line' id='line_1_37' title="bbox 233 4456 1518 4594; baseline 0 -73"><span class='ocrx_word' id='word_1_325' title='bbox 233 4469 267 4524; x_wconf 94' lang='lat' dir='ltr'>et</span> <span class='ocrx_word' id='word_1_326' title='bbox 283 4459 495 4525; x_wconf 89' lang='lat' dir='ltr'>immutarent</span> <span class='ocrx_word' id='word_1_327' title='bbox 507 4459 617 4544; x_wconf 90' lang='lat' dir='ltr'>plures</span> <span class='ocrx_word' id='word_1_328' title='bbox 632 4480 757 4537; x_wconf 87' lang='lat' dir='ltr'>sensus,</span> <span class='ocrx_word' id='word_1_329' title='bbox 771 4459 857 4523; x_wconf 92' lang='lat' dir='ltr'>sicut</span> <span class='ocrx_word' id='word_1_330' title='bbox 871 4457 1026 4523; x_wconf 88' lang='lat' dir='ltr'>sensibile</span> <span class='ocrx_word' id='word_1_331' title='bbox 1042 4458 1212 4540; x_wconf 92' lang='lat' dir='ltr'>proprium</span> <span class='ocrx_word' id='word_1_332' title='bbox 1232 4456 1385 4522; x_wconf 89' lang='lat' dir='ltr'>immutat</span> <span class='ocrx_word' id='word_1_333' title='bbox 1398 4494 1476 4594; x_wconf 53' lang='lat'>915„</span> <span class='ocrx_word' id='word_1_334' title='bbox 1488 4479 1518 4528; x_wconf 86' lang='lat' dir='ltr'>or</span> 
     </span>
     <span class='ocr_line' id='line_1_38' title="bbox 264 4555 1548 4686; baseline -0.002 -14"><span class='ocrx_word' id='word_1_335' title='bbox 264 4623 273 4652; x_wconf 90' lang='lat'>¹</span> <span class='ocrx_word' id='word_1_336' title='bbox 290 4623 330 4673; x_wconf 80' lang='lat' dir='ltr'>Cf.</span> <span class='ocrx_word' id='word_1_337' title='bbox 342 4638 386 4686; x_wconf 90' lang='lat' dir='ltr'>pp.</span> <span class='ocrx_word' id='word_1_338' title='bbox 396 4625 480 4672; x_wconf 50' lang='lat'>646⁶</span> <span class='ocrx_word' id='word_1_339' title='bbox 491 4623 532 4672; x_wconf 83' lang='lat' dir='ltr'>lor</span> <span class='ocrx_word' id='word_1_340' title='bbox 540 4623 682 4674; x_wconf 65' lang='lat' dir='ltr'>dimsaion</span> <span class='ocrx_word' id='word_1_341' title='bbox 693 4622 723 4672; x_wconf 85' lang='lat' dir='ltr'>ol</span> <span class='ocrx_word' id='word_1_342' title='bbox 730 4623 834 4686; x_wconf 78' lang='lat' dir='ltr'>opacity</span> <span class='ocrx_word' id='word_1_343' title='bbox 843 4621 873 4672; x_wconf 72' lang='lat' dir='ltr'>ot*</span> <span class='ocrx_word' id='word_1_344' title='bbox 880 4621 966 4683; x_wconf 88' lang='lat' dir='ltr'>object</span> <span class='ocrx_word' id='word_1_345' title='bbox 978 4622 1029 4671; x_wconf 82' lang='lat' dir='ltr'>and</span> <span class='ocrx_word' id='word_1_346' title='bbox 1042 4628 1228 4683; x_wconf 82' lang='lat' dir='ltr'>transparency</span> <span class='ocrx_word' id='word_1_347' title='bbox 1235 4619 1265 4668; x_wconf 84' lang='lat' dir='ltr'>ol</span> <span class='ocrx_word' id='word_1_348' title='bbox 1273 4621 1383 4671; x_wconf 84' lang='lat' dir='ltr'>medium</span> <span class='ocrx_word' id='word_1_349' title='bbox 1395 4559 1423 4607; x_wconf 65' lang='lat' dir='ltr'>Ju</span> <span class='ocrx_word' id='word_1_350' title='bbox 1441 4555 1548 4611; x_wconf 41' lang='lat' dir='ltr'><strong>gement·</strong></span> 
     </span>
     <span class='ocr_line' id='line_1_39' title="bbox 231 4702 560 4754; baseline 0.003 -1"><span class='ocrx_word' id='word_1_351' title='bbox 231 4719 260 4753; x_wconf 82' lang='lat' dir='ltr'>as</span> <span class='ocrx_word' id='word_1_352' title='bbox 273 4702 419 4753; x_wconf 86' lang='lat' dir='ltr'>conditious</span> <span class='ocrx_word' id='word_1_353' title='bbox 430 4703 460 4752; x_wconf 82' lang='lat' dir='ltr'>ol</span> <span class='ocrx_word' id='word_1_354' title='bbox 466 4703 560 4754; x_wconf 80' lang='lat' dir='ltr'>vision.</span> 
     </span>
    </p>
   </div>
   <div class='ocr_carea' id='block_1_9' title="bbox 0 0 1776 5359">
    <p class='ocr_par' dir='ltr' id='par_1_11' title="bbox 0 0 1776 5359">
     <span class='ocr_line' id='line_1_40' title="bbox 0 0 1776 5359; baseline 0 4"><span class='ocrx_word' id='word_1_355' title='bbox 0 0 1776 5359; x_wconf 95' lang='lat' dir='ltr'> </span> 
     </span>
    </p>
   </div>
  </div>
 </body>
</html>
