3542 5359
366 610 387 667 6
590 609 746 669 OPERIS
769 607 959 679 MAJORIS
983 608 1099 669 PARS
1122 607 1294 681 QUINTA.

199 780 336 844 properares
369 772 571 855 particularis
588 756 653 837 non
667 772 818 854 judicant
834 792 894 853 per
907 793 944 835 se
959 772 1020 835 nisi
1035 774 1080 837 de
1093 772 1207 856 viginti
1222 792 1342 835 novem
1357 771 1520 836 sensibili-

198 861 294 960 ffiq
308 912 341 974 by
369 880 451 954 bus;
474 888 511 941 ut
534 878 623 940 visus
645 878 689 940 de
711 875 784 939 luce
807 888 841 939 et
863 876 994 949 colore3
1017 886 1127 940 tactus
1149 877 1193 939 de
1213 876 1322 940 calido
1341 886 1374 939 et
1395 875 1520 959 frigido,

198 992 274 1025 “⁰⁵⁹-
369 983 507 1046 humido
523 990 556 1045 et
571 981 678 1056 sicc03
700 981 832 1044 auditus
846 980 889 1043 de
907 1001 1010 1058 sono;
1034 979 1176 1045 ollactus
1195 982 1239 1045 de
1258 982 1361 1044 odore
1372 1004 1380 1057 ;
1403 991 1521 1062 gustus

368 1088 410 1151 de
425 1106 551 1169 sapore.
599 1085 645 1148 Et
664 1085 745 1148 haec
767 1095 846 1149 sunt
866 1106 985 1149 novem
1006 1086 1137 1169 propria
1154 1084 1330 1161 sensibilia,
1346 1105 1433 1167 quae
1451 1086 1521 1148 suis

367 1190 524 1265 sensibus,
548 1199 584 1252 ut
605 1190 780 1265 nominavi,
798 1190 1072 1271 appropriantur,
1096 1189 1282 1271 dequibus
1304 1188 1415 1253 nullus
1437 1188 1521 1252 alius

367 1313 480 1358 sensus
502 1292 707 1376 particularis
726 1302 838 1375 potest
854 1292 1014 1375 judicare.
1060 1291 1147 1357 Sunt
1166 1302 1279 1356 autem
1299 1289 1438 1376 viginti1
1457 1293 1522 1355 alia

368 1396 543 1470 sensibilia,
555 1395 681 1461 scilicet
698 1396 846 1473 remotio,
857 1398 948 1470 situs,
966 1397 1176 1479 corporeitas,
1188 1394 1304 1478 ligura,
1315 1398 1522 1479 magnitudo,

368 1501 581 1574 continuatio
611 1500 766 1564 discretio
796 1500 849 1563 vel
878 1502 1054 1584 separati0,
1083 1520 1248 1577 numerus,
1272 1510 1394 1576 motus,
1418 1501 1522 1582 quiea

368 1605 536 1685 asperitas,
553 1602 699 1678 laevitas,
714 1603 956 1685 diaphaneitas,
972 1604 1163 1686 spissitudo,
1184 1605 1311 1683 umbra,
1326 1604 1522 1679 obscuritas,

368 1707 589 1791 pulchritudo,
614 1708 794 1791 turpitudo,
815 1708 896 1771 item
922 1709 1106 1771 similitudo
1131 1716 1166 1771 et
1192 1708 1368 1772 diversitas
1393 1708 1427 1771 in
1449 1729 1522 1772 om·

369 1811 465 1875 nibus
499 1811 557 1883 his,
584 1823 618 1874 et
649 1812 681 1873 in
715 1812 870 1877 omnibus
905 1812 1097 1895 compositis
1131 1833 1175 1875 ex
1205 1812 1267 1875 his.
1313 1812 1359 1875 Et
1392 1823 1522 1893 praeter

369 1916 450 1979 haec
472 1924 549 1978 sunt
572 1914 691 1996 aliqua,
714 1935 801 1998 quae
827 1914 1032 1979 collocantur
1058 1918 1121 1979 sub
1144 1915 1258 1997 aliqua
1279 1916 1331 1980 vel
1355 1914 1522 1997 aliquibus

371 2021 518 2096 istarum,
544 2029 580 2082 ut
610 2020 776 2083 ordinatio
806 2021 869 2083 sub
899 2020 976 2092 situ,
997 2030 1032 2083 et
1058 2021 1220 2102 scriptura
1243 2030 1277 2083 et
1307 2022 1435 2102 pictura
1458 2021 1522 2084 sub

370 2122 475 2206 figura
497 2135 530 2187 et
553 2124 781 2199 ordinatione3
807 2135 841 2187 et
864 2124 948 2188 sicut
972 2125 1134 2187 rectitudo
1156 2133 1191 2187 et
1213 2126 1365 2201 curvitas,
1386 2135 1420 2188 et
1446 2145 1521 2189 con-

370 2228 493 2290 cavitas
523 2235 558 2291 et
587 2246 784 2303 convexum,
808 2247 895 2310 quae
920 2227 1123 2291 collocantur
1147 2228 1210 2290 sub
1233 2227 1359 2309 figura;
1382 2239 1415 2292 et
1437 2227 1522 2291 mul-

369 2331 478 2396 titudo
508 2343 541 2394 et
569 2332 727 2413 paucitas,
751 2351 837 2412 quae
867 2330 1071 2395 collocantur
1096 2333 1159 2394 sub
1184 2351 1342 2411 numer0;
1374 2341 1407 2396 et
1436 2333 1523 2395 sicut

369 2435 561 2518 aequalitas,
593 2443 627 2498 et
656 2446 881 2517 augmentum,
915 2444 949 2500 et
986 2436 1168 2513 diminutio,
1201 2457 1288 2518 quae
1320 2435 1524 2501 collocantur

370 2539 432 2603 sub
454 2539 671 2604 similitudine
695 2550 728 2604 et
752 2540 945 2604 diversitate
957 2562 965 2619 ς
987 2549 1022 2603 et
1044 2542 1128 2605 sicut
1152 2540 1305 2606 alacritas
1326 2551 1360 2605 et
1383 2542 1466 2605 risus
1488 2552 1523 2605 et

371 2645 513 2723 tristitia,
536 2664 623 2726 quae
648 2644 975 2728 comprehenduntur
999 2666 1044 2707 ex
1071 2644 1178 2727 figura
1207 2643 1380 2728 formaque
1409 2645 1522 2721 saciei3

372 2760 405 2813 et
423 2750 510 2814 sicut
528 2748 635 2827 fletus,
649 2750 706 2831 qui
721 2749 1011 2831 comprehenditur
1028 2771 1072 2814 ex
1096 2749 1202 2833 figura
1221 2750 1314 2814 faciei
1334 2771 1410 2814 cum
1427 2761 1522 2814 motu

371 2852 635 2935 lachrymarum
658 2863 691 2917 et
706 2854 791 2917 sicut
814 2854 995 2917 humiditas
1010 2862 1044 2916 et
1058 2853 1198 2933 siccitas,
1212 2874 1298 2936 quae
1318 2853 1523 2918 collocantur

371 2960 433 3021 sub
452 2968 544 3021 motu
563 2968 596 3021 et
620 2958 740 3038 quiete,
755 2958 913 3039 quoniam
931 2978 976 3021 ex
994 2979 1094 3021 sensu
1109 2959 1200 3021 visus
1219 2978 1286 3021 non
1308 2958 1522 3041 comprehen-

372 3062 461 3125 ditur
491 3062 679 3135 humiditas
705 3062 767 3124 nisi
797 3082 842 3125 ex
869 3061 1055 3143 liquiditate
1081 3061 1229 3144 corporis
1256 3061 1396 3141 humidi,
1418 3073 1452 3125 et
1478 3084 1522 3126 ex

373 3177 465 3228 motu
492 3168 589 3227 unius
615 3166 718 3247 partis
742 3165 827 3228 illius
854 3178 933 3229 ante
959 3166 1068 3244 aliam,
1091 3176 1124 3230 et
1150 3168 1280 3231 siccitas
1306 3167 1523 3250 comprehen-

371 3269 461 3332 ditur
479 3288 521 3331 ex
544 3271 726 3333 retentione
746 3270 891 3352 partium
907 3270 995 3348 sicci,
1010 3282 1043 3334 et
1059 3292 1103 3334 ex
1120 3272 1303 3353 privatione
1318 3269 1522 3352 liquiditatis.

374 3373 439 3437 Hic
469 3383 582 3436 tamen
612 3374 899 3451 considerandum,
925 3378 1017 3456 quod
1048 3375 1246 3440 Aristoteles
1274 3375 1346 3439 vult
1375 3376 1523 3440 secundo

372 3478 414 3541 de
438 3475 669 3553 Generatione,
691 3478 782 3560 quod
812 3478 988 3542 humidum
1015 3490 1049 3543 et
1074 3480 1199 3545 siccum
1224 3500 1291 3544 uno
1317 3480 1418 3544 modo
1444 3489 1522 3543 sunt

371 3580 547 3662 qualitates
564 3582 700 3664 primae,
714 3602 800 3663 quae
818 3583 1014 3646 naturaliter
1036 3584 1207 3648 elementis
1228 3582 1399 3661 debentur,
1415 3594 1449 3647 et
1465 3604 1524 3666 per

371 3706 427 3747 eas
449 3686 601 3748 oriuntur
626 3686 867 3751 inelementalis
890 3687 1071 3751 humiditas
1093 3698 1128 3752 et
1150 3689 1289 3765 siccitas,
1312 3708 1399 3769 quae
1426 3692 1522 3753 redu·

371 3800 490 3852 cuntur
504 3792 546 3853 ad
564 3790 696 3871 primas,
706 3800 740 3853 et
755 3802 934 3855 causantur
947 3792 992 3855 ab
1007 3793 1063 3856 eis.
1110 3793 1163 3856 De
1175 3794 1288 3875 primis
1301 3815 1380 3874 ergo
1396 3794 1521 3857 dictum

371 3904 430 3967 est,
451 3895 542 3975 quod
564 3906 641 3958 sunt
663 3896 831 3958 sensibilia
855 3898 997 3979 propria,
1021 3906 1055 3959 et
1077 3896 1150 3961 solo
1172 3906 1263 3961 tactu
1287 3897 1521 3980 perceptibilia

373 3998 426 4059 De
447 3998 517 4060 aliis
540 3996 576 4060 fit
599 3999 650 4061 hic
674 4000 806 4063 mentio.
854 4000 963 4063 Prima
986 4001 1073 4063 enim
1096 4000 1275 4066 humiditas
1298 4012 1357 4079 est,
1371 4022 1458 4083 quae
1480 4004 1522 4065 de

373 4100 454 4164 sacili
471 4102 586 4165 transit
603 4103 633 4165 in
648 4122 764 4165 omnes
780 4101 902 4185 figuras
919 4103 1005 4167 male
1021 4105 1245 4168 terminabiles
1263 4108 1306 4169 de
1326 4126 1370 4183 se,
1385 4117 1419 4169 et
1438 4108 1523 4169 bene

372 4206 511 4270 termino
527 4205 644 4281 alienu,
663 4218 699 4271 ut
715 4207 746 4268 in
762 4228 838 4270 aere
854 4208 1009 4285 maxime,
1020 4218 1053 4271 et
1065 4209 1184 4272 deinde
1199 4208 1231 4271 in
1246 4230 1343 4292 aqua.
1390 4209 1522 4274 Siccum

405 4340 415 4373 ¹
436 4341 612 4391 ‘Intentiones
626 4342 795 4404 particulares
812 4359 879 4404 quae
896 4345 1151 4405 comprehenduntur
1167 4359 1247 4394 sensu
1258 4346 1328 4393 visus
1342 4352 1404 4394 sunt
1418 4345 1521 4406 multae,

373 4420 418 4469 sed
431 4420 589 4481 generaliter
600 4420 749 4470 dividuntur
759 4422 785 4469 in
801 4422 961 4483 vigintiduo,
975 4431 1001 4471 et
1016 4430 1078 4471 sunt
1091 4423 1143 4483 lux,
1156 4422 1236 4482 color,
1249 4423 1367 4483 remotio,
1381 4424 1452 4485 situs,
1467 4440 1524 4473 cor·

373 4498 492 4561 poreitas‚
512 4498 601 4560 ligura,
620 4500 777 4561 magnitudo,
797 4501 955 4561 continuum,
974 4501 1105 4560 discretio,
1122 4501 1259 4562 separatio,
1281 4516 1411 4560 numerus,
1429 4510 1522 4564 motus,

372 4576 598 4639 quies,asperitas,
610 4575 727 4637 laevitas,
737 4577 923 4639 diaphaneitas,
935 4578 1086 4640 spissitudo,
1098 4579 1194 4637 umbra,
1207 4579 1357 4639 obscuritas,
1369 4580 1522 4642 pulcritudo,

372 4654 511 4716 turpitudo,
531 4654 727 4716 consimilitudo,
740 4662 766 4703 et
780 4656 933 4717 diversitas
944 4656 1067 4717 Albazen,
1080 4656 1105 4706 ii.
1120 4670 1157 4717 15.
