3542 5359
380 603 577 663 MoRALJS
602 603 922 663 PHILOSOPHIA:
956 602 1072 663 PARS
1096 602 1282 678 QUARTA.
1352 616 1415 680 403

307 767 479 832 Praeterea
515 787 577 832 nec
607 787 781 849 possemus
813 767 977 832 sustinere
1014 777 1151 851 propter
1179 767 1346 832 horrorem
1381 777 1414 831 et

262 871 556 937 abominationem.
599 872 690 936 Nam
715 892 771 936 cor
791 871 975 936 humanum
995 891 1061 936 non
1081 881 1194 955 posset
1214 872 1355 957 perferre
1377 880 1414 935 ut

262 994 376 1039 carnes
391 977 510 1040 crudas
532 985 566 1039 et
580 977 672 1039 vivas
691 977 881 1039 masticaret
902 985 936 1039 et
954 973 1144 1041 comederet
1164 986 1198 1040 et
1220 976 1413 1059 sanguinem

262 1081 401 1143 crudum
424 1080 580 1145 hauriret.
626 1081 674 1144 Et
691 1081 768 1144 ideo
790 1074 920 1143 infinita
939 1081 1073 1144 bonitas
1094 1080 1232 1145 Domini
1250 1080 1283 1143 in
1302 1079 1413 1146 occul-

261 1185 388 1248 tatione
411 1183 509 1267 hujus
532 1183 737 1249 Sacramenti
760 1182 954 1248 declaratur.
1001 1182 1179 1248 Caeterum
1200 1183 1264 1247 alia
1287 1184 1413 1248 utilitas

262 1296 313 1350 est
328 1290 477 1352 maxima
492 1297 529 1352 ut
544 1288 710 1353 discamus
724 1289 871 1371 aspirare
894 1289 936 1352 ad
953 1307 1031 1353 vera
1045 1288 1143 1352 bona.
1189 1288 1278 1351 Nam
1302 1287 1411 1352 omnia

262 1392 456 1476 principalia
483 1392 571 1456 bona
598 1400 712 1456 nostra
732 1402 767 1456 et
792 1391 880 1456 mala
905 1402 982 1456 sunt
1009 1392 1205 1469 invisibilia3
1243 1402 1281 1455 ut
1310 1391 1413 1466 Deus,

261 1496 385 1581 Angeli
401 1507 435 1561 et
451 1495 575 1575 Sancti,
585 1507 618 1561 et
632 1497 701 1561 vita
716 1507 850 1561 aeterna
864 1507 900 1560 et
912 1497 1017 1561 virtus
1031 1517 1071 1561 ac
1085 1497 1202 1580 gratia,
1214 1497 1412 1575 Daemones,

260 1601 498 1683 purgatorium,
513 1611 547 1665 et
563 1599 716 1666 infernus.
762 1596 809 1664 Et
828 1599 891 1664 hoc
915 1620 979 1666 non
999 1610 1112 1684 posset
1134 1622 1205 1665 esse
1226 1599 1270 1665 de
1292 1622 1413 1683 genere

261 1703 492 1786 principalium
507 1704 668 1770 bonorum
685 1715 872 1768 nostrorum
896 1705 959 1768 nisi
982 1704 1202 1770 occultaretur
1221 1727 1241 1769 a
1262 1706 1411 1769 sensibus

261 1809 391 1882 nostris,
416 1819 553 1891 propter
577 1811 668 1892 quod
692 1809 858 1873 Dominus
879 1809 970 1884 dicit,
987 1805 1060 1872 Nisi
1084 1829 1146 1892 ego
1168 1810 1289 1885 abier0,
1313 1807 1412 1873 Para-

261 1911 365 1977 cletus
387 1933 454 1976 non
469 1915 580 1978 veniet
601 1914 645 1977 ad
660 1935 739 1990 vos;
766 1922 931 1995 quatenus
953 1913 1096 1978 sciamus
1118 1914 1208 1995 quod
1231 1912 1412 1978 debeamus

260 2017 418 2082 adherere
443 2017 540 2081 bonis
568 2017 785 2081 invisibilibus
811 2038 898 2100 quae
926 2037 991 2081 non
1017 2028 1198 2099 apparent;
1229 2018 1411 2082 secundum

261 2121 474 2204 Apostolum,
497 2121 549 2186 Ea
574 2131 768 2205 quaesunt,
794 2122 827 2186 id
854 2132 905 2184 est
930 2131 1101 2204 apparent,
1130 2132 1322 2204 reputemus
1344 2141 1411 2185 non

259 2246 341 2304 esse,
370 2235 405 2289 et
434 2247 475 2290 ea
504 2246 590 2309 quae
620 2243 687 2290 non
717 2235 880 2309 apparent
915 2233 1104 2306 reputemus
1137 2245 1209 2288 esse
1242 2235 1277 2290 et
1312 2225 1410 2290 bona.

261 2329 404 2394 Necesse
420 2329 483 2394 suit
502 2331 599 2394 nobis
620 2341 653 2394 et
668 2340 804 2414 propter
818 2329 999 2394 utilitatem
1022 2339 1170 2394 nostram
1190 2329 1352 2393 infinitam
1374 2342 1411 2395 ut

260 2434 386 2497 bonum
402 2432 565 2498 infinitum
580 2433 800 2498 occultaretur
814 2454 835 2496 a
849 2435 999 2498 sensibus
1016 2435 1147 2510 nostris,
1158 2445 1192 2500 et
1207 2434 1278 2499 solo
1291 2436 1411 2499 mentis

261 2537 382 2601 intuitu
398 2538 483 2601 hanc
501 2537 644 2602 salutern
659 2539 825 2603 sciremus.

303 2641 419 2706 Tertio
443 2643 616 2724 recipimus
639 2640 833 2707 facilitatem
857 2645 1013 2707 credendi
1037 2653 1172 2726 propter
1193 2664 1290 2706 usum
1314 2644 1408 2707 istius
1425 2653 1572 2720 Incorpora-

260 2745 475 2810 Sacramenti.
511 2745 600 2809 Nam
615 2746 642 2809 si
658 2746 778 2809 modus
786 2747 951 2810 existendi
963 2747 1065 2810 habet
1080 2743 1277 2810 infinitatem
1293 2746 1410 2811 salutis
1424 2722 1551 2838 {mih

260 2862 293 2915 et
317 2849 499 2932 majestatis
520 2859 554 2913 et
576 2849 814 2932 pulcritudinis,
834 2849 941 2914 multo
965 2850 1070 2935 magis
1091 2851 1162 2933 ipse
1182 2870 1260 2914 usus
1282 2850 1315 2912 in
1339 2871 1406 2932 quo

260 2955 335 3019 Deo
350 2953 587 3036 conjungimur.
618 2953 697 3018 Tria
713 2964 790 3016 sunt
805 2951 859 3019 hic
870 2952 1117 3018 consideranda.
1146 2954 1234 3017 Nam
1247 2953 1410 3019 nutrimur

259 3079 397 3142 corpore
417 3057 564 3140 glorioso
587 3068 621 3121 et
641 3057 800 3139 sanguine
819 3056 1004 3141 glorificato
1026 3068 1190 3141 potamur,
1213 3057 1315 3121 immo
1337 3067 1411 3122 toto

258 3163 400 3240 Christo,
432 3161 507 3226 Deo
535 3174 569 3227 et
601 3161 760 3238 Homine,
790 3161 963 3225 reficimur.
1014 3163 1091 3226 Hoc
1120 3171 1232 3226 autem
1263 3171 1312 3226 est
1338 3163 1408 3225 vita

256 3278 391 3332 aeterna
406 3277 440 3332 et
456 3266 544 3331 salus
564 3266 693 3330 infinita
709 3276 871 3348 quantum
887 3276 998 3350 potest
1016 3265 1098 3332 haec
1114 3267 1298 3330 mortalitas
1312 3267 1409 3331 susti·

256 3392 343 3437 nere.
370 3372 449 3435 Non
463 3372 551 3434 enirn
563 3371 681 3435 sufficit
694 3370 770 3434 Deo
781 3371 849 3434 suis
860 3372 1016 3435 creaturis
1028 3391 1088 3434 nos
1100 3390 1234 3455 pascere
1246 3380 1280 3434 et
1289 3381 1408 3455 potare

255 3477 463 3555 sensibiliter,
478 3477 538 3540 sed
560 3495 596 3539 se
618 3476 692 3560 ipso
715 3486 748 3540 et
769 3476 817 3540 sui
839 3495 938 3540 carne
958 3487 994 3541 et
1013 3473 1173 3561 sanguine
1195 3475 1410 3560 spiritualiter

257 3581 412 3647 refovere.
458 3581 591 3645 Deinde
604 3602 649 3644 ex
665 3580 921 3664 participatione
937 3580 1000 3644 Dei
1021 3590 1055 3645 et
1077 3579 1200 3645 Christi
1216 3580 1410 3645 deificamur

256 3697 290 3751 et
316 3684 568 3751 christificamur
593 3695 627 3748 et
651 3683 750 3748 fimus
777 3683 850 3760 Dei,
871 3686 1051 3748 secundum
1076 3686 1167 3768 quod
1195 3684 1407 3767 Philosophia

255 3790 355 3854 tertio
377 3787 651 3853 Consolationum
675 3787 844 3851 concludit
868 3789 959 3869 quod
985 3788 1238 3871 participatione
1263 3788 1408 3852 Deitatis

256 3894 340 3957 fiunt
361 3892 454 3955 multi
474 3893 537 3968 dei,
558 3890 636 3956 licet
657 3911 743 3954 unus
765 3891 808 3954 sit
828 3910 888 3974 per
905 3903 1066 3956 naturam.
1105 3892 1151 3955 Et
1176 3892 1251 3954 ideo
1274 3891 1405 3974 partici-

254 3998 389 4082 patione
406 3995 527 4060 Christi
542 3994 640 4059 fimus
655 3995 788 4061 Christi.
835 3995 880 4059 Et
897 4006 1031 4079 propter
1045 3995 1109 4059 hoc
1126 3994 1207 4059 dicit
1224 3993 1404 4078 Scriptura,

256 4104 332 4187 Ego
354 4103 435 4176 dixi,
459 4102 504 4166 dii
525 4101 623 4177 estis3
652 4109 686 4164 et
707 4101 799 4176 alibi,
823 4101 937 4166 Nolite
963 4112 1097 4185 tangere
1124 4099 1275 4166 Christos
1305 4121 1406 4166 meos.

256 4208 301 4272 Et
316 4209 397 4291 quid
412 4216 523 4290 potest
537 4205 640 4271 homo
653 4205 730 4288 plus
745 4216 858 4287 petere
874 4207 908 4268 in
923 4205 986 4269 hac
1001 4207 1069 4269 vita
1079 4202 1114 4270 ¹?

287 4335 296 4366 ¹
315 4336 387 4384 Here
403 4337 448 4384 the
465 4335 521 4384 MS.
533 4335 597 4385 both
614 4336 642 4384 iu
659 4335 692 4386 D.
707 4336 758 4384 and
776 4335 809 4386 Ο.
824 4335 918 4384 breaks
936 4335 975 4382 off
987 4333 1115 4395 abruptly.
1149 4333 1179 4382 ln
1197 4332 1242 4381 the
1259 4332 1405 4384 l'ourteenth

253 4415 361 4476 chapter
375 4414 406 4462 os
417 4414 489 4478 Opus
504 4414 622 4474 Tettium,
633 4415 661 4463 in
675 4415 763 4463 which
779 4413 824 4463 the
841 4413 883 4461 six
900 4413 1023 4461 divisions
1040 4411 1070 4460 οἱ
1083 4411 1135 4461 this
1152 4412 1257 4460 treatise
1274 4427 1308 4460 on
1327 4415 1406 4464 moral

254 4493 412 4555 philosophy
428 4507 473 4540 are
489 4492 581 4554 brielly
596 4493 738 4554 described,
754 4508 797 4541 we
814 4508 860 4540 see
876 4491 907 4539 os
921 4492 992 4540 what
1008 4492 1053 4540 tho
1071 4490 1179 4554 missing
1196 4490 1252 4539 fifth
1269 4492 1321 4540 und
1337 4492 1407 4544 sixth

253 4578 326 4633 parts
341 4570 481 4619 consisted.

287 4649 399 4711 ‘Quinte
415 4663 477 4712 pars
492 4656 534 4698 est
553 4649 586 4699 de
604 4657 691 4698 sectae
705 4648 757 4717 jam
774 4663 913 4711 permissae
930 4655 957 4697 et
973 4647 1097 4712 probatae
1114 4647 1302 4711 exhortatione,
1314 4649 1347 4698 ad
1361 4647 1407 4698 iru-

778 4729 879 4793 ndu
