3542 5359
409 602 470 683 482
670 607 1006 667 MULTIPLICATIO
1030 606 1286 667 SPECIERUM.

241 789 387 854 verticuli„
410 773 572 855 obliquos,
587 781 621 835 et
636 772 773 853 quidam
791 773 914 835 cadunt
924 774 966 835 ad
980 772 1119 856 angulos
1130 768 1237 835 rectos
1252 781 1285 834 et
1302 773 1344 835 ad
1361 780 1468 833 rectos
1484 788 1562 833 con-

240 855 352 971 3ξὲζῖξὲ
409 887 592 950 vertuntur,
603 886 641 940 ut
651 878 731 941 dicit
743 887 860 940 auctor
870 876 947 939 libri
957 879 1000 942 de
1012 875 1164 959 Speculis
1177 875 1470 952 comburentibus,
1483 872 1562 956 figu-

295 938 312 987 q
352 938 377 986 y.
410 982 516 1045 rando
539 1001 598 1062 per
617 981 745 1043 radium
761 1002 954 1045 conversum
969 982 1056 1045 duos
1071 981 1211 1063 angulos
1228 990 1346 1058 rectos,
1357 982 1436 1062 quia
1454 979 1562 1043 radius

409 1105 585 1148 conversus
601 1086 749 1149 continet
761 1105 836 1147 cum
853 1086 949 1165 linea,
962 1106 1047 1167 quae
1062 1096 1112 1149 est
1128 1086 1273 1150 directae
1285 1085 1470 1148 communis
1482 1084 1563 1146 inter

410 1188 618 1271 superficiem
641 1190 782 1253 duarum
802 1188 961 1253 linearum
984 1211 1069 1274 quae
1092 1199 1169 1253 sunt
1193 1190 1301 1252 radius
1324 1208 1508 1258 conversus,
1531 1194 1563 1249 et

410 1294 496 1359 inter
506 1293 712 1377 superficiem
729 1293 860 1375 planam
871 1314 957 1375 quae
968 1306 1018 1358 est
1032 1294 1221 1378 superficies
1233 1293 1358 1375 speculi
1369 1290 1443 1377 (aut
1454 1310 1563 1373 super-

410 1398 501 1462 ficies
521 1400 752 1479 contingentes
770 1397 906 1479 specula
924 1419 1068 1462 concava
1091 1408 1125 1461 et
1147 1396 1310 1481 gibbosa)‚
1327 1398 1412 1461 duos
1427 1395 1563 1480 angulos

411 1501 591 1585 aequales¹.
636 1500 782 1584 Quando
810 1502 909 1585 igitur
931 1504 1019 1567 cadit
1043 1504 1153 1566 radius
1176 1504 1218 1565 ad
1243 1501 1382 1585 angulos
1404 1502 1563 1583 obliquos,

411 1614 489 1666 ωηο
504 1602 644 1683 angulus
660 1602 859 1666 incidentiae
873 1613 1011 1666 vocatur
1027 1605 1090 1667 iste
1104 1602 1161 1685 qui
1180 1613 1230 1666 est
1245 1613 1371 1681 acutus,
1386 1612 1420 1665 et
1437 1622 1457 1664 a
1472 1609 1565 1683 parte

410 1706 520 1788 anguli
543 1707 655 1769 obtusi
680 1706 718 1769 fit
741 1705 877 1769 reflexio
900 1708 1084 1771 secundum
1106 1708 1326 1790 quantitatem
1350 1704 1463 1788 anguli
1487 1704 1565 1768 inci-

411 1811 554 1889 dentiae,
576 1811 623 1873 ita
644 1812 733 1891 quod
757 1809 813 1873 illa
838 1831 914 1893 pars
938 1813 1049 1893 anguli
1071 1812 1182 1875 obtusi
1206 1831 1292 1892 quae
1314 1822 1488 1893 separatur
1510 1828 1566 1892 per

411 1915 532 1978 lineam
552 1914 719 1990 reflexam,
734 1927 767 1977 et
791 1914 877 1977 linea
900 1935 987 1998 quae
1007 1926 1058 1980 est
1076 1916 1261 1980 communis
1283 1917 1428 1980 directae
1445 1917 1487 1979 de
1503 1933 1566 1996 qua

412 2019 538 2082 dictum
562 2030 622 2097 est,
643 2030 694 2083 est
714 2018 856 2101 angulus
880 2019 1078 2084 reflexionis.
1126 2020 1171 2082 Et
1187 2020 1233 2083 sic
1254 2019 1340 2083 linea
1361 2019 1513 2083 incidens
1534 2025 1566 2080 et

411 2123 496 2185 linea
512 2123 641 2186 rediens
656 2132 733 2185 sunt
748 2123 896 2184 diversae
915 2133 948 2185 et
971 2124 1002 2185 in
1024 2123 1162 2186 diversis
1178 2122 1259 2186 locis
1279 2124 1372 2199 sitae,
1394 2122 1426 2184 in
1447 2122 1565 2185 eadem

411 2238 523 2289 tamen
547 2225 729 2308 superficie,
752 2236 787 2290 et
809 2227 1018 2291 constituunt
1041 2248 1140 2291 unam
1165 2228 1286 2289 lineam
1310 2226 1461 2302 totalem,
1482 2246 1567 2307 quae

412 2333 455 2403 ab
481 2342 617 2395 auctore
644 2330 718 2393 libri
741 2333 783 2395 de
810 2328 964 2412 Speculis
991 2330 1271 2396 Comburentibus
1292 2341 1430 2394 vocatur
1454 2332 1567 2393 radius
1663 2350 1664 2421 ἧ

908 2457 1107 2512 conversus;
1140 2440 1293 2521 quamvis
1322 2448 1356 2503 et
1387 2438 1457 2520 ejus
1493 2456 1566 2519 pars
1663 2424 1664 2433 ἶ

499 2531 523 2598 d
910 2563 974 2606 una
990 2563 1077 2624 qnae
1092 2565 1111 2606 a
1127 2542 1298 2627 superficie
1320 2542 1445 2625 speculi
1463 2544 1567 2605 oritur

909 2657 1047 2711 vocetur
1082 2648 1215 2729 proprie
1251 2646 1376 2710 reflexa
1406 2646 1456 2709 vel
1490 2666 1572 2729 con-¹
1663 2650 1664 2653 ’

909 2772 1011 2815 versa.
1028 2761 1061 2815 et
1076 2752 1141 2814 alia
1153 2772 1239 2833 quae
1251 2772 1271 2815 a
1283 2772 1317 2815 re
1329 2750 1420 2813 venit
1433 2760 1568 2813 vocetur

911 2855 1043 2938 proprie
1068 2856 1223 2919 incidens.
1282 2854 1327 2918 Et
1350 2856 1432 2919 dicit
1458 2854 1568 2918 Ptole·
1663 2848 1664 2873 ¹

911 2980 1024 3024 maeus
1047 2960 1147 3022 tertio
1169 2960 1213 3022 de
1237 2959 1452 3042 Aspectibus‚
1477 2958 1567 3042 quod
1663 2956 1664 2997 l

856 3094 874 3161 b
909 3063 986 3127 talis
1008 3074 1058 3128 est
1082 3064 1203 3143 positio
1227 3062 1307 3125 radii
1332 3063 1513 3126 incidentis
1535 3071 1568 3126 et

910 3169 1024 3232 reflexi
1051 3170 1092 3232 ad
1121 3166 1261 3249 angulos
1286 3166 1449 3249 obliquos,
1479 3166 1567 3249 quod

910 3273 1136 3355 unusquisque
1160 3274 1299 3335 istorum
1322 3272 1464 3335 duorum
1495 3292 1567 3355 per-

411 3378 501 3442 venit
517 3379 559 3441 ad
575 3387 736 3461 punctum
752 3377 877 3460 speculi
896 3397 916 3439 a
936 3397 1004 3459 quo
1026 3376 1063 3439 fit
1088 3375 1231 3447 reflexio,
1248 3386 1283 3439 et
1298 3376 1473 3439 continent
1494 3394 1568 3439 cum

412 3481 674 3568 perpendiculari
685 3501 771 3562 quae
782 3483 825 3545 ab
836 3484 908 3565 ipso
919 3491 1044 3563 puncto
1054 3481 1204 3562 procedit
1215 3482 1257 3543 de
1267 3477 1402 3562 speculo
1412 3480 1569 3562 aequales

412 3586 561 3669 angulos,
577 3596 611 3649 et
625 3585 688 3649 hoc
704 3584 775 3649 vult
791 3584 944 3650 Alhazen
961 3585 1075 3647 etalii.
1122 3584 1172 3647 Ut
1194 3585 1221 3646 si
1245 3583 1414 3667 speculum
1438 3584 1482 3648 sit
1506 3606 1529 3647 a
1543 3582 1569 3655 b,

412 3703 446 3756 et
462 3692 571 3756 radius
588 3690 734 3754 incidens
749 3692 791 3753 sit
806 3689 866 3762 dc,
881 3698 915 3751 et
937 3688 1074 3751 reflexio
1094 3709 1111 3750 c
1117 3689 1150 3770 s,
1167 3697 1200 3752 et
1221 3688 1507 3769 perpendicularis
1528 3688 1570 3752 sit
1663 3708 1664 3755 5

413 3795 470 3871 kc,
485 3805 565 3858 tunc
579 3794 720 3876 angulus
735 3794 761 3856 d
768 3793 817 3855 ck
832 3801 866 3856 et
881 3792 966 3875 kcf
975 3802 1052 3855 sunt
1067 3791 1229 3872 aequales.
1277 3790 1421 3873 Quando
1437 3813 1519 3855 vero
1535 3790 1571 3854 fit

414 3899 550 3963 reflexio
565 3899 607 3961 ad
625 3896 764 3978 angulos
779 3907 896 3972 rectos
910 3905 987 3958 tunc
1004 3897 1090 3959 redit
1106 3895 1216 3958 radius
1231 3895 1263 3958 in
1279 3916 1323 3970 se,
1336 3905 1368 3957 et
1382 3896 1483 3959 simul
1498 3896 1571 3959 loco
1663 3908 1664 3935 ³

412 4013 490 4067 sunt
506 4004 653 4066 incidens
668 4001 754 4063 linea
769 4010 803 4063 et
818 4000 954 4075 rediens,
969 4010 1003 4062 et
1020 3998 1057 4061 fit
1074 4000 1183 4062 radius
1199 4019 1282 4062 unus
1305 4000 1513 4082 compositus
1528 4020 1572 4062 ex

413 4107 572 4170 incidenti
594 4114 628 4168 et
650 4105 807 4167 rediente.
852 4101 999 4183 Quando
1022 4122 1100 4164 vero
1123 4101 1335 4165 reflectuntur
1358 4101 1403 4165 ad
1426 4104 1572 4186 angulos
1616 4168 1620 4179 ,

420 3122 444 3163 u
622 3121 639 3161 u

587 3228 649 3277 Fre.
664 3228 704 3278 80.

447 4262 455 4289 ¹
471 4262 534 4311 This
553 4262 576 4311 is
596 4260 738 4323 expressed
755 4276 819 4322 very
835 4258 1009 4319 cumbrously‚
1028 4258 1078 4306 and
1095 4257 1184 4307 would
1200 4258 1233 4307 be
1252 4258 1324 4319 quite
1344 4258 1539 4321 unintelligible
1556 4261 1577 4309 il

414 4343 501 4392 Bacon
514 4341 556 4388 did
568 4348 614 4389 not
625 4338 729 4401 explain
742 4339 768 4387 in
780 4339 824 4385 the
841 4344 903 4385 next
918 4344 1043 4386 sentence
1055 4336 1109 4384 that
1126 4337 1212 4384 radius
1227 4350 1368 4385 conversus
1379 4352 1437 4385 was
1453 4339 1522 4386 used
1539 4338 1574 4399 by

413 4435 486 4468 some
497 4419 603 4467 authors
615 4425 642 4465 to
654 4418 749 4465 denote
760 4416 806 4463 the
815 4416 902 4463 whole
913 4430 966 4475 ray,
976 4414 1020 4462 the
1032 4414 1145 4462 incident
1158 4430 1187 4463 as
1199 4415 1259 4463 well
1271 4429 1299 4462 as
1311 4414 1355 4461 the
1367 4414 1492 4465 reflected
1506 4423 1572 4478 part.

414 4496 572 4560 Superficies
591 4497 698 4544 duarum
715 4493 849 4551 linearum,
868 4493 891 4541 is
909 4493 953 4542 the
971 4492 1048 4555 plane
1068 4492 1097 4540 ol
1111 4492 1155 4541 the
1172 4500 1226 4541 two
1243 4492 1322 4545 lines:
1346 4492 1391 4541 the
1407 4493 1464 4541 line
1482 4495 1511 4543 in
1529 4494 1574 4543 the

413 4575 547 4635 reflecting
562 4574 664 4621 sursace
679 4572 743 4621 with
758 4570 844 4619 which
863 4572 907 4619 the
924 4570 1015 4631 angles
1029 4569 1059 4617 os
1072 4570 1207 4617 incidence
1223 4570 1273 4618 and
1290 4570 1416 4618 rellexion
1434 4587 1479 4620 are
1498 4572 1574 4621 made

411 4654 467 4715 lies,
481 4652 511 4700 ol
518 4667 617 4712 course,
632 4651 659 4697 in
670 4650 715 4699 the
726 4664 799 4699 same
811 4650 888 4711 plane
901 4648 965 4697 with
976 4648 1045 4695 them
1059 4648 1168 4713 (directa
1179 4647 1340 4713 communis).
