3542 5359
369 636 429 695 422
637 613 974 674 MULTIPLICATIO
999 611 1253 673 SPECIERUM.

370 782 461 846 modi
495 790 648 843 auctores
678 776 907 860 intelliguntur
936 776 980 839 ad
1018 775 1146 839 literam
1184 775 1226 838 de
1264 765 1462 837 alteratione
1491 775 1529 834 et

370 885 583 969 generatione
605 881 761 955 sensibili,
783 892 818 946 et
841 881 1016 946 manifesta
1035 880 1144 944 sensui
1166 877 1355 962 particulari
1378 886 1412 939 et
1434 896 1530 941 corn·

371 990 473 1053 muni.
534 988 633 1051 Hanc
663 987 752 1052 enim
784 985 944 1050 naturalis
977 984 1195 1068 philosophus
1220 983 1417 1058 considerat,
1446 979 1528 1062 quia

370 1092 594 1177 principaliter
623 1092 809 1156 considerat
833 1112 873 1154 ea
897 1089 982 1172 quae
1005 1098 1082 1152 sunt
1104 1089 1148 1152 ad
1171 1107 1313 1165 sensum,
1342 1086 1528 1150 secundum

370 1199 460 1282 quod
472 1197 553 1261 dicit
565 1195 767 1260 Aristoteles
782 1194 904 1278 pluries
915 1196 1007 1277 quod
1018 1194 1202 1257 considerat
1214 1188 1407 1255 materiam1
1420 1189 1528 1253 sensi·

371 1302 472 1365 bilem
494 1311 528 1364 et
549 1320 590 1363 ea
609 1319 695 1382 quae
711 1320 826 1364 sensus
844 1309 941 1374 sunt;
972 1308 1007 1362 et
1033 1299 1108 1361 ideo
1131 1296 1212 1360 haec
1232 1304 1342 1377 potest
1365 1313 1437 1357 esse
1460 1311 1528 1355 una

371 1427 469 1470 causa
491 1424 594 1489 quare
620 1405 704 1467 inter
727 1403 866 1467 virtutes
888 1403 1017 1466 animae
1040 1401 1216 1464 sensitivae
1245 1397 1326 1462 nihil
1352 1397 1461 1478 tangit
1483 1395 1529 1459 de

371 1508 578 1572 aestimativa
598 1516 632 1569 et
650 1505 839 1589 cogitativa,
855 1524 942 1588 quae
964 1515 1117 1568 naturam
1136 1501 1325 1566 sensibilem
1347 1498 1530 1582 vulgariter

371 1612 549 1676 excedunt.
610 1609 788 1674 Sensibilia
821 1610 909 1673 enirn
932 1609 1069 1690 vulgato
1100 1606 1230 1671 nomine
1253 1605 1414 1681 dicuntur,
1437 1621 1528 1684 quae

371 1715 663 1798 apprehenduntur
696 1735 717 1778 a
750 1713 900 1778 sensibus
930 1711 1181 1796 particularibus
1211 1721 1245 1774 et
1281 1708 1457 1782 communi,
1492 1717 1529 1770 et

372 1820 447 1883 ideo
477 1839 543 1881 non
579 1819 668 1901 cogit
704 1817 761 1881 illa
794 1818 974 1882 auctoritas
1004 1837 1064 1881 nec
1093 1815 1206 1897 aliqua
1236 1813 1425 1878 consimilis.
1480 1811 1529 1874 Et

370 1933 482 2005 potest
504 1924 605 1987 etiam
625 1923 786 1987 veraciter
807 1923 872 1986 dici
889 1923 980 2004 quod
1000 1921 1208 1985 substantiae
1230 1927 1281 1982 est
1301 1917 1427 1999 aliquid
1449 1935 1530 1980 con·

370 2029 518 2106 trarium,
531 2036 568 2091 ut
584 2025 717 2090 inferius
732 2036 920 2110 exponetur
936 2047 944 2101 ;
965 2035 998 2089 et
1013 2034 1062 2089 est
1078 2026 1292 2090 contrarietas
1308 2024 1392 2087 inter
1403 2020 1529 2085 formas

371 2131 605 2197 substantiales
631 2131 871 2195 elementorum
899 2143 933 2194 et
956 2131 1159 2195 substantias
1181 2149 1315 2203 eorum;
1353 2137 1387 2191 et
1412 2135 1530 2188 tamen

372 2257 439 2300 non
462 2246 567 2319 agunt
592 2237 635 2300 ad
666 2235 803 2299 invicem
835 2235 1090 2298 transmutando
1114 2253 1150 2296 se
1177 2244 1211 2296 et
1242 2243 1358 2296 mutuo
1382 2249 1531 2295 corrum-

373 2344 494 2425 pendo.
532 2339 601 2405 Sed
619 2341 730 2422 quoad
747 2359 862 2403 eorum
875 2338 1110 2404 substantiales
1125 2348 1263 2403 naturae
1281 2337 1532 2402 considerantur

373 2447 472 2520 inse,
496 2465 562 2508 non
585 2455 723 2526 possunt
746 2445 1014 2507 contrarietatem
1038 2441 1179 2520 habere3
1217 2443 1275 2506 sed
1303 2443 1335 2504 in
1363 2450 1530 2523 quantum

372 2550 556 2614 contrariae
585 2557 673 2622 sunt,
705 2542 825 2635 [agunt
850 2567 886 2611 se
916 2547 1170 2628 corrumpendo,
1199 2545 1381 2610 secundum
1413 2563 1530 2609 eorum

372 2653 608 2719 substantiales
635 2654 757 2716 formas
766 2650 805 2734 ἦ]
850 2652 897 2716 Et
927 2652 990 2715 hoc
1013 2662 1065 2716 est
1096 2653 1186 2732 quod
1209 2649 1411 2714 Aristoteles
1438 2650 1531 2724 dicit,

372 2759 462 2840 quod
486 2759 572 2842 ignis
594 2767 627 2820 et
648 2768 736 2820 terra
752 2776 817 2819 non
836 2765 943 2838 agunt
962 2751 1144 2820 secundum
1159 2757 1251 2839 quod
1271 2754 1356 2838 ignis
1377 2765 1411 2816 et
1431 2763 1532 2832 terra,

372 2864 430 2926 sed
446 2863 478 2925 in
494 2873 656 2944 quantum
677 2861 842 2926 contraria
854 2860 875 2924 ³.
923 2860 1001 2923 Non
1016 2870 1129 2923 tamen
1150 2859 1303 2942 intelligit
1326 2858 1379 2922 bic
1396 2858 1440 2922 de
1459 2857 1531 2922 sola

373 2968 609 3032 contrarietate
625 2967 710 3029 inter
724 2965 911 3029 accidentia
929 2964 1179 3043 elementorum,
1195 2965 1273 3027 licet
1293 2965 1336 3028 de
1351 2962 1407 3026 illa
1424 2963 1532 3045 magis

373 3070 607 3153 exemplificat,
616 3071 694 3152 quia
702 3070 890 3134 sensibilior
901 3079 969 3148 est;
984 3070 1043 3133 sed
1056 3071 1098 3134 de
1107 3070 1338 3131 contrarietate
1348 3066 1531 3130 formarum

373 3173 641 3238 substantialium
665 3194 790 3249 eorum,
807 3183 944 3257 propter
959 3193 1044 3255 quae
1067 3173 1105 3236 fit
1126 3171 1255 3236 fallacia
1274 3171 1532 3236 contradicentis

374 3280 406 3340 in
429 3277 649 3343 cavillatione.
695 3278 742 3342 Et
761 3278 837 3342 licet
858 3277 1060 3342 Aristoteles
1084 3278 1174 3340 dicat
1201 3276 1316 3358 logice,
1338 3276 1429 3356 quod
1454 3276 1532 3339 sub·

373 3383 516 3444 stantiae
543 3381 624 3445 nihil
650 3391 701 3446 est
728 3383 940 3456 contrarium,
963 3392 1077 3446 tamen
1105 3390 1200 3463 patet
1219 3382 1310 3462 quod
1337 3400 1404 3443 uno
1428 3381 1532 3443 modo

374 3494 426 3548 est
449 3485 662 3548 contrarietas
689 3486 873 3568 aliquarum
902 3483 1083 3550 formarum
1112 3485 1197 3548 circa
1224 3486 1312 3548 idern
1339 3483 1531 3566 subjectum

374 3589 550 3652 actualiter
563 3589 778 3654 constitutum
799 3592 831 3653 in
855 3610 927 3654 esse
946 3589 1109 3672 specifico,
1126 3599 1163 3653 ut
1185 3588 1349 3652 albedinis
1365 3601 1399 3652 et
1421 3590 1531 3671 nigre·

374 3694 461 3757 dinis
476 3694 562 3758 circa
577 3704 709 3771 sortem,
725 3705 758 3758 et
773 3694 871 3757 calidi
888 3705 923 3759 et
938 3694 1046 3776 frigidi
1063 3693 1149 3756 circa
1166 3693 1302 3776 lignum.
1350 3692 1396 3755 Et
1418 3691 1533 3776 hujus-

376 3798 468 3862 modi
482 3799 698 3863 contrarietas
714 3819 781 3861 non
795 3809 846 3862 est
861 3799 893 3861 in
909 3798 1093 3862 substantia
1109 3799 1167 3860 sed
1185 3797 1331 3859 maxime
1346 3808 1406 3860 aut
1422 3796 1531 3861 solum

377 3903 410 3965 in
428 3901 597 3984 qualitate,
616 3912 650 3966 et
670 3904 713 3966 de
733 3902 795 3966 hac
816 3903 963 3986 loquitur
979 3902 1013 3964 in
1030 3900 1308 3966 Praedicamentis
1326 3901 1395 3965 suis
1417 3902 1532 3984 logice,

377 4009 463 4070 etad
481 4008 730 4071 instructionem
746 4027 907 4089 grossam,
917 4016 950 4070 et
962 4005 1111 4070 similiter
1125 4006 1159 4068 in
1169 4006 1286 4088 quinto
1303 4004 1532 4087 Physicorum.
1551 4015 1562 4031 '

378 4111 447 4174 Sed
475 4112 570 4175 aliter
600 4112 690 4188 dicit,
721 4112 753 4174 in
786 4110 851 4173 fine
873 4111 915 4173 de
943 4111 1175 4189 Generatione,
1202 4109 1426 4175 substantiam
1461 4133 1533 4178 esse

376 4216 581 4279 substantiae
603 4217 818 4290 contrariam3
844 4223 879 4277 et
901 4215 932 4276 in
949 4215 1055 4297 primo
1076 4211 1327 4298 Physicorum⁴,
1342 4216 1435 4298 quod
1454 4237 1534 4281 con·

411 4376 418 4404 ¹
436 4383 560 4437 naturam,
575 4376 615 4436 0,
630 4377 770 4440 materiam,
785 4377 852 4438 Reg.

410 4454 420 4481 ²
435 4454 492 4503 The
502 4455 591 4502 words
603 4454 630 4503 in
641 4455 758 4504 brackets
770 4471 815 4504 are
827 4453 936 4503 omitted
948 4453 974 4503 in
988 4455 1055 4518 Reg.

411 4533 477 4580 'De
495 4532 554 4580 Gen.
569 4533 593 4581 ii.
608 4533 732 4595 Μογῆ
746 4532 791 4594 μὶν
807 4531 855 4596 γὰρ
872 4533 932 4596 ἀέρι,
948 4533 1011 4597 ὕδωρ
1027 4531 1052 4582 bi
1071 4532 1124 4597 rupi
1140 4531 1249 4583 ἐναντίον
1267 4531 1342 4591 ioris,
1360 4533 1391 4584 ὡς
1407 4535 1537 4598 ἐνδέχεται

378 4609 462 4658 οὐσίαν
471 4611 544 4673 οὐσίᾳ
554 4609 665 4658 ἐναντίαν
677 4609 745 4661 εἶναι.
781 4612 820 4661 Cf.
833 4611 873 4660 De
884 4613 961 4672 Coelo,
976 4613 1000 4662 ii.
1015 4628 1038 4676 3,
1055 4617 1067 4672 ξ
1079 4628 1104 4674 3.

411 4690 418 4714 “
438 4689 476 4737 Cf.
490 4689 534 4738 the
546 4690 690 4739 discussion
703 4691 733 4739 oi
740 4692 790 4740 this
802 4693 920 4753 question
934 4693 960 4742 in
971 4691 1030 4741 Nat.
1042 4691 1067 4738 Α
1072 4691 1157 4740 uscult.
1170 4693 1186 4740 i.
1200 4707 1254 4755 cap.
1267 4707 1291 4754 5,
1303 4693 1328 4752 6,
1342 4707 1366 4753 7.
