3542 5359
450 654 776 716 PERSPECTIVAE
801 652 916 713 PARS
941 652 1102 711 PRIMA:
1135 649 1245 709 DIST.
1277 648 1327 707 VI.
1424 662 1464 725 35

648 1076 931 1144 DISTINCTIO
956 1076 1128 1142 SEXTA.

338 1254 393 1318 De
408 1253 626 1319 evacuatione
640 1250 844 1317 confusionis
857 1249 1003 1330 videndi,
1018 1248 1145 1313 habens
1159 1248 1270 1331 capita
1285 1258 1437 1331 quatuor.

747 1605 975 1691 Caumuuuu
1000 1604 1027 1669 1.

353 1764 392 1827 in
409 1785 479 1848 quo
492 1762 714 1847 principaliter
724 1760 912 1827 excluditur
923 1761 1072 1826 conlusio
1082 1761 1228 1842 videndi,
1236 1781 1323 1844 quae
1333 1761 1463 1826 videtur

305 1870 381 1932 oriri
398 1890 442 1933 ex
459 1871 624 1952 parvitate
639 1868 793 1953 pupillae.

352 2041 640 2108 Considerandum
653 2064 734 2126 ergo
744 2052 804 2122 eet,
813 2043 915 2124 quod,
924 2051 961 2108 ut
973 2044 1007 2106 in
1023 2043 1244 2126 superioribus
1258 2042 1462 2107 verificatum
1476 2050 1549 2129 Ray-s
1555 2069 1611 2117 per-

304 2145 387 2225 ὅτι,
402 2148 491 2213 actio
505 2149 664 2213 naturalis
678 2149 865 2231 completur
880 2169 940 2231 per
950 2150 1168 2232 pyramidem,
1182 2148 1277 2231 cujus
1293 2170 1397 2213 conus
1412 2158 1463 2214 est
1475 2118 1621 2235 molar

306 2252 342 2315 iu
366 2253 524 2336 patiente,
546 2264 580 2318 et
602 2253 691 2318 basis
713 2263 764 2317 est
786 2253 977 2336 superficies
997 2255 1136 2337 agentis
1180 2253 1271 2319 Nam
1293 2254 1340 2318 sic
1360 2255 1462 2320 virtus
1476 2250 1624 2299 oculusn-

304 2358 398 2423 venit
416 2378 436 2421 a
453 2368 527 2423 toto
548 2370 668 2443 agente
689 2358 823 2442 objecto
845 2356 995 2442 patienti,
1010 2369 1047 2423 ut
1067 2358 1158 2442 prius
1179 2359 1383 2425 declaratum
1404 2367 1464 2438 est,
1476 2316 1603 2431 ἓξὲξ

305 2472 473 2545 quatenus
499 2464 588 2529 actio
617 2463 711 2529 sortis
741 2464 784 2527 sit
813 2474 848 2528 et
877 2462 1066 2547 completa;
1095 2474 1130 2529 et
1159 2463 1235 2528 ideo
1261 2466 1294 2529 in
1315 2465 1387 2528 visu
1414 2464 1461 2528 sic
1475 2446 1631 2499 considered.

307 2567 463 2649 exigitur,
478 2578 515 2632 ut
530 2588 550 2633 a
566 2578 638 2633 tota
656 2568 828 2650 superficie
846 2568 975 2651 agentis
989 2568 1099 2633 veniat
1118 2571 1252 2653 species
1298 2568 1367 2635 Sed
1385 2569 1461 2634 licet

307 2670 345 2733 in
360 2671 554 2737 alteratione
568 2672 709 2737 naturali
721 2672 919 2756 patientium
930 2672 1086 2755 exigatur
1096 2674 1186 2756 quod
1198 2674 1348 2757 singulae
1360 2694 1460 2756 pyra·

309 2776 418 2841 naides
432 2778 568 2843 veniant
587 2778 631 2843 ad
653 2777 801 2859 singulas
822 2786 934 2859 partes
955 2776 1120 2860 patientis,
1135 2787 1271 2860 propter
1289 2776 1355 2841 hoc
1367 2780 1458 2860 quod

307 2881 447 2963 quilibet
466 2891 610 2965 punctus
628 2882 784 2966 patientis
804 2882 905 2945 debet
925 2881 1064 2960 alterari,
1079 2890 1191 2945 tamen
1211 2881 1245 2943 in
1265 2880 1462 2945 alteratione

307 2986 399 3049 visus
414 2985 639 3069 principaliter
658 3007 723 3051 non
743 2986 889 3069 exigitur
908 2987 971 3051 nisi
992 2987 1082 3069 quod
1105 3006 1172 3051 una
1191 2984 1338 3069 pyramis
1352 2986 1462 3049 veniat

305 3092 354 3157 ab
368 3101 499 3173 agente,
513 3101 547 3156 et
562 3110 666 3155 conus
681 3091 780 3155 cadat
795 3091 829 3154 in
849 3090 991 3170 oculum,
1006 3111 1093 3174 quae
1112 3090 1259 3175 pyramis
1277 3090 1366 3155 cadit
1387 3110 1462 3173 per-

307 3197 568 3279 pendiculariter
582 3216 681 3280 super
701 3194 845 3275 oculum,
859 3195 906 3260 ita
926 3198 1017 3277 quod
1038 3216 1157 3261 omnes
1178 3196 1250 3278 ejus
1272 3193 1378 3260 lineae
1398 3194 1462 3261 sint

307 3301 599 3384 perpendiculares
616 3322 716 3383 super
733 3300 853 3384 ipsum.
898 3301 988 3364 Nam
1004 3300 1227 3383 principaliter
1242 3320 1308 3364 non
1328 3302 1462 3383 requiri-

307 3416 374 3485 tur,
384 3406 443 3471 nisi
457 3407 549 3489 quod
564 3406 654 3469 visus
667 3404 824 3488 percipiat
834 3404 990 3470 distincte
1002 3426 1071 3470 rem
1083 3407 1189 3489 ipsam
1206 3417 1240 3470 et
1251 3406 1462 3472 certitudina-

309 3512 385 3577 liter
409 3521 444 3576 et
466 3509 675 3589 sufficienter,
690 3520 724 3575 et
743 3508 808 3573 hoc
831 3508 901 3573 lieri
921 3520 1033 3593 potest
1052 3531 1112 3592 per
1129 3531 1229 3575 unam
1251 3511 1460 3593 pyramidem

307 3616 344 3679 in
359 3636 426 3697 qua
440 3614 507 3679 sint
523 3624 576 3680 tot
595 3614 700 3679 lineae
721 3623 804 3695 quot
826 3624 903 3678 sunt
927 3624 1039 3697 partes
1052 3614 1105 3678 vel
1123 3625 1248 3698 puncta
1269 3615 1302 3678 iu
1323 3634 1462 3699 corpore

307 3720 389 3799 viso,
410 3740 511 3805 super
532 3738 616 3802 quas
638 3718 768 3802 species
788 3717 936 3801 singulae
957 3719 1090 3783 veniant
1110 3741 1130 3783 a
1151 3719 1289 3804 singulis
1310 3721 1462 3802 partibus

307 3844 414 3906 usque
434 3826 479 3891 ad
499 3823 645 3889 anterius
665 3821 803 3907 glaciale
826 3822 859 3887 in
881 3843 951 3905 quo
970 3831 1021 3886 est
1035 3822 1139 3887 virtus
1157 3822 1269 3889 visiva.
1315 3824 1362 3889 Et
1385 3824 1460 3889 illae

307 3926 415 3992 lineae
424 3927 692 3992 terminabuntur
706 3928 749 3991 ad
765 3926 912 4010 singulas
926 3937 1039 4009 partes
1052 3926 1210 4009 glacialis,
1219 3938 1257 3992 ut
1267 3930 1462 3994 ordinentur

305 4033 434 4115 species
448 4034 594 4115 partium
610 4032 656 4095 rei
672 4032 760 4097 visae
775 4031 808 4095 in
823 4029 1013 4112 superficies
1027 4030 1168 4095 membri
1187 4032 1359 4097 sentientis
1373 4034 1460 4098 sicut

306 4146 385 4201 sunt
408 4146 521 4221 partes
551 4132 585 4199 in
615 4156 651 4200 re
681 4136 753 4217 ipsa
782 4136 963 4213 ordinatae,
984 4146 1150 4217 quatenus
1179 4136 1372 4203 distinctum
1401 4137 1461 4203 fiat

302 4240 464 4323 judicium
481 4240 526 4306 dc
540 4240 676 4322 singulis
692 4240 839 4323 partibus
858 4249 893 4303 et
912 4259 981 4303 nou
998 4238 1181 4306 confusum.
1226 4240 1272 4305 Et
1286 4253 1363 4306 suut
1377 4241 1461 4307 istae

306 4344 412 4409 lineae
421 4344 712 4430 perpendiculares
723 4364 822 4427 super
830 4342 963 4409 oculum
975 4354 1012 4408 ut
1021 4344 1173 4411 fortiores
1183 4344 1308 4429 species
1316 4345 1460 4425 veniant,

306 4460 470 4531 quatenus
494 4459 611 4533 posset
631 4448 758 4513 fortiter
779 4457 813 4512 et
835 4457 992 4531 potenter
1008 4467 1048 4512 ac
1067 4448 1269 4513 sufficienter
1282 4448 1402 4528 videre,
1425 4460 1460 4513 et

301 4552 450 4638 judicare
461 4555 507 4620 de
523 4552 644 4637 reipsa
654 4554 836 4619 secundum
848 4572 920 4618 esse
931 4572 1040 4619 suum.
1085 4552 1174 4619 Nam
1190 4551 1306 4619 oculus
1320 4562 1379 4619 aut
1393 4572 1461 4619 non

767 4689 777 4721 ¹
794 4688 836 4740 cf.
845 4690 896 4740 vol.
908 4689 925 4739 i.
937 4706 963 4754 p.
979 4704 1033 4755 up

849 4788 909 4841 Da
