3542 5359
194 2604 257 2654 Serr-

369 665 431 725 ²92
584 645 740 706 OPERIS
763 644 954 715 MAJORIS
978 644 1093 704 PARS
1117 641 1316 704 SEPTIMA.

370 811 476 895 major
496 820 574 895 post
596 811 780 888 Platonem,
796 810 1007 874 maledicenti
1031 809 1062 872 ei
1084 810 1229 893 quodam
1250 811 1347 889 dixit,
1365 808 1418 872 Tu
1441 804 1522 870 mihi

370 917 557 982 maledicis:
581 936 645 999 ego
659 925 746 980 teste
764 914 965 980 conscientia
981 916 1082 980 didici
1105 915 1283 980 maledicta
1301 923 1522 978 contemnere.

370 1023 539 1102 Diogenes
562 1018 815 1104 Philosophus¹,
838 1030 874 1083 ut
899 1018 998 1084 refert
1021 1018 1148 1086 Seneca
1172 1020 1257 1085 libro
1273 1021 1372 1086 tertio
1393 1020 1436 1083 de
1459 1017 1521 1094 Ira,

368 1128 438 1190 ‘cui
458 1127 501 1192 de
523 1128 571 1191 ira
593 1147 669 1191 cum
693 1125 842 1189 maxime
863 1125 1037 1190 disserenti
1061 1125 1254 1190 adolescens
1275 1136 1447 1208 protervus
1470 1123 1520 1184 in·

368 1235 465 1315 spuit,
491 1234 567 1298 tulit
596 1231 661 1296 hoc
690 1229 809 1294 leniter
837 1240 872 1293 et
902 1230 1078 1312 sapienter.
1123 1229 1202 1293 Non
1233 1230 1379 1312 quidem.
1403 1227 1519 1310 inquit,

367 1337 498 1408 irascor,
528 1337 587 1401 sed
618 1337 736 1401 dubito
766 1344 878 1399 tamen
913 1353 955 1398 an
987 1333 1081 1399 irasci
1115 1332 1287 1418 oporteat!
1345 1333 1389 1396 Et
1423 1331 1521 1395 insert

369 1440 505 1519 Seneca,
514 1444 522 1473 ‘
532 1441 670 1523 Quanto
680 1438 812 1502 videtur
823 1438 955 1522 sapiens
969 1437 1085 1504 melius
1097 1441 1164 1522 qui,
1173 1459 1247 1502 cum
1261 1438 1373 1522 agenti
1385 1455 1518 1500 causam

368 1545 401 1607 in
426 1545 569 1609 frontem
594 1544 737 1608 mediam
763 1552 926 1624 quantum
953 1552 1085 1627 poterat
1112 1553 1255 1608 attracta
1279 1542 1392 1626 pingui
1415 1541 1520 1605 saliva

367 1649 541 1733 inspuisset
573 1647 735 1712 Lentulus
764 1646 929 1720 factiosus,
960 1649 1116 1713 abstersit
1149 1646 1277 1724 faciem,
1306 1655 1351 1724 et,
1380 1646 1522 1718 affirmo,

366 1752 482 1834 inquit,
505 1751 671 1827 omnibus,
692 1750 842 1827 Lentule,
860 1750 928 1814 falli
955 1771 1013 1816 eos
1035 1753 1092 1834 qui
1113 1763 1147 1816 te
1170 1760 1292 1834 negant
1314 1771 1352 1814 os
1374 1743 1518 1813 hahere!

368 1857 580 1921 Democritus
603 1877 682 1921 vero
708 1855 926 1939 philosophus
952 1856 1070 1920 similis
1097 1854 1226 1922 Socrati
1257 1855 1319 1918 fuit
1349 1854 1381 1918 in
1406 1853 1518 1917 vultus

366 1964 555 2027 serenitate.
600 1963 690 2026 Nam
721 1971 758 2024 ut
789 1960 916 2026 Seneca
947 1972 1067 2037 narrat,
1091 1961 1175 2026 libro
1204 1961 1349 2026 secundo
1380 1962 1422 2024 dc
1455 1959 1519 2036 Ira,

366 2066 566 2151 ‘Nunquam
591 2067 662 2129 sine
686 2063 776 2130 risu²
794 2067 827 2130 in
848 2066 981 2149 publico
1002 2067 1127 2142 fuerat,
1151 2067 1234 2130 adeo
1253 2065 1298 2129 illi
1321 2064 1400 2128 nihil
1424 2065 1518 2127 vide-

365 2171 465 2235 batur
486 2153 608 2236 serium
630 2190 851 2253 eorumquae
873 2170 960 2234 serio
977 2169 1193 2255 gerebantur?
1240 2169 1308 2235 Sed
1329 2168 1519 2233 Heraclitus

365 2273 593 2359 philosophus,
607 2283 645 2338 ut
663 2273 787 2339 ibidem
810 2275 928 2338 recitat
951 2273 1085 2352 Seneca,
1100 2274 1269 2358 ‘quotiens
1291 2274 1460 2356 prodierat
1484 2282 1518 2334 et

365 2389 496 2443 tanturn
512 2379 598 2444 circa
613 2400 649 2443 se
665 2377 749 2443 male
764 2379 944 2442 viventium
961 2379 1065 2443 immo
1082 2377 1386 2462 malepereuntium
1403 2395 1519 2440 nume-

366 2501 437 2545 rum
455 2485 591 2561 viderat,
606 2483 719 2562 flebat,
735 2482 954 2548 miserebatur
970 2481 1137 2547 omnium!

411 2587 579 2672 Exempla
603 2588 703 2671 igitur
730 2588 813 2651 haec
842 2597 876 2652 et
906 2587 1096 2671 hujusmodi
1126 2596 1205 2651 sunt
1231 2585 1518 2671 philosophorum.

194 2669 345 2798 {ffissin
368 2691 455 2757 Sunt
470 2704 583 2757 autem
599 2702 634 2757 et
648 2692 788 2757 aliorum
810 2692 897 2756 sacta
918 2692 1088 2756 imitanda.
1134 2691 1220 2756 Cum
1234 2713 1314 2756 vero
1330 2691 1519 2772 Cambyses

196 2817 269 2856 men:

365 2817 426 2861 rex
444 2798 606 2880 pessimus
626 2797 784 2880 sagittam
806 2797 839 2860 in
862 2816 920 2860 cor
943 2795 999 2859 filii
1026 2796 1222 2870 demisisset,
1247 2805 1281 2860 et
1304 2805 1475 2878 quaereret
1497 2815 1520 2857 a

365 2911 460 2986 patre
483 2922 526 2967 an
549 2912 674 2966 certam
704 2901 843 2965 haberet
869 2921 1012 2974 manum,
1035 2911 1137 2984 atque
1163 2901 1296 2985 negavit
1321 2900 1516 2984 Apollinem

365 3007 484 3070 certius
510 2993 686 3071 demittere
710 3006 877 3087 sagittam,
909 3025 975 3069 non
1012 3004 1187 3070 maledixit
1218 3007 1286 3090 regi
1321 3003 1517 3089 nullumque

365 3111 475 3174 emisit
508 3110 691 3174 calamitosi
718 3112 865 3182 verbum,
893 3129 968 3174 cum
993 3129 1099 3192 aeque
1126 3130 1302 3175 corsuum
1329 3130 1430 3191 quam
1458 3109 1519 3174 lilii

364 3214 563 3277 transfixum
582 3215 709 3278 videret
719 3211 742 3274 ⁸.
788 3213 888 3289 Nam,
911 3214 937 3278 si
959 3214 1039 3295 quid
1062 3224 1223 3296 tanquam
1242 3213 1345 3278 iratus
1367 3215 1520 3290 dixisset,

341 3316 444 3380 -nihit
474 3328 635 3399 tanquam
669 3326 764 3399 pater
794 3318 903 3381 facere
933 3318 1105 3400 potuisset.
1151 3317 1246 3382 Haec
1275 3319 1357 3382 dicit
1389 3317 1520 3382 Seneca

364 3421 449 3485 libro
473 3423 569 3484 tertio
592 3423 635 3486 de
659 3421 721 3485 Ira.
768 3421 815 3487 Et
838 3422 936 3486 insert
959 3442 1033 3486 cum
1064 3423 1140 3485 Rex
1165 3422 1338 3486 Persarum
1362 3423 1520 3506 apposuit

364 3525 505 3608 Arpago
520 3526 628 3589 amico
648 3545 709 3588 suo
725 3525 865 3589 ‘liberos
884 3525 1068 3608 epulandos
1083 3535 1118 3590 et
1133 3526 1296 3609 quaesivit
1311 3547 1353 3590 an
1370 3525 1519 3610 placeret

364 3630 545 3704 conditura,
565 3629 745 3709 respondit,
769 3628 872 3711 Apud
896 3649 1008 3711 regem
1031 3631 1138 3694 omnis
1161 3650 1264 3695 coena
1290 3630 1438 3714 jucunda
1465 3641 1519 3696 est

365 3780 373 3795 .
392 3778 399 3795 .
416 3781 424 3796 .
441 3732 504 3797 hoc
519 3731 649 3797 interim
671 3732 801 3816 colligo,
818 3753 916 3816 posse
936 3754 980 3796 ex
1000 3733 1190 3818 ingentibus
1210 3733 1304 3798 malis
1323 3743 1519 3800 nascentem

364 3839 446 3900 iram
465 3837 622 3900 abscondi
639 3837 730 3900 etad
746 3837 846 3900 verba
860 3837 1026 3901 contraria
1041 3833 1134 3920 cogi'

407 3941 453 4005 Et
468 3941 570 4016 addit,
580 3942 587 3970 ‘
597 3938 666 4004 Sed
681 3959 757 4004 cum
773 3938 888 4004 utilis⁴
901 3942 944 4004 sit
959 3941 1177 4006 servientibus
1189 3942 1367 4007 affectuum
1380 3963 1519 4009 suorum

393 4127 622 4189 *Delmiitgu
1266 4127 1321 4179 Πὸ.
1334 4131 1360 4180 ii.
1376 4147 1414 4180 10.

393 4207 451 4255 ’rh
473 4207 509 4255 iii.
534 4223 572 4266 14.
607 4205 630 4254 lt
646 4205 728 4267 might
744 4205 778 4254 be
799 4205 901 4254 wished
924 4207 980 4255 that
1004 4205 1093 4255 Bacon
1116 4207 1168 4256 bad
1190 4209 1287 4269 quoted
1309 4209 1355 4258 the
1378 4211 1469 4260 words
1492 4213 1524 4261 of

360 4287 493 4347 righteous
516 4284 678 4346 indignation
698 4284 764 4332 with
784 4284 872 4332 which
893 4283 995 4332 Seneca
1016 4285 1075 4334 tells
1099 4287 1144 4334 the
1163 4293 1247 4348 story.
1281 4287 1331 4336 ‘Di
1354 4288 1425 4338 illum
1449 4292 1519 4340 male

360 4364 471 4425 perdant
492 4363 578 4411 animo
601 4362 684 4424 magis
703 4377 780 4423 quam
797 4362 947 4411 conditione
971 4363 1138 4426 mancipium!
1173 4364 1330 4415 Sceleratius
1352 4368 1432 4416 telum
1453 4369 1519 4418 illud

360 4441 489 4489 laudatum
504 4447 545 4489 est
559 4455 635 4501 quam
652 4438 775 4489 missum?
810 4439 862 4488 But
879 4440 932 4488 this
947 4441 998 4489 and
1016 4441 1059 4490 the
1073 4438 1208 4504 following
1222 4451 1296 4505 story
1307 4461 1353 4494 are
1369 4447 1433 4508 only
1445 4463 1518 4496 men-

360 4518 449 4566 tioned
467 4525 495 4564 to
512 4518 588 4565 show
603 4517 648 4566 the
663 4516 809 4579 possibility
821 4517 851 4566 ol
862 4519 1052 4578 sels-restraint,
1063 4519 1175 4568 without
1191 4523 1318 4584 touchiug
1333 4523 1378 4572 the
1395 4526 1519 4586 question

359 4595 422 4642 how
434 4595 473 4641 iar
482 4593 664 4642 sels-restraint
675 4609 732 4643 was
743 4596 934 4658 praisewonby
945 4611 976 4645 or
986 4597 1184 4660 blameworthy.

393 4672 451 4718 ‘rb
466 4671 501 4719 iii.
515 4673 552 4733 16,
566 4687 606 4732 aa,
621 4686 661 4732 23.
