<?xml version="1.0" encoding="UTF-8"?>
<!DOCTYPE html PUBLIC "-//W3C//DTD XHTML 1.0 Transitional//EN"
    "http://www.w3.org/TR/xhtml1/DTD/xhtml1-transitional.dtd">
<html xmlns="http://www.w3.org/1999/xhtml" xml:lang="en" lang="en">
 <head>
  <title>
</title>
<meta http-equiv="Content-Type" content="text/html;charset=utf-8" />
  <meta name='ocr-system' content='tesseract 3.04.00' />
  <meta name='ocr-capabilities' content='ocr_page ocr_carea ocr_par ocr_line ocrx_word'/>
</head>
<body>
  <div class='ocr_page' id='page_1' title='image "./opusmajusrogerb02bridgoog/opusmajusrogerb02bridgoog_0179.png"; bbox 0 0 3542 5359; ppageno 0'>
   <div class='ocr_carea' id='block_1_1' title="bbox 351 603 1282 677">
    <p class='ocr_par' dir='ltr' id='par_1_1' title="bbox 351 603 1282 677">
     <span class='ocr_line' id='line_1_1' title="bbox 351 603 1282 677; baseline -0.003 -12"><span class='ocrx_word' id='word_1_1' title='bbox 351 605 409 665; x_wconf 90' lang='lat'>160</span> <span class='ocrx_word' id='word_1_2' title='bbox 580 605 735 665; x_wconf 86' lang='lat' dir='ltr'><em>OPERIS</em></span> <span class='ocrx_word' id='word_1_3' title='bbox 760 605 948 675; x_wconf 78' lang='lat' dir='ltr'>MAJORIS</span> <span class='ocrx_word' id='word_1_4' title='bbox 974 604 1087 662; x_wconf 80' lang='lat' dir='ltr'>PARS</span> <span class='ocrx_word' id='word_1_5' title='bbox 1111 603 1282 677; x_wconf 84' lang='lat' dir='ltr'><em>QUINTA.</em></span> 
     </span>
    </p>
   </div>
   <div class='ocr_carea' id='block_1_2' title="bbox 181 766 1506 2730">
    <p class='ocr_par' dir='ltr' id='par_1_2' title="bbox 347 766 1506 2522">
     <span class='ocr_line' id='line_1_2' title="bbox 348 766 1506 852; baseline -0.002 -18"><span class='ocrx_word' id='word_1_6' title='bbox 348 781 480 834; x_wconf 91' lang='lat' dir='ltr'>tantum</span> <span class='ocrx_word' id='word_1_7' title='bbox 508 769 748 852; x_wconf 85' lang='lat' dir='ltr'>multiplicatur</span> <span class='ocrx_word' id='word_1_8' title='bbox 773 769 858 833; x_wconf 92' lang='lat' dir='ltr'>sicut</span> <span class='ocrx_word' id='word_1_9' title='bbox 884 788 925 832; x_wconf 90' lang='lat' dir='ltr'>ea</span> <span class='ocrx_word' id='word_1_10' title='bbox 950 788 1036 850; x_wconf 91' lang='lat' dir='ltr'>quae</span> <span class='ocrx_word' id='word_1_11' title='bbox 1058 769 1225 850; x_wconf 86' lang='lat' dir='ltr'>pertinent</span> <span class='ocrx_word' id='word_1_12' title='bbox 1247 769 1290 831; x_wconf 89' lang='lat' dir='ltr'>ad</span> <span class='ocrx_word' id='word_1_13' title='bbox 1314 766 1448 831; x_wconf 93' lang='lat' dir='ltr'>oculum</span> <span class='ocrx_word' id='word_1_14' title='bbox 1471 777 1506 832; x_wconf 90' lang='lat' dir='ltr'>et</span> 
     </span>
     <span class='ocr_line' id='line_1_3' title="bbox 348 871 1505 956; baseline -0.002 -20"><span class='ocrx_word' id='word_1_15' title='bbox 348 874 517 950; x_wconf 87' lang='lat' dir='ltr'>visionem,</span> <span class='ocrx_word' id='word_1_16' title='bbox 536 884 573 938; x_wconf 92' lang='lat' dir='ltr'>ut</span> <span class='ocrx_word' id='word_1_17' title='bbox 596 872 808 938; x_wconf 88' lang='lat' dir='ltr'>manifestum</span> <span class='ocrx_word' id='word_1_18' title='bbox 831 882 882 937; x_wconf 91' lang='lat' dir='ltr'>est</span> <span class='ocrx_word' id='word_1_19' title='bbox 905 872 1109 956; x_wconf 83' lang='lat' dir='ltr'>perlegenti3</span> <span class='ocrx_word' id='word_1_20' title='bbox 1136 883 1170 936; x_wconf 92' lang='lat' dir='ltr'>et</span> <span class='ocrx_word' id='word_1_21' title='bbox 1193 873 1268 936; x_wconf 92' lang='lat' dir='ltr'>ideo</span> <span class='ocrx_word' id='word_1_22' title='bbox 1294 871 1376 935; x_wconf 88' lang='lat' dir='ltr'>nihil</span> <span class='ocrx_word' id='word_1_23' title='bbox 1398 871 1505 956; x_wconf 89' lang='lat' dir='ltr'>magis</span> 
     </span>
     <span class='ocr_line' id='line_1_4' title="bbox 349 974 1505 1061; baseline -0.004 -19"><span class='ocrx_word' id='word_1_24' title='bbox 349 978 569 1043; x_wconf 87' lang='lat' dir='ltr'>necessarium</span> <span class='ocrx_word' id='word_1_25' title='bbox 607 988 657 1042; x_wconf 90' lang='lat' dir='ltr'>est</span> <span class='ocrx_word' id='word_1_26' title='bbox 695 978 804 1042; x_wconf 89' lang='lat' dir='ltr'>sensui</span> <span class='ocrx_word' id='word_1_27' title='bbox 839 977 978 1042; x_wconf 87' lang='lat' dir='ltr'>naturali</span> <span class='ocrx_word' id='word_1_28' title='bbox 1015 986 1050 1040; x_wconf 91' lang='lat' dir='ltr'>et</span> <span class='ocrx_word' id='word_1_29' title='bbox 1085 977 1256 1061; x_wconf 84' lang='lat' dir='ltr'>spirituali,</span> <span class='ocrx_word' id='word_1_30' title='bbox 1285 977 1370 1039; x_wconf 90' lang='lat' dir='ltr'>sicut</span> <span class='ocrx_word' id='word_1_31' title='bbox 1406 974 1505 1057; x_wconf 89' lang='lat' dir='ltr'>hujus</span> 
     </span>
     <span class='ocr_line' id='line_1_5' title="bbox 349 1080 1504 1165; baseline -0.003 -20"><span class='ocrx_word' id='word_1_32' title='bbox 349 1083 505 1146; x_wconf 86' lang='lat' dir='ltr'>scientiae</span> <span class='ocrx_word' id='word_1_33' title='bbox 534 1084 709 1165; x_wconf 82' lang='lat' dir='ltr'>certitudo.</span> <span class='ocrx_word' id='word_1_34' title='bbox 763 1081 863 1164; x_wconf 86' lang='lat' dir='ltr'>Quod</span> <span class='ocrx_word' id='word_1_35' title='bbox 899 1102 985 1145; x_wconf 90' lang='lat' dir='ltr'>nunc</span> <span class='ocrx_word' id='word_1_36' title='bbox 1016 1084 1218 1147; x_wconf 92' lang='lat' dir='ltr'>transeundo</span> <span class='ocrx_word' id='word_1_37' title='bbox 1251 1081 1328 1145; x_wconf 93' lang='lat' dir='ltr'>volo</span> <span class='ocrx_word' id='word_1_38' title='bbox 1361 1080 1504 1155; x_wconf 89' lang='lat' dir='ltr'>innuere,</span> 
     </span>
     <span class='ocr_line' id='line_1_6' title="bbox 349 1184 1506 1270; baseline -0.004 -20"><span class='ocrx_word' id='word_1_39' title='bbox 349 1188 504 1270; x_wconf 91' lang='lat' dir='ltr'>quoniam</span> <span class='ocrx_word' id='word_1_40' title='bbox 532 1207 599 1251; x_wconf 93' lang='lat' dir='ltr'>non</span> <span class='ocrx_word' id='word_1_41' title='bbox 625 1207 710 1269; x_wconf 92' lang='lat' dir='ltr'>opus</span> <span class='ocrx_word' id='word_1_42' title='bbox 736 1186 788 1249; x_wconf 92' lang='lat' dir='ltr'>hic</span> <span class='ocrx_word' id='word_1_43' title='bbox 819 1186 941 1250; x_wconf 85' lang='lat' dir='ltr'>talibus</span> <span class='ocrx_word' id='word_1_44' title='bbox 972 1186 1086 1249; x_wconf 91' lang='lat' dir='ltr'>multis</span> <span class='ocrx_word' id='word_1_45' title='bbox 1116 1187 1292 1263; x_wconf 89' lang='lat' dir='ltr'>immorari,</span> <span class='ocrx_word' id='word_1_46' title='bbox 1315 1184 1393 1267; x_wconf 93' lang='lat' dir='ltr'>quia</span> <span class='ocrx_word' id='word_1_47' title='bbox 1423 1184 1506 1247; x_wconf 89' lang='lat' dir='ltr'>scita</span> 
     </span>
     <span class='ocr_line' id='line_1_7' title="bbox 349 1288 1504 1374; baseline -0.005 -18"><span class='ocrx_word' id='word_1_48' title='bbox 349 1293 487 1356; x_wconf 87' lang='lat' dir='ltr'>veritate</span> <span class='ocrx_word' id='word_1_49' title='bbox 513 1312 621 1355; x_wconf 90' lang='lat' dir='ltr'>rerum</span> <span class='ocrx_word' id='word_1_50' title='bbox 651 1312 737 1373; x_wconf 91' lang='lat' dir='ltr'>quae</span> <span class='ocrx_word' id='word_1_51' title='bbox 764 1292 796 1355; x_wconf 95' lang='lat' dir='ltr'>in</span> <span class='ocrx_word' id='word_1_52' title='bbox 822 1291 993 1373; x_wconf 88' lang='lat' dir='ltr'>Scriptura</span> <span class='ocrx_word' id='word_1_53' title='bbox 1023 1301 1203 1374; x_wconf 87' lang='lat' dir='ltr'>ponuntur,</span> <span class='ocrx_word' id='word_1_54' title='bbox 1227 1288 1421 1353; x_wconf 82' lang='lat' dir='ltr'>facillimum</span> <span class='ocrx_word' id='word_1_55' title='bbox 1452 1297 1504 1353; x_wconf 88' lang='lat' dir='ltr'>est</span> 
     </span>
     <span class='ocr_line' id='line_1_8' title="bbox 350 1393 1504 1479; baseline -0.002 -22"><span class='ocrx_word' id='word_1_56' title='bbox 350 1395 441 1458; x_wconf 94' lang='lat' dir='ltr'>omni</span> <span class='ocrx_word' id='word_1_57' title='bbox 460 1395 618 1479; x_wconf 87' lang='lat' dir='ltr'>theologo</span> <span class='ocrx_word' id='word_1_58' title='bbox 640 1415 757 1459; x_wconf 89' lang='lat' dir='ltr'>sensus</span> <span class='ocrx_word' id='word_1_59' title='bbox 778 1395 905 1458; x_wconf 87' lang='lat' dir='ltr'>utiliter</span> <span class='ocrx_word' id='word_1_60' title='bbox 924 1394 1041 1459; x_wconf 86' lang='lat' dir='ltr'>elicere</span> <span class='ocrx_word' id='word_1_61' title='bbox 1064 1394 1261 1478; x_wconf 87' lang='lat' dir='ltr'>spirituales.</span> <span class='ocrx_word' id='word_1_62' title='bbox 1307 1393 1393 1457; x_wconf 87' lang='lat' dir='ltr'>Cum</span> <span class='ocrx_word' id='word_1_63' title='bbox 1417 1393 1504 1456; x_wconf 91' lang='lat' dir='ltr'>enim</span> 
     </span>
     <span class='ocr_line' id='line_1_9' title="bbox 349 1495 1506 1581; baseline -0.005 -18"><span class='ocrx_word' id='word_1_64' title='bbox 349 1499 478 1579; x_wconf 88' lang='lat' dir='ltr'>dicitur,</span> <span class='ocrx_word' id='word_1_65' title='bbox 502 1501 647 1564; x_wconf 92' lang='lat' dir='ltr'>‘custodi</span> <span class='ocrx_word' id='word_1_66' title='bbox 669 1520 738 1574; x_wconf 93' lang='lat' dir='ltr'>nos,</span> <span class='ocrx_word' id='word_1_67' title='bbox 759 1499 914 1578; x_wconf 85' lang='lat' dir='ltr'>Domine,</span> <span class='ocrx_word' id='word_1_68' title='bbox 932 1507 970 1562; x_wconf 93' lang='lat' dir='ltr'>ut</span> <span class='ocrx_word' id='word_1_69' title='bbox 992 1498 1152 1581; x_wconf 93' lang='lat' dir='ltr'>pupillam</span> <span class='ocrx_word' id='word_1_70' title='bbox 1176 1495 1281 1576; x_wconf 91' lang='lat' dir='ltr'>oculi,’</span> <span class='ocrx_word' id='word_1_71' title='bbox 1303 1495 1506 1579; x_wconf 87' lang='lat' dir='ltr'>impossibile</span> 
     </span>
     <span class='ocr_line' id='line_1_10' title="bbox 349 1601 1505 1685; baseline -0.004 -17"><span class='ocrx_word' id='word_1_72' title='bbox 349 1613 400 1668; x_wconf 90' lang='lat' dir='ltr'>est</span> <span class='ocrx_word' id='word_1_73' title='bbox 414 1604 498 1668; x_wconf 89' lang='lat' dir='ltr'>scire</span> <span class='ocrx_word' id='word_1_74' title='bbox 513 1624 646 1668; x_wconf 91' lang='lat' dir='ltr'>sensum</span> <span class='ocrx_word' id='word_1_75' title='bbox 663 1604 727 1667; x_wconf 92' lang='lat' dir='ltr'>Dei</span> <span class='ocrx_word' id='word_1_76' title='bbox 743 1603 778 1667; x_wconf 92' lang='lat' dir='ltr'>in</span> <span class='ocrx_word' id='word_1_77' title='bbox 793 1606 857 1668; x_wconf 92' lang='lat' dir='ltr'>hoc</span> <span class='ocrx_word' id='word_1_78' title='bbox 871 1604 983 1681; x_wconf 91' lang='lat' dir='ltr'>verbo,</span> <span class='ocrx_word' id='word_1_79' title='bbox 999 1604 1062 1666; x_wconf 91' lang='lat' dir='ltr'>nisi</span> <span class='ocrx_word' id='word_1_80' title='bbox 1078 1604 1187 1685; x_wconf 91' lang='lat' dir='ltr'>primo</span> <span class='ocrx_word' id='word_1_81' title='bbox 1202 1602 1388 1667; x_wconf 88' lang='lat' dir='ltr'>consideret</span> <span class='ocrx_word' id='word_1_82' title='bbox 1403 1601 1505 1664; x_wconf 89' lang='lat' dir='ltr'>homo</span> 
     </span>
     <span class='ocr_line' id='line_1_11' title="bbox 350 1706 1506 1792; baseline -0.003 -21"><span class='ocrx_word' id='word_1_83' title='bbox 350 1729 416 1789; x_wconf 92' lang='lat' dir='ltr'>quo</span> <span class='ocrx_word' id='word_1_84' title='bbox 454 1708 555 1771; x_wconf 92' lang='lat' dir='ltr'>modo</span> <span class='ocrx_word' id='word_1_85' title='bbox 590 1706 738 1792; x_wconf 92' lang='lat' dir='ltr'>pupillae</span> <span class='ocrx_word' id='word_1_86' title='bbox 774 1708 926 1772; x_wconf 90' lang='lat' dir='ltr'>custodia</span> <span class='ocrx_word' id='word_1_87' title='bbox 960 1707 1136 1789; x_wconf 87' lang='lat' dir='ltr'>perficitur,</span> <span class='ocrx_word' id='word_1_88' title='bbox 1166 1715 1330 1789; x_wconf 90' lang='lat' dir='ltr'>quatenus</span> <span class='ocrx_word' id='word_1_89' title='bbox 1362 1707 1405 1769; x_wconf 91' lang='lat' dir='ltr'>ad</span> <span class='ocrx_word' id='word_1_90' title='bbox 1436 1706 1506 1787; x_wconf 87' lang='lat' dir='ltr'>ejus</span> 
     </span>
     <span class='ocr_line' id='line_1_12' title="bbox 350 1809 1505 1895; baseline -0.003 -21"><span class='ocrx_word' id='word_1_91' title='bbox 350 1812 599 1877; x_wconf 91' lang='lat' dir='ltr'>similitudinem</span> <span class='ocrx_word' id='word_1_92' title='bbox 631 1812 724 1876; x_wconf 92' lang='lat' dir='ltr'>Deus</span> <span class='ocrx_word' id='word_1_93' title='bbox 754 1832 814 1875; x_wconf 91' lang='lat' dir='ltr'>nos</span> <span class='ocrx_word' id='word_1_94' title='bbox 846 1811 1013 1875; x_wconf 89' lang='lat' dir='ltr'>custodire</span> <span class='ocrx_word' id='word_1_95' title='bbox 1043 1812 1214 1895; x_wconf 84' lang='lat' dir='ltr'>dignetur:</span> <span class='ocrx_word' id='word_1_96' title='bbox 1250 1812 1386 1893; x_wconf 88' lang='lat' dir='ltr'>quando</span> <span class='ocrx_word' id='word_1_97' title='bbox 1416 1809 1505 1873; x_wconf 89' lang='lat' dir='ltr'>enim</span> 
     </span>
     <span class='ocr_line' id='line_1_13' title="bbox 348 1915 1505 2000; baseline -0.001 -22"><span class='ocrx_word' id='word_1_98' title='bbox 348 1917 474 1998; x_wconf 90' lang='lat' dir='ltr'>aliquid</span> <span class='ocrx_word' id='word_1_99' title='bbox 491 1917 524 1979; x_wconf 93' lang='lat' dir='ltr'>in</span> <span class='ocrx_word' id='word_1_100' title='bbox 541 1915 733 1998; x_wconf 89' lang='lat' dir='ltr'>exemplum</span> <span class='ocrx_word' id='word_1_101' title='bbox 751 1926 783 1978; x_wconf 92' lang='lat' dir='ltr'>et</span> <span class='ocrx_word' id='word_1_102' title='bbox 806 1915 1059 1979; x_wconf 91' lang='lat' dir='ltr'>similitudinem</span> <span class='ocrx_word' id='word_1_103' title='bbox 1082 1915 1288 2000; x_wconf 88' lang='lat' dir='ltr'>proponitur,</span> <span class='ocrx_word' id='word_1_104' title='bbox 1304 1935 1371 1978; x_wconf 93' lang='lat' dir='ltr'>non</span> <span class='ocrx_word' id='word_1_105' title='bbox 1393 1923 1505 1997; x_wconf 89' lang='lat' dir='ltr'>potest</span> 
     </span>
     <span class='ocr_line' id='line_1_14' title="bbox 347 2018 1504 2104; baseline -0.003 -21"><span class='ocrx_word' id='word_1_106' title='bbox 347 2020 577 2104; x_wconf 89' lang='lat' dir='ltr'>exemplatum</span> <span class='ocrx_word' id='word_1_107' title='bbox 604 2021 769 2103; x_wconf 87' lang='lat' dir='ltr'>cognosci,</span> <span class='ocrx_word' id='word_1_108' title='bbox 796 2020 858 2084; x_wconf 93' lang='lat' dir='ltr'>nisi</span> <span class='ocrx_word' id='word_1_109' title='bbox 889 2020 1035 2103; x_wconf 88' lang='lat' dir='ltr'>exempli</span> <span class='ocrx_word' id='word_1_110' title='bbox 1062 2021 1147 2084; x_wconf 93' lang='lat' dir='ltr'>ratio</span> <span class='ocrx_word' id='word_1_111' title='bbox 1172 2020 1344 2085; x_wconf 85' lang='lat' dir='ltr'>habeatur.</span> <span class='ocrx_word' id='word_1_112' title='bbox 1389 2018 1504 2083; x_wconf 92' lang='lat' dir='ltr'>Veluti</span> 
     </span>
     <span class='ocr_line' id='line_1_15' title="bbox 347 2120 1506 2207; baseline -0.001 -18"><span class='ocrx_word' id='word_1_113' title='bbox 347 2145 421 2190; x_wconf 92' lang='lat' dir='ltr'>cum</span> <span class='ocrx_word' id='word_1_114' title='bbox 445 2125 525 2188; x_wconf 91' lang='lat' dir='ltr'>dicit</span> <span class='ocrx_word' id='word_1_115' title='bbox 549 2125 722 2202; x_wconf 90' lang='lat' dir='ltr'>Dominus,</span> <span class='ocrx_word' id='word_1_116' title='bbox 737 2129 864 2188; x_wconf 90' lang='lat' dir='ltr'>‘estote</span> <span class='ocrx_word' id='word_1_117' title='bbox 886 2126 1067 2206; x_wconf 88' lang='lat' dir='ltr'>prudentes</span> <span class='ocrx_word' id='word_1_118' title='bbox 1089 2125 1174 2188; x_wconf 90' lang='lat' dir='ltr'>sicut</span> <span class='ocrx_word' id='word_1_119' title='bbox 1196 2120 1384 2207; x_wconf 87' lang='lat' dir='ltr'>serpentes,&#39;</span> <span class='ocrx_word' id='word_1_120' title='bbox 1399 2123 1506 2188; x_wconf 91' lang='lat' dir='ltr'>voluit</span> 
     </span>
     <span class='ocr_line' id='line_1_16' title="bbox 351 2228 1505 2312; baseline -0.003 -18"><span class='ocrx_word' id='word_1_121' title='bbox 351 2230 515 2294; x_wconf 91' lang='lat' dir='ltr'>Dominus</span> <span class='ocrx_word' id='word_1_122' title='bbox 538 2228 717 2312; x_wconf 91' lang='lat' dir='ltr'>discipulos</span> <span class='ocrx_word' id='word_1_123' title='bbox 739 2249 816 2292; x_wconf 88' lang='lat' dir='ltr'>suos</span> <span class='ocrx_word' id='word_1_124' title='bbox 834 2229 1044 2293; x_wconf 88' lang='lat' dir='ltr'>considerare</span> <span class='ocrx_word' id='word_1_125' title='bbox 1061 2229 1267 2311; x_wconf 89' lang='lat' dir='ltr'>serpentinas</span> <span class='ocrx_word' id='word_1_126' title='bbox 1286 2229 1505 2310; x_wconf 88' lang='lat' dir='ltr'>proprietates</span> 
     </span>
     <span class='ocr_line' id='line_1_17' title="bbox 351 2332 1505 2415; baseline -0.002 -19"><span class='ocrx_word' id='word_1_127' title='bbox 351 2335 383 2396; x_wconf 92' lang='lat' dir='ltr'>in</span> <span class='ocrx_word' id='word_1_128' title='bbox 407 2334 527 2415; x_wconf 91' lang='lat' dir='ltr'>quibus</span> <span class='ocrx_word' id='word_1_129' title='bbox 550 2333 727 2415; x_wconf 91' lang='lat' dir='ltr'>prudentia</span> <span class='ocrx_word' id='word_1_130' title='bbox 750 2332 821 2414; x_wconf 89' lang='lat' dir='ltr'>ejus</span> <span class='ocrx_word' id='word_1_131' title='bbox 848 2333 1010 2409; x_wconf 90' lang='lat' dir='ltr'>consistit,</span> <span class='ocrx_word' id='word_1_132' title='bbox 1036 2342 1071 2396; x_wconf 92' lang='lat' dir='ltr'>et</span> <span class='ocrx_word' id='word_1_133' title='bbox 1097 2332 1271 2398; x_wconf 91' lang='lat' dir='ltr'>columbae</span> <span class='ocrx_word' id='word_1_134' title='bbox 1295 2343 1446 2396; x_wconf 90' lang='lat' dir='ltr'>naturam</span> <span class='ocrx_word' id='word_1_135' title='bbox 1472 2333 1505 2394; x_wconf 92' lang='lat' dir='ltr'>in</span> 
     </span>
     <span class='ocr_line' id='line_1_18' title="bbox 350 2436 1003 2522; baseline 0 -21"><span class='ocrx_word' id='word_1_136' title='bbox 350 2458 417 2521; x_wconf 90' lang='lat' dir='ltr'>qua</span> <span class='ocrx_word' id='word_1_137' title='bbox 432 2436 654 2520; x_wconf 90' lang='lat' dir='ltr'>simplicitatis</span> <span class='ocrx_word' id='word_1_138' title='bbox 671 2438 818 2501; x_wconf 89' lang='lat' dir='ltr'>suavitas</span> <span class='ocrx_word' id='word_1_139' title='bbox 835 2439 1003 2522; x_wconf 87' lang='lat' dir='ltr'>reperitur.</span> 
     </span>
    </p>

    <p class='ocr_par' dir='ltr' id='par_1_3' title="bbox 182 2540 1503 2626">
     <span class='ocr_line' id='line_1_19' title="bbox 182 2540 1503 2626; baseline -0.007 -15"><span class='ocrx_word' id='word_1_140' title='bbox 182 2557 265 2611; x_wconf 80' lang='lat' dir='ltr'>which</span> <span class='ocrx_word' id='word_1_141' title='bbox 395 2540 462 2607; x_wconf 90' lang='lat' dir='ltr'>Sed</span> <span class='ocrx_word' id='word_1_142' title='bbox 490 2562 555 2605; x_wconf 93' lang='lat' dir='ltr'>non</span> <span class='ocrx_word' id='word_1_143' title='bbox 584 2542 725 2607; x_wconf 88' lang='lat' dir='ltr'>sciemus</span> <span class='ocrx_word' id='word_1_144' title='bbox 755 2543 941 2605; x_wconf 91' lang='lat' dir='ltr'>custodiam</span> <span class='ocrx_word' id='word_1_145' title='bbox 971 2541 1120 2626; x_wconf 86' lang='lat' dir='ltr'>pupillae</span> <span class='ocrx_word' id='word_1_146' title='bbox 1149 2542 1211 2604; x_wconf 91' lang='lat' dir='ltr'>nisi</span> <span class='ocrx_word' id='word_1_147' title='bbox 1241 2561 1300 2624; x_wconf 92' lang='lat' dir='ltr'>per</span> <span class='ocrx_word' id='word_1_148' title='bbox 1333 2541 1503 2605; x_wconf 89' lang='lat' dir='ltr'>scientiam</span> 
     </span>
    </p>

    <p class='ocr_par' dir='ltr' id='par_1_4' title="bbox 181 2623 1506 2730">
     <span class='ocr_line' id='line_1_20' title="bbox 181 2623 1506 2730; baseline -0.002 -20"><span class='ocrx_word' id='word_1_149' title='bbox 181 2625 285 2674; x_wconf 79' lang='lat' dir='ltr'>without</span> <span class='ocrx_word' id='word_1_150' title='bbox 296 2623 337 2674; x_wconf 51' lang='grc' dir='ltr'>ὼε</span> <span class='ocrx_word' id='word_1_151' title='bbox 351 2646 587 2729; x_wconf 90' lang='lat' dir='ltr'>Perspectivae.</span> <span class='ocrx_word' id='word_1_152' title='bbox 625 2644 715 2708; x_wconf 91' lang='lat' dir='ltr'>Nam</span> <span class='ocrx_word' id='word_1_153' title='bbox 735 2645 862 2728; x_wconf 91' lang='lat' dir='ltr'>pupilla</span> <span class='ocrx_word' id='word_1_154' title='bbox 883 2655 934 2710; x_wconf 91' lang='lat' dir='ltr'>est</span> <span class='ocrx_word' id='word_1_155' title='bbox 949 2647 1095 2710; x_wconf 88' lang='lat' dir='ltr'>anterius</span> <span class='ocrx_word' id='word_1_156' title='bbox 1108 2645 1255 2730; x_wconf 87' lang='lat' dir='ltr'>glaciale,</span> <span class='ocrx_word' id='word_1_157' title='bbox 1270 2646 1359 2728; x_wconf 94' lang='lat' dir='ltr'>quod</span> <span class='ocrx_word' id='word_1_158' title='bbox 1375 2644 1506 2709; x_wconf 92' lang='lat' dir='ltr'>duobus</span> 
     </span>
    </p>
   </div>
   <div class='ocr_carea' id='block_1_3' title="bbox 181 2690 1506 2833">
    <p class='ocr_par' dir='ltr' id='par_1_5' title="bbox 181 2690 1506 2833">
     <span class='ocr_line' id='line_1_21' title="bbox 181 2690 1506 2833; baseline -0.007 -13"><span class='ocrx_word' id='word_1_159' title='bbox 181 2690 326 2820; x_wconf 50' lang='grc' dir='ltr'>ῗζῑῖἓθοὲἑ·</span> <span class='ocrx_word' id='word_1_160' title='bbox 349 2749 544 2815; x_wconf 92' lang='lat' dir='ltr'>humoribus</span> <span class='ocrx_word' id='word_1_161' title='bbox 558 2761 637 2814; x_wconf 90' lang='lat' dir='ltr'>ante</span> <span class='ocrx_word' id='word_1_162' title='bbox 652 2759 686 2814; x_wconf 96' lang='lat' dir='ltr'>et</span> <span class='ocrx_word' id='word_1_163' title='bbox 702 2759 777 2833; x_wconf 92' lang='lat' dir='ltr'>post</span> <span class='ocrx_word' id='word_1_164' title='bbox 792 2749 961 2814; x_wconf 89' lang='lat' dir='ltr'>innititur:</span> <span class='ocrx_word' id='word_1_165' title='bbox 986 2760 1018 2814; x_wconf 88' lang='lat' dir='ltr'>et</span> <span class='ocrx_word' id='word_1_166' title='bbox 1041 2771 1105 2814; x_wconf 88' lang='lat' dir='ltr'>una</span> <span class='ocrx_word' id='word_1_167' title='bbox 1127 2749 1195 2814; x_wconf 91' lang='lat' dir='ltr'>tela</span> <span class='ocrx_word' id='word_1_168' title='bbox 1217 2761 1251 2815; x_wconf 91' lang='lat' dir='ltr'>et</span> <span class='ocrx_word' id='word_1_169' title='bbox 1265 2749 1371 2814; x_wconf 90' lang='lat' dir='ltr'>tribus</span> <span class='ocrx_word' id='word_1_170' title='bbox 1387 2749 1506 2813; x_wconf 90' lang='lat' dir='ltr'>tunicis</span> 
     </span>
    </p>
   </div>
   <div class='ocr_carea' id='block_1_4' title="bbox 179 2822 1508 4504">
    <p class='ocr_par' dir='ltr' id='par_1_6' title="bbox 179 2822 1508 4504">
     <span class='ocr_line' id='line_1_22' title="bbox 179 2822 1505 2951; baseline -0.002 -32"><span class='ocrx_word' id='word_1_171' title='bbox 179 2822 324 2951; x_wconf 58' lang='lat' dir='ltr'>ssss’elcffl</span> <span class='ocrx_word' id='word_1_172' title='bbox 350 2855 546 2932; x_wconf 90' lang='lat' dir='ltr'>continetur,</span> <span class='ocrx_word' id='word_1_173' title='bbox 584 2854 717 2937; x_wconf 90' lang='lat' dir='ltr'>insuper</span> <span class='ocrx_word' id='word_1_174' title='bbox 753 2855 948 2918; x_wconf 88' lang='lat' dir='ltr'>continuam</span> <span class='ocrx_word' id='word_1_175' title='bbox 987 2864 1022 2917; x_wconf 93' lang='lat' dir='ltr'>et</span> <span class='ocrx_word' id='word_1_176' title='bbox 1063 2853 1262 2937; x_wconf 90' lang='lat' dir='ltr'>superfluam</span> <span class='ocrx_word' id='word_1_177' title='bbox 1301 2851 1505 2917; x_wconf 89' lang='lat' dir='ltr'>influentiam</span> 
     </span>
     <span class='ocr_line' id='line_1_23' title="bbox 351 2957 1506 3043; baseline -0.004 -19"><span class='ocrx_word' id='word_1_178' title='bbox 351 2959 525 3043; x_wconf 92' lang='lat' dir='ltr'>spirituum</span> <span class='ocrx_word' id='word_1_179' title='bbox 559 2969 594 3022; x_wconf 92' lang='lat' dir='ltr'>et</span> <span class='ocrx_word' id='word_1_180' title='bbox 625 2959 785 3022; x_wconf 85' lang='lat' dir='ltr'>virtutum</span> <span class='ocrx_word' id='word_1_181' title='bbox 823 2958 982 3040; x_wconf 89' lang='lat' dir='ltr'>recipiens</span> <span class='ocrx_word' id='word_1_182' title='bbox 1021 2978 1042 3021; x_wconf 93' lang='lat' dir='ltr'>a</span> <span class='ocrx_word' id='word_1_183' title='bbox 1080 2957 1194 3023; x_wconf 91' lang='lat' dir='ltr'>fontali</span> <span class='ocrx_word' id='word_1_184' title='bbox 1232 2958 1435 3042; x_wconf 91' lang='lat' dir='ltr'>plenitudine</span> <span class='ocrx_word' id='word_1_185' title='bbox 1472 2958 1506 3020; x_wconf 93' lang='lat' dir='ltr'>in</span> 
     </span>
     <span class='ocr_line' id='line_1_24' title="bbox 349 3059 1505 3146; baseline -0.003 -19"><span class='ocrx_word' id='word_1_186' title='bbox 349 3063 494 3127; x_wconf 90' lang='lat' dir='ltr'>sectione</span> <span class='ocrx_word' id='word_1_187' title='bbox 521 3059 662 3126; x_wconf 87' lang='lat' dir='ltr'>crucea¹</span> <span class='ocrx_word' id='word_1_188' title='bbox 691 3062 909 3139; x_wconf 89' lang='lat' dir='ltr'>consistente;</span> <span class='ocrx_word' id='word_1_189' title='bbox 940 3073 975 3126; x_wconf 92' lang='lat' dir='ltr'>et</span> <span class='ocrx_word' id='word_1_190' title='bbox 1000 3063 1049 3125; x_wconf 91' lang='lat' dir='ltr'>ita</span> <span class='ocrx_word' id='word_1_191' title='bbox 1074 3072 1201 3146; x_wconf 88' lang='lat' dir='ltr'>septem</span> <span class='ocrx_word' id='word_1_192' title='bbox 1226 3063 1361 3144; x_wconf 90' lang='lat' dir='ltr'>requirit</span> <span class='ocrx_word' id='word_1_193' title='bbox 1387 3063 1430 3126; x_wconf 90' lang='lat' dir='ltr'>ad</span> <span class='ocrx_word' id='word_1_194' title='bbox 1455 3062 1505 3124; x_wconf 92' lang='lat' dir='ltr'>sui</span> 
     </span>
     <span class='ocr_line' id='line_1_25' title="bbox 350 3165 1506 3249; baseline -0.001 -20"><span class='ocrx_word' id='word_1_195' title='bbox 350 3165 547 3230; x_wconf 87' lang='lat' dir='ltr'>custodiam.</span> <span class='ocrx_word' id='word_1_196' title='bbox 605 3167 701 3230; x_wconf 89' lang='lat' dir='ltr'>Haec</span> <span class='ocrx_word' id='word_1_197' title='bbox 724 3176 774 3230; x_wconf 86' lang='lat' dir='ltr'>est</span> <span class='ocrx_word' id='word_1_198' title='bbox 797 3187 876 3248; x_wconf 89' lang='lat' dir='ltr'>ergo</span> <span class='ocrx_word' id='word_1_199' title='bbox 900 3166 1036 3231; x_wconf 90' lang='lat' dir='ltr'>literalis</span> <span class='ocrx_word' id='word_1_200' title='bbox 1058 3167 1234 3249; x_wconf 88' lang='lat' dir='ltr'>expositi0,</span> <span class='ocrx_word' id='word_1_201' title='bbox 1258 3166 1310 3230; x_wconf 92' lang='lat' dir='ltr'>cui</span> <span class='ocrx_word' id='word_1_202' title='bbox 1333 3166 1506 3232; x_wconf 90' lang='lat' dir='ltr'>assimilari</span> 
     </span>
     <span class='ocr_line' id='line_1_26' title="bbox 351 3269 1507 3355; baseline 0 -21"><span class='ocrx_word' id='word_1_203' title='bbox 351 3269 557 3354; x_wconf 89' lang='lat' dir='ltr'>spiritualem</span> <span class='ocrx_word' id='word_1_204' title='bbox 587 3271 658 3334; x_wconf 91' lang='lat' dir='ltr'>vult</span> <span class='ocrx_word' id='word_1_205' title='bbox 697 3269 874 3335; x_wconf 86' lang='lat' dir='ltr'>Psalmista</span> <span class='ocrx_word' id='word_1_206' title='bbox 911 3291 987 3335; x_wconf 90' lang='lat' dir='ltr'>cum</span> <span class='ocrx_word' id='word_1_207' title='bbox 1025 3271 1109 3354; x_wconf 87' lang='lat' dir='ltr'>petit</span> <span class='ocrx_word' id='word_1_208' title='bbox 1142 3271 1329 3336; x_wconf 90' lang='lat' dir='ltr'>custodiam</span> <span class='ocrx_word' id='word_1_209' title='bbox 1362 3270 1507 3355; x_wconf 89' lang='lat' dir='ltr'>pupillae</span> 
     </span>
     <span class='ocr_line' id='line_1_27' title="bbox 350 3372 1507 3458; baseline 0.001 -19"><span class='ocrx_word' id='word_1_210' title='bbox 350 3372 539 3458; x_wconf 87' lang='lat' dir='ltr'>spiritualis,</span> <span class='ocrx_word' id='word_1_211' title='bbox 568 3374 603 3438; x_wconf 94' lang='lat' dir='ltr'>id</span> <span class='ocrx_word' id='word_1_212' title='bbox 642 3384 703 3453; x_wconf 88' lang='lat' dir='ltr'>est,</span> <span class='ocrx_word' id='word_1_213' title='bbox 733 3374 886 3453; x_wconf 89' lang='lat' dir='ltr'>animae;</span> <span class='ocrx_word' id='word_1_214' title='bbox 919 3394 979 3456; x_wconf 89' lang='lat' dir='ltr'>pro</span> <span class='ocrx_word' id='word_1_215' title='bbox 1010 3394 1077 3457; x_wconf 94' lang='lat' dir='ltr'>qua</span> <span class='ocrx_word' id='word_1_216' title='bbox 1111 3376 1257 3458; x_wconf 86' lang='lat' dir='ltr'>perfecte</span> <span class='ocrx_word' id='word_1_217' title='bbox 1290 3377 1507 3440; x_wconf 90' lang='lat' dir='ltr'>custodienda</span> 
     </span>
     <span class='ocr_line' id='line_1_28' title="bbox 351 3478 1506 3562; baseline 0.002 -20"><span class='ocrx_word' id='word_1_218' title='bbox 351 3479 533 3544; x_wconf 90' lang='lat' dir='ltr'>necessaria</span> <span class='ocrx_word' id='word_1_219' title='bbox 570 3487 647 3541; x_wconf 92' lang='lat' dir='ltr'>sunt</span> <span class='ocrx_word' id='word_1_220' title='bbox 684 3488 823 3562; x_wconf 91' lang='lat' dir='ltr'>septem,</span> <span class='ocrx_word' id='word_1_221' title='bbox 854 3478 980 3543; x_wconf 91' lang='lat' dir='ltr'>scilicet</span> <span class='ocrx_word' id='word_1_222' title='bbox 1017 3479 1130 3557; x_wconf 92' lang='lat' dir='ltr'>virtus,</span> <span class='ocrx_word' id='word_1_223' title='bbox 1160 3480 1295 3555; x_wconf 89' lang='lat' dir='ltr'>donum,</span> <span class='ocrx_word' id='word_1_224' title='bbox 1325 3480 1506 3559; x_wconf 90' lang='lat' dir='ltr'>beatitud0,</span> 
     </span>
     <span class='ocr_line' id='line_1_29' title="bbox 351 3581 1507 3665; baseline 0 -17"><span class='ocrx_word' id='word_1_225' title='bbox 351 3603 467 3648; x_wconf 89' lang='lat' dir='ltr'>sensus</span> <span class='ocrx_word' id='word_1_226' title='bbox 504 3581 692 3665; x_wconf 91' lang='lat' dir='ltr'>spiritualis,</span> <span class='ocrx_word' id='word_1_227' title='bbox 731 3582 866 3660; x_wconf 80' lang='lat' dir='ltr'>lructuS,</span> <span class='ocrx_word' id='word_1_228' title='bbox 903 3593 937 3647; x_wconf 90' lang='lat' dir='ltr'>et</span> <span class='ocrx_word' id='word_1_229' title='bbox 975 3583 1133 3647; x_wconf 89' lang='lat' dir='ltr'>revelatio</span> <span class='ocrx_word' id='word_1_230' title='bbox 1170 3584 1350 3647; x_wconf 88' lang='lat' dir='ltr'>secundum</span> <span class='ocrx_word' id='word_1_231' title='bbox 1388 3587 1507 3649; x_wconf 91' lang='lat' dir='ltr'>modos</span> 
     </span>
     <span class='ocr_line' id='line_1_30' title="bbox 352 3687 1506 3771; baseline 0 -19"><span class='ocrx_word' id='word_1_232' title='bbox 352 3698 474 3770; x_wconf 89' lang='lat' dir='ltr'>raptus,</span> <span class='ocrx_word' id='word_1_233' title='bbox 494 3698 527 3752; x_wconf 90' lang='lat' dir='ltr'>et</span> <span class='ocrx_word' id='word_1_234' title='bbox 550 3689 682 3771; x_wconf 90' lang='lat' dir='ltr'>insuper</span> <span class='ocrx_word' id='word_1_235' title='bbox 704 3688 861 3752; x_wconf 89' lang='lat' dir='ltr'>continua</span> <span class='ocrx_word' id='word_1_236' title='bbox 885 3687 1059 3751; x_wconf 88' lang='lat' dir='ltr'>influentia</span> <span class='ocrx_word' id='word_1_237' title='bbox 1081 3687 1315 3752; x_wconf 91' lang='lat' dir='ltr'>charismatum</span> <span class='ocrx_word' id='word_1_238' title='bbox 1338 3689 1464 3771; x_wconf 86' lang='lat' dir='ltr'>gratiae</span> <span class='ocrx_word' id='word_1_239' title='bbox 1486 3711 1506 3752; x_wconf 93' lang='lat' dir='ltr'>a</span> 
     </span>
     <span class='ocr_line' id='line_1_31' title="bbox 352 3791 1504 3877; baseline 0 -21"><span class='ocrx_word' id='word_1_240' title='bbox 352 3793 556 3877; x_wconf 88' lang='lat' dir='ltr'>plenitudine</span> <span class='ocrx_word' id='word_1_241' title='bbox 580 3791 747 3857; x_wconf 88' lang='lat' dir='ltr'>Cruciflxi.</span> <span class='ocrx_word' id='word_1_242' title='bbox 793 3791 972 3857; x_wconf 87' lang='lat' dir='ltr'>Caeterum</span> <span class='ocrx_word' id='word_1_243' title='bbox 995 3793 1134 3857; x_wconf 89' lang='lat' dir='ltr'>virtutes</span> <span class='ocrx_word' id='word_1_244' title='bbox 1158 3792 1355 3877; x_wconf 89' lang='lat' dir='ltr'>principales</span> <span class='ocrx_word' id='word_1_245' title='bbox 1378 3804 1504 3877; x_wconf 90' lang='lat' dir='ltr'>septem</span> 
     </span>
     <span class='ocr_line' id='line_1_32' title="bbox 353 3895 1507 3981; baseline -0.001 -20"><span class='ocrx_word' id='word_1_246' title='bbox 353 3907 437 3972; x_wconf 89' lang='lat' dir='ltr'>sunt,</span> <span class='ocrx_word' id='word_1_247' title='bbox 464 3906 499 3961; x_wconf 92' lang='lat' dir='ltr'>ut</span> <span class='ocrx_word' id='word_1_248' title='bbox 527 3908 593 3961; x_wconf 87' lang='lat' dir='ltr'>tres</span> <span class='ocrx_word' id='word_1_249' title='bbox 622 3895 841 3979; x_wconf 88' lang='lat' dir='ltr'>theologicae,</span> <span class='ocrx_word' id='word_1_250' title='bbox 864 3897 994 3976; x_wconf 91' lang='lat' dir='ltr'>caritas,</span> <span class='ocrx_word' id='word_1_251' title='bbox 1016 3897 1099 3961; x_wconf 88' lang='lat' dir='ltr'>fides</span> <span class='ocrx_word' id='word_1_252' title='bbox 1129 3908 1163 3962; x_wconf 90' lang='lat' dir='ltr'>et</span> <span class='ocrx_word' id='word_1_253' title='bbox 1193 3918 1279 3979; x_wconf 89' lang='lat' dir='ltr'>spes,</span> <span class='ocrx_word' id='word_1_254' title='bbox 1302 3907 1336 3962; x_wconf 91' lang='lat' dir='ltr'>et</span> <span class='ocrx_word' id='word_1_255' title='bbox 1366 3906 1507 3981; x_wconf 90' lang='lat' dir='ltr'>quatuor</span> 
     </span>
     <span class='ocr_line' id='line_1_33' title="bbox 352 4000 1508 4085; baseline -0.002 -19"><span class='ocrx_word' id='word_1_256' title='bbox 352 4001 543 4080; x_wconf 91' lang='lat' dir='ltr'>cardinales,</span> <span class='ocrx_word' id='word_1_257' title='bbox 572 4001 710 4083; x_wconf 89' lang='lat' dir='ltr'>justitia,</span> <span class='ocrx_word' id='word_1_258' title='bbox 738 4000 908 4077; x_wconf 86' lang='lat' dir='ltr'>fortitud0,</span> <span class='ocrx_word' id='word_1_259' title='bbox 931 4002 1160 4085; x_wconf 90' lang='lat' dir='ltr'>temperantia,</span> <span class='ocrx_word' id='word_1_260' title='bbox 1182 4013 1217 4065; x_wconf 89' lang='lat' dir='ltr'>et</span> <span class='ocrx_word' id='word_1_261' title='bbox 1239 4003 1426 4084; x_wconf 87' lang='lat' dir='ltr'>prudentia,</span> <span class='ocrx_word' id='word_1_262' title='bbox 1447 4022 1508 4084; x_wconf 91' lang='lat' dir='ltr'>per</span> 
     </span>
     <span class='ocr_line' id='line_1_34' title="bbox 351 4104 1506 4188; baseline -0.001 -19"><span class='ocrx_word' id='word_1_263' title='bbox 351 4120 434 4188; x_wconf 89' lang='lat' dir='ltr'>quas</span> <span class='ocrx_word' id='word_1_264' title='bbox 449 4104 552 4170; x_wconf 88' lang='lat' dir='ltr'>habet</span> <span class='ocrx_word' id='word_1_265' title='bbox 566 4116 679 4170; x_wconf 90' lang='lat' dir='ltr'>nostra</span> <span class='ocrx_word' id='word_1_266' title='bbox 700 4105 824 4187; x_wconf 91' lang='lat' dir='ltr'>pupilla</span> <span class='ocrx_word' id='word_1_267' title='bbox 842 4105 1023 4188; x_wconf 91' lang='lat' dir='ltr'>spiritualis</span> <span class='ocrx_word' id='word_1_268' title='bbox 1043 4106 1209 4169; x_wconf 90' lang='lat' dir='ltr'>custodiri.</span> <span class='ocrx_word' id='word_1_269' title='bbox 1256 4105 1394 4170; x_wconf 92' lang='lat' dir='ltr'>Necnon</span> <span class='ocrx_word' id='word_1_270' title='bbox 1418 4107 1506 4170; x_wconf 91' lang='lat' dir='ltr'>dona</span> 
     </span>
     <span class='ocr_line' id='line_1_35' title="bbox 353 4209 1507 4293; baseline -0.002 -18"><span class='ocrx_word' id='word_1_271' title='bbox 353 4210 496 4292; x_wconf 87' lang='lat' dir='ltr'>Spiritus</span> <span class='ocrx_word' id='word_1_272' title='bbox 513 4209 629 4274; x_wconf 91' lang='lat' dir='ltr'>Sancti</span> <span class='ocrx_word' id='word_1_273' title='bbox 645 4220 722 4274; x_wconf 94' lang='lat' dir='ltr'>sunt</span> <span class='ocrx_word' id='word_1_274' title='bbox 736 4220 875 4293; x_wconf 90' lang='lat' dir='ltr'>septem,</span> <span class='ocrx_word' id='word_1_275' title='bbox 890 4220 925 4275; x_wconf 93' lang='lat' dir='ltr'>et</span> <span class='ocrx_word' id='word_1_276' title='bbox 940 4209 1119 4293; x_wconf 88' lang='lat' dir='ltr'>petitiones</span> <span class='ocrx_word' id='word_1_277' title='bbox 1136 4210 1333 4274; x_wconf 88' lang='lat' dir='ltr'>Dominicae</span> <span class='ocrx_word' id='word_1_278' title='bbox 1347 4210 1507 4274; x_wconf 92' lang='lat' dir='ltr'>orationis</span> 
     </span>
     <span class='ocr_line' id='line_1_36' title="bbox 350 4312 1507 4398; baseline 0 -20"><span class='ocrx_word' id='word_1_279' title='bbox 350 4315 536 4398; x_wconf 88' lang='lat' dir='ltr'>septenario</span> <span class='ocrx_word' id='word_1_280' title='bbox 552 4313 798 4378; x_wconf 91' lang='lat' dir='ltr'>concluduntur.</span> <span class='ocrx_word' id='word_1_281' title='bbox 846 4313 916 4379; x_wconf 89' lang='lat' dir='ltr'>Sed</span> <span class='ocrx_word' id='word_1_282' title='bbox 931 4312 1153 4379; x_wconf 90' lang='lat' dir='ltr'>beatitudines</span> <span class='ocrx_word' id='word_1_283' title='bbox 1167 4324 1244 4379; x_wconf 91' lang='lat' dir='ltr'>octo</span> <span class='ocrx_word' id='word_1_284' title='bbox 1260 4324 1345 4388; x_wconf 91' lang='lat' dir='ltr'>sunt,</span> <span class='ocrx_word' id='word_1_285' title='bbox 1361 4325 1397 4380; x_wconf 93' lang='lat' dir='ltr'>ut</span> <span class='ocrx_word' id='word_1_286' title='bbox 1414 4323 1507 4398; x_wconf 91' lang='lat' dir='ltr'>patet</span> 
     </span>
     <span class='ocr_line' id='line_1_37' title="bbox 352 4418 1506 4504; baseline 0 -22"><span class='ocrx_word' id='word_1_287' title='bbox 352 4440 396 4482; x_wconf 87' lang='lat' dir='ltr'>ex</span> <span class='ocrx_word' id='word_1_288' title='bbox 422 4421 538 4502; x_wconf 92' lang='lat' dir='ltr'>quinto</span> <span class='ocrx_word' id='word_1_289' title='bbox 565 4419 739 4494; x_wconf 88' lang='lat' dir='ltr'>Matthaei,</span> <span class='ocrx_word' id='word_1_290' title='bbox 767 4428 801 4483; x_wconf 92' lang='lat' dir='ltr'>et</span> <span class='ocrx_word' id='word_1_291' title='bbox 826 4418 901 4482; x_wconf 92' lang='lat' dir='ltr'>ideo</span> <span class='ocrx_word' id='word_1_292' title='bbox 926 4428 1055 4501; x_wconf 91' lang='lat' dir='ltr'>septem</span> <span class='ocrx_word' id='word_1_293' title='bbox 1082 4419 1241 4484; x_wconf 91' lang='lat' dir='ltr'>custodiis</span> <span class='ocrx_word' id='word_1_294' title='bbox 1267 4420 1413 4504; x_wconf 90' lang='lat' dir='ltr'>pupillae</span> <span class='ocrx_word' id='word_1_295' title='bbox 1436 4439 1506 4484; x_wconf 90' lang='lat' dir='ltr'>cor-</span> 
     </span>
    </p>
   </div>
   <div class='ocr_carea' id='block_1_5' title="bbox 351 4522 1507 4609">
    <p class='ocr_par' dir='ltr' id='par_1_7' title="bbox 351 4522 1507 4609">
     <span class='ocr_line' id='line_1_38' title="bbox 351 4522 1507 4609; baseline -0.002 -22"><span class='ocrx_word' id='word_1_296' title='bbox 351 4523 470 4605; x_wconf 87' lang='lat' dir='ltr'>poralis</span> <span class='ocrx_word' id='word_1_297' title='bbox 493 4522 647 4586; x_wconf 90' lang='lat' dir='ltr'>dabimus</span> <span class='ocrx_word' id='word_1_298' title='bbox 669 4532 822 4586; x_wconf 90' lang='lat' dir='ltr'>octavam</span> <span class='ocrx_word' id='word_1_299' title='bbox 848 4522 1090 4606; x_wconf 88' lang='lat' dir='ltr'>palpebrarum,</span> <span class='ocrx_word' id='word_1_300' title='bbox 1112 4534 1150 4586; x_wconf 92' lang='lat' dir='ltr'>ut</span> <span class='ocrx_word' id='word_1_301' title='bbox 1176 4535 1253 4589; x_wconf 90' lang='lat' dir='ltr'>octo</span> <span class='ocrx_word' id='word_1_302' title='bbox 1280 4524 1507 4609; x_wconf 87' lang='lat' dir='ltr'>spiritualibus</span> 
     </span>
    </p>
   </div>
   <div class='ocr_carea' id='block_1_6' title="bbox 614 4653 1239 4718">
    <p class='ocr_par' dir='ltr' id='par_1_8' title="bbox 614 4653 1239 4718">
     <span class='ocr_line' id='line_1_39' title="bbox 614 4653 1239 4718; baseline 0.005 -16"><span class='ocrx_word' id='word_1_303' title='bbox 614 4653 621 4684; x_wconf 91' lang='lat'>¹</span> <span class='ocrx_word' id='word_1_304' title='bbox 639 4653 695 4702; x_wconf 83' lang='lat' dir='ltr'>The</span> <span class='ocrx_word' id='word_1_305' title='bbox 707 4655 776 4718; x_wconf 90' lang='lat' dir='ltr'>optic</span> <span class='ocrx_word' id='word_1_306' title='bbox 787 4656 956 4705; x_wconf 85' lang='lat' dir='ltr'>commissure</span> <span class='ocrx_word' id='word_1_307' title='bbox 966 4670 1052 4704; x_wconf 84' lang='lat' dir='ltr'>seems</span> <span class='ocrx_word' id='word_1_308' title='bbox 1063 4663 1091 4704; x_wconf 85' lang='lat' dir='ltr'>to</span> <span class='ocrx_word' id='word_1_309' title='bbox 1101 4654 1134 4704; x_wconf 86' lang='lat' dir='ltr'>be</span> <span class='ocrx_word' id='word_1_310' title='bbox 1145 4662 1239 4705; x_wconf 81' lang='lat' dir='ltr'>meant</span> 
     </span>
    </p>
   </div>
   <div class='ocr_carea' id='block_1_7' title="bbox 0 0 1777 5359">
    <p class='ocr_par' dir='ltr' id='par_1_9' title="bbox 0 0 1777 5359">
     <span class='ocr_line' id='line_1_40' title="bbox 0 0 1777 5359; baseline 0 0"><span class='ocrx_word' id='word_1_311' title='bbox 0 0 1777 5359; x_wconf 95' lang='lat' dir='ltr'> </span> 
     </span>
    </p>
   </div>
  </div>
 </body>
</html>
