3542 5359
376 645 438 706 274
590 630 745 690 OPERIS
768 630 958 701 MAJORIS
982 629 1097 688 PARS
1118 628 1317 688 SEPTIMA.

377 795 473 858 Tunc
495 793 689 859 libidinosus
716 793 954 878 cupiditatibus
978 793 1047 856 suis
1077 801 1240 872 quantum
1266 792 1432 876 petierunt
1459 792 1531 856 sine

377 900 537 966 dilatione
555 900 736 983 permittit3
759 909 838 963 tunc
860 898 1049 983 impudicus
1072 897 1226 961 morbum
1249 896 1433 980 profitetur,
1450 907 1531 962 tunc

377 1003 531 1087 petulans
558 1025 624 1067 non
652 1004 798 1086 linguam
834 1023 902 1067 non
929 1021 1065 1065 manum
1094 1000 1261 1066 continet!
1307 1001 1354 1066 Et
1377 1001 1458 1083 quia
1480 1002 1528 1066 sic

374 1117 435 1186 est,
455 1109 532 1173 ideo
552 1107 752 1172 Aristoteles
773 1107 855 1172 dicit
878 1107 911 1170 in
932 1108 1080 1170 secundo
1104 1105 1300 1169 Ethicorum
1322 1107 1414 1188 quod
1438 1106 1529 1171 ebrio

375 1213 515 1277 debetur
536 1213 663 1296 duplex
687 1212 887 1276 maledictio
934 1211 982 1276 Et
1003 1220 1082 1292 post
1104 1209 1211 1274 multa
1233 1211 1276 1273 de
1298 1209 1362 1273 hac
1390 1211 1530 1275 materia

374 1316 456 1381 dicit
486 1315 615 1381 Seneca
637 1317 670 1379 in
694 1316 769 1379 loco
791 1315 952 1399 praelato,
975 1314 1080 1378 ‘Fere
1109 1314 1324 1378 vinolentiam
1347 1316 1530 1379 crudelitas

374 1421 532 1502 sequitur,
564 1420 751 1485 debellatur
787 1420 877 1484 enim
915 1429 1197 1500 exasperaturque
1232 1418 1360 1484 sanitas
1397 1419 1528 1483 mentis

376 1523 669 1607 Quemadmodum
703 1524 852 1588 difficiles
890 1523 1015 1587 faciunt
1046 1522 1162 1586 oculos
1194 1522 1311 1586 diutini
1345 1523 1452 1587 morbi
1484 1524 1529 1588 ad

375 1629 546 1692 minimam
563 1630 646 1693 radii
662 1629 742 1692 solis
757 1627 985 1707 offensionem,
1000 1627 1048 1691 ita
1063 1627 1242 1691 ebrietates
1256 1628 1434 1692 continuae
1448 1628 1526 1691 elie·

374 1743 449 1797 rant
463 1735 601 1798 animos.
647 1733 736 1796 Nam
753 1753 828 1798 cum
845 1753 946 1817 saepe
960 1732 1050 1814 apud
1066 1753 1102 1795 se
1115 1751 1184 1795 non
1198 1731 1275 1807 sint,
1290 1732 1530 1796 consuetudine

375 1835 523 1901 insaniae
543 1837 661 1902 durata
680 1837 760 1900 vitia
783 1857 802 1900 e
824 1837 902 1900 vino
923 1845 1085 1921 concepta
1108 1837 1212 1899 etiam
1239 1836 1310 1899 sine
1325 1835 1382 1899 illo
1397 1833 1528 1900 valent.’

378 1941 424 2004 Et
463 1940 591 2005 Seneca
631 1941 738 2025 primo
774 1942 818 2005 de
858 1941 1076 2004 Naturalibus
1112 1939 1375 2023 Quaestionibus
1411 1951 1529 2004 contra

374 2044 547 2109 deliciosos
567 2045 602 2109 in
624 2057 707 2128 potu
729 2046 777 2110 ait
799 2044 849 2110 ‘O
870 2045 963 2109 Deus
985 2045 1081 2122 bone,
1100 2063 1202 2127 quam
1224 2043 1320 2109 facile
1342 2055 1394 2108 est
1416 2045 1528 2108 extin-

374 2169 475 2231 guere
504 2149 593 2213 sitim
616 2149 751 2213 sanaml
781 2150 870 2214 sitim
906 2150 1005 2213 istam
1029 2160 1127 2232 putas
1142 2148 1402 2213 delicatoruml’
1433 2149 1529 2230 quasi

375 2252 465 2317 dicat
478 2273 555 2331 non,
567 2254 625 2317 sed
638 2254 737 2316 febris
752 2264 812 2317 est.
844 2253 912 2316 ‘Et
927 2254 1061 2336 quidem
1077 2271 1118 2315 eo
1132 2254 1241 2316 acrior
1251 2253 1341 2336 quod
1358 2272 1424 2317 non
1437 2263 1528 2316 tactu

374 2376 543 2434 venarum,
553 2377 661 2440 neque
677 2357 710 2420 iu
726 2369 836 2421 cutem
852 2356 960 2422 effuso
975 2358 1085 2422 calore
1099 2357 1377 2439 deprehenditur3
1397 2358 1457 2420 sed
1471 2376 1530 2421 cor

375 2459 483 2544 ipsum
500 2460 658 2543 excoquit
672 2460 815 2540 luxuria,
830 2461 988 2526 invictum
1004 2461 1129 2525 malum
1139 2457 1172 2523 ¹.'

206 2573 350 2688 qqqpeliffi
421 2563 535 2628 Placet
569 2565 756 2647 praeteritis
790 2585 876 2631 nunc
914 2566 948 2628 in
982 2565 1050 2628 fine
1087 2565 1287 2648 subjungere
1323 2563 1530 2630 Anacharsis

204 2705 364 2755 detaehment
377 2666 566 2752 philosophi
587 2667 763 2752 epistolam
790 2669 955 2752 voluptati
974 2670 1200 2734 dissonantem
1219 2689 1321 2752 quam
1346 2668 1529 2732 Hammoni

206 2772 268 2820 nom
279 2780 340 2820 ¹⁸¹⁰·
375 2773 469 2837 diviti
484 2772 615 2856 scripsit
630 2773 692 2837 sub
709 2773 760 2837 his
776 2775 902 2838 verbis:
927 2773 1150 2838 ‘Anacharsis
1167 2773 1355 2838 Hammoni
1376 2774 1527 2838 salutem

207 2837 361 2900 p⁰¹³¹⁰²¹⁶'
376 2877 460 2941 Mihi
480 2878 618 2942 amictui
637 2887 689 2942 est
708 2877 904 2960 Scythicum
927 2880 1085 2962 tegimen,
1102 2878 1364 2943 calceamentum
1381 2878 1528 2942 solorum

373 2981 504 3058 callum,
526 2983 634 3045 cubile
663 2993 769 3060 terra;
793 2982 1004 3066 pulmentum
1031 2982 1156 3047 fames:
1180 2984 1274 3057 lacte,
1296 3002 1405 3057 caseo,
1429 3001 1528 3046 carne

372 3105 496 3149 vescor.
541 3084 654 3168 Quare
672 3096 709 3151 ut
730 3087 773 3150 ad
796 3107 850 3151 me
872 3087 1021 3170 quietum
1043 3087 1120 3168 licet
1140 3088 1261 3151 venias
1308 3087 1450 3150 Munera
1470 3085 1529 3149 illa

373 3190 494 3271 quibus
514 3190 699 3255 delectatus
719 3210 755 3253 es
775 3169 905 3255 civibus
922 3193 989 3255 tuis
1003 3191 1055 3255 vel
1075 3192 1141 3255 diis
1156 3189 1402 3255 immortalibus
1417 3184 1527 3252 dona?

374 3292 503 3357 Tullius
517 3295 636 3376 quinto
652 3292 894 3376 Quaestionum
910 3297 995 3358 hanc
1016 3295 1193 3379 epistolam
1217 3295 1358 3359 libenter
1376 3294 1494 3358 recitat
1502 3291 1526 3358 ¹.

375 3397 501 3462 Seneca
510 3398 541 3459 in
552 3396 636 3461 libro
646 3399 1072 3482 primarumEpistolarum‚
1082 3395 1286 3488 [dicit]‘Qui
1295 3399 1367 3462 exit
1375 3399 1408 3461 in
1419 3398 1527 3461 lucem

372 3500 470 3583 hujus
487 3503 610 3574 mundi,
627 3513 801 3568 contentus
816 3506 858 3568 sit
874 3515 911 3567 ut
926 3525 1012 3588 pane
1026 3515 1061 3568 et
1075 3525 1161 3588 aqua
1177 3503 1285 3567 vivat!
1331 3502 1377 3565 Et
1392 3503 1426 3564 in
1442 3502 1528 3565 libro

373 3625 434 3670 suo
454 3605 511 3688 qui
527 3614 578 3669 est
594 3604 707 3688 Quare
727 3608 831 3671 multa
847 3609 935 3672 mala
950 3608 1047 3671 bonis
1062 3608 1138 3672 viris
1158 3608 1310 3672 accidant
1329 3607 1529 3671 exhortatur

372 3730 433 3774 nos
448 3708 616 3792 adingam
629 3711 830 3788 deliciarum,
842 3713 965 3788 dicens,
975 3715 984 3742 ‘
996 3712 1117 3794 Fugite
1127 3711 1141 3749 ³
1153 3711 1298 3782 delicias,
1310 3711 1417 3794 fugite
1430 3730 1527 3774 ener-

371 3823 483 3878 vatam
512 3813 702 3878 felicitatem
732 3835 799 3897 qua
828 3817 930 3879 animi
960 3817 1223 3899 permadescunt,
1249 3825 1283 3879 et
1310 3815 1372 3877 nisi
1401 3813 1526 3896 aliquid

371 3917 582 3982 intervenerit
604 3919 695 3999 quod
719 3917 885 3982 humanae
908 3920 1006 3983 sortis
1029 3920 1220 3996 admoneat,
1244 3917 1336 3981 velut
1364 3928 1528 4001 perpetua

371 4021 531 4087 ebrietate
550 4022 742 4104 sopiuntur.’
787 4022 834 4086 Et
857 4023 891 4086 in
913 4022 1089 4086 Phaedone
1110 4022 1258 4086 Platonis
1277 4022 1417 4104 legimus
1434 4023 1526 4104 quod

372 4126 567 4190 manifestus
601 4137 651 4191 est
688 4125 743 4189 ille
776 4125 996 4209 philosophus
1029 4126 1206 4191 absolvens
1238 4145 1341 4210 quam
1377 4127 1528 4190 maxime

371 4231 517 4294 animam
548 4250 568 4292 a
597 4231 742 4314 corporis
772 4230 1015 4308 communione,
1045 4231 1101 4311 qui
1133 4231 1270 4294 minime
1297 4229 1446 4294 solicitus
1475 4240 1529 4294 est

370 4334 581 4416 voluptatum
597 4354 682 4415 quae
697 4353 756 4416 per
773 4353 894 4415 corpus
914 4344 1002 4398 sunt.
1046 4334 1227 4398 Meditatio
1244 4344 1358 4398 autem
1379 4334 1528 4416 philoso-

372 4436 514 4519 phorum
536 4448 587 4501 est
601 4437 723 4500 solutio
740 4448 774 4501 et
789 4438 955 4520 separatio
973 4438 1104 4502 animae
1118 4459 1139 4500 a
1154 4458 1302 4522 corpore
1348 4437 1528 4502 Confidere

372 4541 471 4604 docet
491 4541 533 4603 de
555 4561 615 4603 sua
637 4541 750 4605 anima
770 4542 876 4604 virum
901 4541 958 4622 qui
981 4541 1170 4624 voluptates
1191 4562 1279 4626 quae
1301 4543 1385 4607 circa
1407 4562 1528 4625 corpus

438 4657 447 4684 ¹
465 4659 525 4710 Nat.
538 4659 639 4722 Quaest.
650 4661 683 4711 iv.
698 4675 735 4722 ¹3-
843 4661 854 4690 ¹
874 4661 898 4711 Τ
896 4678 946 4711 uec.
957 4661 1030 4724 Dap.
1043 4677 1068 4712 v.
1079 4678 1121 4725 ³²·
1265 4663 1276 4693 ⁸
1292 4661 1392 4726 Diehg.
1405 4662 1423 4712 i.
1434 4677 1460 4723 4.
