3542 5359
355 574 417 636 280
570 576 727 635 OPERIS
753 577 813 633 MA
812 575 940 646 JORIS
965 576 1079 634 PARS
1104 573 1302 634 SEPTIMA.

356 740 414 804 sed
439 737 628 821 proximum
658 738 784 802 amittit
797 760 805 817 ;
834 748 869 802 et
893 758 962 802 non·
990 737 1097 802 solum
1128 737 1277 802 inimicos
1308 736 1434 800 invadit
1464 734 1506 798 ad

357 853 510 920 mortem,
531 843 590 906 sed
614 863 713 907 cansa
732 845 848 907 mortis
865 851 916 906 est
934 844 1122 908 amicorum.
1168 842 1272 924 Cujus
1291 841 1335 905 rei
1355 841 1508 926 pulcher-

357 947 478 1010 rimum
494 946 687 1028 exemplum
705 945 832 1012 Seneca
846 948 969 1029 promit
984 948 1018 1010 in
1033 948 1180 1012 secundo
1199 947 1284 1010 libro
1302 947 1344 1010 de
1360 946 1508 1028 quodam

357 1049 413 1132 qui
432 1059 550 1131 captus
572 1069 593 1112 a
615 1059 760 1131 tyranno
789 1069 866 1114 eum
894 1059 989 1115 tanta
1011 1050 1134 1113 delusit
1156 1049 1286 1114 cautela
1308 1059 1345 1113 ut
1367 1049 1509 1129 ipsemet

356 1162 518 1236 tyrannus
541 1152 738 1218 interficeret
764 1174 880 1217 omnes
908 1155 1056 1219 inimicos
1081 1175 1183 1232 snos;
1214 1162 1247 1217 et
1274 1154 1344 1236 ipse
1370 1153 1508 1216 tandem

357 1267 518 1340 tyrannus
540 1258 707 1324 emoritur.
747 1257 839 1323 Dicit
861 1279 952 1342 ergo,
973 1257 1103 1322 ‘Notus
1125 1255 1200 1322 δι’
1223 1256 1278 1320 ille
1300 1255 1510 1338 tyrannicida

356 1361 414 1443 qui
436 1359 632 1446 imperfecto
654 1382 754 1445 opere
776 1361 1044 1444 comprehensus
1067 1372 1101 1425 et
1122 1361 1166 1425 ab
1191 1359 1319 1446 Hippia
1342 1368 1449 1424 tortus
1473 1366 1511 1422 ut

357 1467 527 1530 consocios
553 1465 721 1543 indicaret,
743 1467 995 1531 circumstantes
1013 1466 1144 1548 tyranni
1167 1467 1292 1530 amicos
1318 1463 1510 1539 nominavit,

357 1568 478 1651 quibus
500 1570 650 1633 maxime
679 1590 788 1633 caram
819 1571 891 1653 ejus
921 1569 1062 1633 salutem
1093 1569 1228 1634 sciebat.
1275 1569 1320 1632 Et
1349 1589 1426 1631 curn
1455 1567 1510 1630 ille

357 1671 505 1756 singulos
522 1683 559 1737 ut
575 1674 736 1738 nominati
752 1685 847 1738 erant
867 1674 974 1739 occidi
990 1673 1141 1756 jussisset
1166 1672 1382 1756 interrogavit
1397 1671 1511 1755 ecquis

358 1789 565 1860 superesset3
595 1777 659 1856 Tu,
690 1778 806 1862 inquit,
837 1778 936 1842 solus.
983 1778 1161 1842 Neminem
1193 1778 1282 1841 enim
1313 1777 1427 1850 alium,
1456 1776 1509 1840 cui

358 1901 454 1946 carus
469 1901 567 1955 esses,
581 1880 707 1963 reliqui.
753 1882 874 1947 Effecit
887 1883 987 1966 igitur
1001 1883 1049 1947 ira
1065 1892 1102 1946 ut
1112 1895 1274 1964 tyrannus
1285 1881 1511 1963 tyrannicidae

360 2005 479 2050 manus
494 1987 771 2062 accommodaret,
789 1998 823 2050 et
838 1988 1000 2069 praesidia
1016 2008 1075 2051 sua
1090 1987 1203 2070 gladio
1218 2007 1278 2050 suo
1294 1983 1467 2050 caederet.'

190 2101 276 2164 Anger
286 2099 322 2176 in·
403 2088 498 2155 Sicut
524 2111 604 2153 vero
630 2102 759 2173 partem
786 2091 1025 2174 speculativam
1056 2089 1187 2154 animae
1216 2089 1398 2165 confundit,
1421 2099 1455 2152 et
1480 2089 1512 2152 ei

189 2165 345 2281 &papante
360 2192 552 2258 innaturalis
577 2206 628 2258 est
655 2194 711 2270 ira,
734 2195 783 2259 sic
806 2205 840 2258 et
866 2195 1055 2277 practicam,
1078 2204 1112 2259 et
1134 2194 1234 2276 longe
1258 2193 1375 2277 magis.
1419 2194 1510 2257 Nam

188 2297 300 2410 ppuous
360 2298 441 2362 haec
463 2299 565 2362 habet
583 2299 740 2361 virtutem
758 2319 819 2383 pro
842 2302 931 2376 dote,
948 2299 981 2362 in
1004 2299 1065 2363 hac
1087 2297 1191 2363 virtus
1214 2297 1386 2374 consistit3
1410 2309 1444 2362 et
1464 2296 1512 2362 ira

192 2377 319 2491 (¹13th
360 2401 478 2466 vitium
501 2413 560 2466 est.
609 2402 694 2467 Cum
723 2424 803 2486 ergo
828 2423 945 2467 omnes
968 2403 1116 2478 virtutes,
1138 2405 1320 2468 secundum
1348 2402 1512 2468 Senecam

190 2493 325 2557 clemeney.
359 2505 446 2570 libro
465 2505 692 2590 Epistolarum
716 2507 907 2589 primarum,
928 2518 962 2573 et
987 2510 1169 2573 secundum
1192 2505 1338 2571 Tullium
1361 2506 1448 2572 libro
1468 2508 1512 2572 de

361 2609 500 2688 Officiis,
515 2619 548 2674 et
563 2612 746 2674 secundum
766 2613 909 2676 eundem
927 2611 1012 2676 libro
1032 2613 1234 2677 secundo-de
1249 2611 1513 2695 Quaestionibus

359 2714 566 2793 Tusculanis,
580 2724 657 2778 sunt
672 2735 857 2792 connexae,
873 2717 981 2800 utqui
997 2717 1119 2780 habeat
1135 2737 1236 2780 unum
1252 2716 1374 2780 habeat
1395 2736 1513 2779 omnes

358 2829 495 2904 propter
529 2818 699 2901 generales
736 2819 1001 2884 circumstantias
1039 2821 1071 2883 in
1104 2820 1224 2902 quibus
1260 2830 1514 2899 connectuntur,

359 2922 437 2985 licet
457 2921 613 2988 differant
632 2923 664 2986 in
684 2923 883 3005 specialibus
905 2923 1170 3000 circumstantiis
1190 2943 1323 2988 necesse
1347 2933 1398 2986 est
1420 2924 1513 3005 quod

359 3025 407 3089 ira
421 3045 488 3089 non
503 3027 727 3108 compatiatur
744 3047 856 3091 secum
876 3027 1023 3109 aliquam
1041 3028 1208 3105 virtutem,
1223 3047 1300 3096 cum
1319 3037 1513 3092 mansuetu·

360 3128 482 3207 dinem,
493 3148 580 3211 quae
595 3129 668 3193 aliis
684 3130 862 3194 virtutibus
877 3152 1010 3194 annexa
1026 3140 1077 3194 est
1093 3131 1330 3214 principaliter,
1341 3131 1512 3194 excludat.

361 3229 408 3294 Et
430 3232 495 3296 hoc
517 3234 672 3312 estquod
690 3233 770 3297 dicit
787 3233 923 3310 Seneca,
940 3234 1086 3300 secundo
1100 3235 1145 3299 de
1162 3235 1233 3298 Ira:
1259 3235 1424 3299 ‘Necesse
1439 3231 1515 3299 est²

362 3333 452 3416 prius
463 3335 617 3399 virtutem
633 3355 677 3398 ex
691 3336 803 3400 animo
817 3337 925 3414 tollas,
938 3359 1038 3421 quam
1056 3338 1259 3402 iracundiam
1272 3339 1418 3422 recipias,
1431 3357 1514 3420 quo·

360 3439 449 3501 niam
472 3457 547 3500 cum
571 3439 745 3503 virtutibus
767 3441 848 3504 vitia
872 3461 937 3504 non
968 3454 1107 3519 coeunt;
1131 3462 1190 3506 nec
1210 3441 1316 3524 magis
1335 3441 1514 3526 quisquam

360 3541 479 3604 eodem
495 3550 646 3622 tempore
664 3552 698 3604 et
714 3544 815 3608 iratus
829 3553 1026 3627 potestesse
1041 3555 1073 3609 et
1088 3545 1140 3609 vir
1159 3545 1276 3623 bonus,
1291 3566 1393 3629 quam
1415 3565 1517 3627 aeger

361 3655 396 3710 et
414 3642 535 3710 sanus?
567 3645 720 3728 Denique
731 3646 818 3711 tollit
833 3648 971 3713 virtutes
983 3649 1206 3713 nobilissimas
1223 3649 1345 3714 scilicet
1361 3671 1516 3714 mansue·

362 3748 521 3824 tudinem,
550 3747 768 3825 clementiam,
799 3753 1119 3833 magnanimitatem,
1144 3755 1313 3836 pietatem,
1342 3755 1516 3838 gaudium,

360 3861 395 3916 et
410 3872 528 3934 pacem
543 3852 660 3917 cordis.
705 3852 903 3918 Aristoteles
919 3856 1005 3919 enim
1023 3855 1055 3919 in
1071 3869 1190 3938 quarto
1205 3857 1289 3921 libro
1307 3857 1518 3935 Ethicorum,

361 3959 460 4021 docet
475 3958 566 4039 quod
586 3959 805 4021 mansuetudo
825 3969 876 4022 est
891 3957 996 4022 virtus
1019 3961 1181 4025 contraria
1198 3961 1276 4026 irae.
1324 3961 1371 4026 Et
1387 3962 1517 4030 Seneca

361 4062 442 4124 dicit
458 4061 491 4123 in
504 4061 613 4143 primo
625 4059 711 4123 libro
726 4060 769 4124 de
781 4059 977 4140 Clementia,
989 4063 1139 4126 nullam³
1155 4085 1199 4128 ex
1215 4064 1371 4130 omnibus
1383 4067 1517 4131 virtuti·

362 4165 423 4227 bus
444 4163 571 4228 homini
593 4162 700 4247 magis
722 4164 896 4229 convenire
915 4184 1015 4247 quarn
1032 4166 1253 4245 clementiam,
1269 4188 1345 4232 cum
1360 4170 1405 4234 sit
1423 4172 1518 4236 nulla

362 4266 546 4332 humanior.
593 4267 662 4333 Sed
677 4269 724 4330 ira
744 4267 893 4333 excludit
909 4267 1120 4335 clementiam
1137 4273 1215 4354 quia
1232 4272 1516 4339 incrudelitatem

362 4371 559 4452 degenerat3
581 4391 668 4454 quae
688 4371 867 4436 crudelitas
880 4382 933 4437 est
950 4385 1038 4438 recte
1055 4378 1219 4442 contraria
1236 4377 1455 4459 clementiae;
1479 4391 1517 4446 ut

362 4473 445 4538 dicit
461 4474 588 4538 Seneca
603 4473 689 4538 libro
703 4477 859 4538 secundo.

395 4589 402 4617 ¹
420 4588 459 4639 De
470 4589 522 4652 rra,
535 4591 560 4638 ii.
571 4606 612 4654 23.
820 4593 830 4620 ¹
847 4593 877 4641 ib.
891 4594 915 4642 ii.
931 4608 968 4645 ra.
1152 4599 1161 4627 ³
1177 4599 1218 4650 De
1230 4601 1372 4664 Clementia,
1385 4602 1402 4652 i.
1414 4618 1439 4665 3.
