3542 5359
352 632 592 693 PERSPECTI
597 632 683 689 VAE
707 632 821 692 PARS
846 632 1072 692 SECUNDA:
1105 632 1215 694 DIST.
1232 632 1292 689 III.
1347 646 1403 706 105

252 800 412 862 recedunt
428 807 462 861 et
477 805 681 880 separantur.
728 797 773 861 Et
789 798 865 861 ideo
886 797 969 860 radii
989 795 1212 861 accidentales
1228 815 1295 858 non
1313 793 1403 856 suffi-

252 902 344 966 ciunt
372 902 552 966 accendere
582 901 702 964 lunam.
758 900 824 965 Sed
856 902 991 984 quando
1022 913 1073 965 est
1103 901 1136 962 in
1166 898 1293 976 umbra,
1323 909 1403 962 tunc

252 1013 339 1068 terra
354 1025 440 1087 quae
457 1006 586 1090 obtegit
606 1004 718 1068 lunam
739 1026 760 1069 a
780 1005 858 1082 sole,
873 1016 924 1071 est
939 1006 1082 1069 multum
1098 1005 1256 1089 elongata
1276 1024 1297 1066 a
1316 1002 1403 1079 luna,

252 1120 287 1173 et
312 1110 387 1173 ideo
413 1111 495 1174 radii
523 1110 648 1174 solares
674 1111 872 1195 principales
903 1109 1044 1174 multum
1074 1130 1181 1192 prope
1206 1117 1405 1172 concummt

253 1225 392 1296 propter
407 1215 662 1279 strictitudinem
686 1217 823 1280 umbrae
846 1218 879 1279 in
903 1226 998 1298 parte
1020 1215 1199 1299 superiori3
1218 1223 1252 1276 et
1267 1223 1405 1295 propter

252 1318 316 1381 hoc
342 1319 424 1382 radii
453 1319 676 1383 accidentales
706 1330 846 1400 possunt
872 1322 984 1383 venire
1012 1320 1055 1382 de
1084 1338 1189 1402 prope
1217 1319 1250 1380 in
1280 1335 1404 1400 magna

252 1423 445 1486 fortitudine
467 1424 509 1486 ad
532 1443 654 1507 corpus
678 1425 784 1496 lunae,
804 1436 838 1490 et
861 1425 939 1488 ideo
959 1425 1143 1487 accendunt
1165 1423 1289 1486 lunam.
1335 1419 1402 1484 Sed

252 1526 331 1608 quia
345 1527 565 1592 accidentales
581 1539 659 1591 sunt
674 1529 840 1593 debilioris
855 1529 1058 1611 operationis
1077 1547 1178 1609 quam
1201 1525 1403 1607 principales,

253 1642 389 1713 propter
410 1631 473 1693 hoc
497 1651 562 1693 non
586 1630 674 1696 clare
697 1631 883 1696 illuminant
908 1633 1021 1695 lunam
1049 1652 1110 1695 nec
1135 1629 1240 1714 plene,
1266 1639 1300 1693 et
1327 1629 1403 1693 ideo

253 1733 291 1796 fit
306 1734 469 1798 subrubea
484 1736 536 1798 vel
553 1736 687 1818 pallida,
705 1736 872 1800 declinans
891 1739 934 1801 ad
953 1739 1115 1810 ruborem,
1131 1744 1165 1798 et
1181 1735 1288 1817 magis
1302 1732 1404 1797 rubea

251 1848 312 1914 est,
335 1841 471 1920 quando
494 1841 605 1904 minus
627 1842 717 1904 cadit
740 1842 773 1903 in
794 1842 1040 1924 spissitudinem
1065 1840 1211 1917 umbrae,
1235 1847 1270 1901 et
1296 1838 1404 1920 magis

253 1941 386 2025 pallida,
402 1955 529 2026 quanto
544 1945 651 2027 magis
666 1947 756 2009 cadit
773 1947 806 2009 in
823 1966 906 2010 eam.
954 1945 999 2008 Et
1015 1956 1126 2009 tamen
1143 1951 1255 2024 potest
1275 1941 1404 2024 ingredi

251 2047 498 2128 spissitudinem
521 2049 666 2124 umbrae,
682 2059 717 2113 et
737 2051 936 2114 descendere
955 2051 989 2112 in
1010 2049 1192 2113 eccentrico
1213 2067 1275 2110 suo
1289 2066 1404 2108 versus

251 2163 383 2230 terram,
406 2152 497 2233 quod
519 2172 586 2215 non
609 2161 745 2235 possunt
769 2155 853 2217 radii
875 2154 1097 2218 accidentales
1122 2172 1197 2216 eam
1223 2152 1403 2215 accendere

252 2267 389 2338 propter
412 2276 568 2341 magnam
587 2259 830 2340 separationem
856 2261 1023 2323 radiorum
1046 2256 1277 2342 principalium
1301 2254 1403 2336 ipsius

251 2358 340 2437 solis,
355 2369 389 2424 et
405 2373 552 2425 remanet
567 2371 641 2425 tota
655 2364 842 2440 tenebrosa,
857 2364 943 2428 sicut
958 2364 991 2426 in
1008 2362 1251 2446 conjunctione,
1267 2359 1404 2441 quiade

250 2484 287 2526 se
303 2462 415 2526 lumen
431 2485 496 2528 non
512 2466 623 2545 habet,
640 2467 699 2530 sed
716 2478 766 2531 est
781 2489 902 2551 corpus
917 2469 1067 2531 densum.

297 2567 458 2633 Similiter
479 2570 522 2634 de
544 2570 656 2634 colore
677 2580 789 2653 potest
813 2573 890 2655 poni
916 2572 1117 2655 exemplum.
1173 2570 1262 2632 Nam
1289 2568 1317 2630 si
1343 2587 1402 2648 per
1414 2575 1511 2626 Second

253 2673 399 2736 medium
423 2675 523 2757 panni
546 2674 644 2738 valde
670 2675 732 2738 rari
756 2677 895 2741 colorati
920 2677 1058 2739 diversis
1082 2675 1247 2738 coloribus
1270 2675 1303 2736 in
1326 2643 1551 2758 par-‘cfflssf

253 2777 343 2841 tibus
357 2777 425 2841 suis
439 2779 529 2841 visus
552 2779 691 2863 aspiciat
712 2780 848 2862 aliquod
869 2800 989 2862 eorpus
1012 2781 1109 2843 unius
1129 2776 1258 2851 coloris,
1274 2787 1354 2840 tunc
1375 2776 1403 2838 si
1415 2774 1497 2887 opject
1509 2791 1566 2824 κτα

252 2879 415 2945 foramina
439 2884 540 2964 panni
566 2893 642 2948 sunt
665 2903 796 2969 magna,
820 2885 947 2950 videbit
973 2883 1116 2948 colorem
1144 2881 1291 2966 corporis
1317 2841 1550 2969 sicutisffliti

253 2994 312 3061 est,
330 2986 387 3048 sed
410 2985 438 3050 si
461 2987 525 3051 sint
546 3007 649 3071 parva
671 3000 705 3052 et
723 2989 865 3063 subtilia,
881 2987 1055 3072 apparebit
1077 2989 1107 3052 ei
1131 2986 1224 3051 color
1243 2987 1289 3049 rei
1311 2994 1401 3067 post·
1414 2971 1533 3085 fflgloed

252 3089 380 3171 positae
399 3091 537 3168 mixtus,
552 3101 586 3155 et
601 3093 677 3156 ideo
693 3113 736 3156 ex
752 3094 946 3157 diversitate
961 3093 1105 3156 raritatis
1121 3092 1221 3156 medii
1237 3110 1296 3173 per
1311 3088 1402 3170 quod

251 3193 383 3257 videtur
407 3195 573 3260 videbitur
598 3196 691 3262 color
716 3198 871 3273 diversus,
903 3198 1011 3262 etsie
1041 3197 1163 3260 errabit
1193 3196 1226 3259 in
1256 3194 1402 3258 scientia.

254 3294 357 3378 Cujus
381 3311 547 3364 causaest
570 3301 681 3365 dubia.
727 3301 816 3364 Nam
835 3312 976 3380 constat,
999 3303 1089 3386 quod
1111 3300 1237 3366 colores
1259 3298 1402 3380 partium

252 3404 399 3485 corporis
420 3423 486 3466 non
500 3406 637 3469 veniunt
656 3407 698 3469 ad
717 3407 826 3470 visum
848 3407 910 3470 nisi
932 3427 991 3489 per
1012 3406 1172 3470 foramina
1197 3403 1297 3486 panni
1319 3403 1404 3465 inter

252 3503 317 3580 fila,
347 3515 382 3569 et
414 3507 541 3571 colores
577 3508 708 3573 filorum
738 3512 874 3574 veniunt
903 3511 1086 3574 secundum
1121 3529 1199 3572 suas
1232 3505 1336 3570 lineas
1368 3515 1403 3569 et

251 3611 482 3676 verticationes
505 3615 655 3696 proprias
679 3616 722 3678 ad
746 3615 812 3678 alia
835 3626 961 3697 puncta
982 3635 1083 3696 quarn
1106 3613 1234 3695 species
1256 3610 1404 3676 colorum

252 3713 396 3795 partium
419 3718 595 3798 postpositi
616 3720 782 3801 corporis:
809 3729 1013 3803 quapropter
1028 3718 1175 3800 figuntur
1190 3715 1316 3780 colores
1330 3734 1404 3796 par-

251 3817 335 3882 tium
367 3817 454 3884 illius
480 3821 627 3904 corporis
653 3824 697 3886 ad
721 3832 846 3907 puncta
872 3823 939 3888 alia
965 3824 998 3885 in
1025 3822 1123 3888 oculo
1149 3840 1250 3902 quam
1278 3817 1405 3883 colores

252 3972 330 4020 when
349 3973 375 4020 in
393 3975 558 4035 conjunctiora
573 3977 637 4026 with
656 3977 701 4025 the
719 3977 772 4026 Suo
786 3977 845 4040 (Le
860 3978 941 4026 when
959 3977 1030 4037 new)
1041 3978 1093 4025 and
1104 3976 1166 4038 only
1177 3974 1297 4037 partinlly
1307 3973 1404 4022 hidden

252 4051 332 4100 when
355 4052 380 4100 in
404 4054 509 4116 eclipse‚
534 4055 646 4117 isquite
663 4056 725 4116 just,
750 4055 771 4104 if
784 4057 927 4105 dtowance
950 4056 983 4104 be
1005 4056 1080 4104 made
1102 4054 1143 4103 for
1161 4055 1207 4102 the
1224 4052 1365 4100 difference
1381 4052 1407 4100 ln

251 4131 381 4182 technicnl
393 4132 519 4196 lengusge
531 4134 650 4184 between
664 4136 705 4184 his
717 4137 779 4185 time
790 4137 842 4184 and
853 4151 923 4184 ours.
958 4135 1001 4183 lle
1019 4135 1142 4182 observes
1158 4134 1223 4190 that,
1244 4132 1271 4179 in
1290 4132 1334 4178 the
1353 4129 1409 4180 first

251 4225 311 4258 csse
323 4211 367 4260 the
379 4227 470 4261 source
482 4212 513 4260 of
521 4213 585 4273 light
598 4214 619 4262 is
631 4228 695 4263 near
703 4223 730 4262 to
743 4216 788 4263 the
797 4215 881 4276 object
888 4214 1015 4262 obscured
1024 4213 1206 4276 (propinquum
1215 4209 1313 4268 lunae),
1322 4209 1408 4270 being,

252 4289 278 4336 in
291 4287 350 4347 fact,
362 4291 407 4339 the
425 4290 525 4339 further
541 4292 598 4340 side
615 4292 645 4340 of
659 4293 704 4340 the
722 4307 799 4342 moon
817 4293 846 4342 lit
866 4293 902 4355 by
920 4293 964 4341 the
984 4290 1056 4340 sun’s
1074 4305 1142 4352 mys.
1176 4287 1233 4336 The
1248 4287 1330 4335 direct
1347 4303 1409 4350 ruys

253 4367 439 4430 (principales,
449 4369 587 4432 therefore,
598 4371 704 4432 diverge
712 4385 743 4418 so
753 4371 828 4420 ruuch
841 4372 898 4420 that
906 4371 952 4419 the
964 4370 1075 4419 diffused
1086 4383 1146 4430 ruys
1155 4366 1351 4428 (accidentales)
1360 4381 1405 4416 are

252 4446 420 4510 inoperative.
456 4447 485 4496 ln
503 4448 547 4497 the
564 4450 663 4498 second
680 4463 740 4498 csse
757 4449 803 4498 the
814 4449 897 4498 direct
906 4463 966 4511 rays
978 4449 1065 4498 which
1076 4447 1165 4495 bound
1176 4446 1221 4494 the
1230 4459 1297 4494 cone
1313 4444 1344 4492 of
1357 4445 1404 4494 the

251 4527 347 4574 eartlr's
363 4527 482 4586 shadow,
499 4527 603 4589 coming
619 4526 684 4575 from
702 4542 717 4574 a
735 4543 807 4576 ruore
829 4528 927 4576 distant
944 4541 1045 4586 source,
1063 4540 1108 4573 are
1126 4524 1166 4573 far
1184 4524 1237 4572 less
1256 4522 1402 4584 divergent,

250 4605 301 4653 and
312 4605 357 4654 the
369 4605 514 4654 accidental
532 4621 601 4668 rays,
613 4605 693 4668 being
710 4605 762 4656 lem
776 4613 883 4668 remote,
903 4605 1017 4667 produce
1036 4620 1053 4654 a
1068 4604 1121 4652 dim
1138 4603 1245 4652 reddish
1262 4601 1353 4652 colour
1369 4617 1404 4650 on

251 4683 296 4734 the
306 4685 421 4748 eclipsed
433 4683 542 4734 surhce.
