3542 5359
390 671 585 734 MORALIS
609 670 930 732 PHILOSOPHIA:
955 671 1070 730 PARS
1099 670 1263 728 TERTIA.
1339 683 1399 744 277

248 835 339 913 exit3
362 845 555 920 quantoque
570 833 677 916 major
687 834 750 897 hoc
762 831 944 898 effervescit
957 829 1170 896 manifestius.
1214 830 1294 894 Non
1306 829 1399 895 vides

247 951 285 1003 ut
314 941 463 1005 omniurn
494 938 696 1013 animalium,
726 937 826 1002 simul
855 939 899 1001 ad
935 937 1121 1000 nocendum
1152 933 1398 1012 insurrexerint,

246 1055 457 1128 praecurrant
471 1041 601 1118 notae1,
619 1062 659 1107 ac
679 1051 751 1106 tota
766 1062 906 1125 corpora
921 1040 1054 1105 solitum
1071 1039 1288 1123 quietumque
1302 1057 1396 1120 egre-

244 1149 378 1213 diantur
392 1148 567 1212 habitum?
589 1156 746 1230 spumant
765 1148 853 1230 apris
873 1166 942 1225 ora,
956 1147 1074 1210 dentes
1094 1154 1256 1209 acuuntur
1270 1143 1395 1220 attritu,

244 1261 413 1315 taurorum
428 1272 550 1316 cornua
570 1251 738 1334 jactantur
759 1252 793 1314 in
808 1270 950 1315 vacuum
974 1258 1007 1312 et
1030 1268 1130 1313 arena
1152 1247 1248 1331 pulsu
1272 1248 1394 1331 pedum

243 1357 417 1439 spargitur,
433 1357 545 1421 leones
564 1356 717 1436 fremunt,
733 1355 888 1419 inflantur
911 1353 1046 1418 irritatis
1070 1351 1155 1418 colla
1175 1351 1393 1435 serpentibus,

243 1461 431 1524 rabidorum
447 1480 566 1525 canum
588 1462 691 1524 tristis
711 1473 864 1543 aspectus
884 1456 953 1522 est!
1001 1457 1047 1527 Et
1065 1458 1154 1539 quod
1176 1457 1282 1538 magis
1302 1455 1393 1519 elon·

241 1577 361 1647 gentur
382 1565 536 1630 homines
558 1565 705 1634 iracundi
728 1587 749 1629 a
771 1564 980 1647 benignitate
1009 1559 1156 1624 humana
1177 1580 1278 1642 quam
1308 1560 1394 1625 aliae

241 1669 376 1749 bestiae,
393 1671 573 1734 sententiat
596 1671 630 1732 in
653 1671 750 1734 tertio
774 1671 858 1732 libro
880 1688 953 1746 suo,
970 1663 1167 1732 ‘Ferarum²
1192 1665 1394 1730 mehercules

241 1773 311 1838 sive
333 1774 405 1839 illas
427 1774 532 1839 sames
554 1776 669 1858 agitat,
684 1775 752 1839 sive
772 1773 915 1838 infixum
933 1773 1112 1837 visceribus
1135 1771 1267 1846 serrum,
1284 1771 1392 1834 minus

239 1886 326 1942 tetra
346 1878 445 1942 iacies
467 1889 527 1954 est,
543 1881 645 1943 etiarn
665 1900 739 1943 cum
760 1888 934 1943 venatores
953 1897 1031 1940 suos
1050 1876 1258 1941 semianimes
1280 1865 1390 1939 morsu

239 1980 357 2045 ultimo
380 1991 509 2065 petunt,
530 2003 630 2066 quarn
653 1984 794 2048 hominis
819 1984 866 2046 ira
884 1977 1076 2064 flagrantis’
1122 1979 1254 2043 Deinde
1276 1989 1392 2042 contra

239 2096 393 2150 naturam
423 2087 567 2151 hominis
595 2098 646 2152 est
677 2089 733 2166 ira,
756 2089 833 2172 quia
864 2087 1034 2172 proprium
1065 2085 1250 2167 subjectum
1282 2083 1391 2164 primo

240 2189 380 2254 destruit
409 2200 443 2256 et
474 2191 655 2256 confundit.
700 2190 790 2256 Nam
822 2192 932 2276 primo
970 2190 1141 2254 hominem
1178 2185 1390 2268 transfigurat

238 2295 385 2358 exterius
406 2305 569 2378 quantum
592 2296 635 2360 ad
657 2305 765 2361 toturn
788 2315 908 2380 corpus
931 2295 963 2358 in
986 2293 1118 2358 foedam
1141 2301 1175 2356 et
1197 2290 1388 2355 horribilem

238 2396 388 2462 sormam.
435 2399 535 2463 Unde
558 2399 687 2464 Seneca
708 2399 743 2462 in
769 2399 931 2481 principio
954 2398 1027 2461 libri
1051 2397 1102 2460 sui
1124 2397 1171 2461 sic
1203 2395 1388 2478 eloquitur3

237 2500 438 2585 ‘Exegisti³
455 2524 476 2567 a
494 2525 557 2578 me,
577 2503 716 2581 Novate,
731 2512 768 2565 ut
783 2503 961 2567 scriberem
978 2502 1260 2584 quemadmodum
1276 2511 1388 2583 posset

239 2605 286 2669 ira
301 2605 403 2687 leniri,
417 2627 478 2671 nec
495 2606 659 2671 immerito
675 2606 756 2668 mihi
768 2606 890 2670 videris
905 2606 993 2671 hunc
1006 2605 1163 2670 affectum
1178 2605 1388 2687 pertimuisse

237 2711 388 2775 maxime
416 2731 460 2774 ex
491 2710 644 2775 omnibus
674 2721 797 2774 tetrum
831 2720 865 2774 et
897 2709 1060 2774 rabidum.
1121 2708 1268 2772 Caeteris
1295 2709 1383 2770 enirn

236 2814 360 2897 aliquid
375 2814 478 2896 quieti
494 2823 527 2878 et
542 2813 664 2896 placidi
677 2813 770 2893 inest,
781 2814 834 2878 hic
850 2824 941 2878 totus
955 2813 1141 2878 concitatus
1156 2830 1194 2876 ac
1210 2812 1244 2873 in
1260 2812 1385 2894 impetu

235 2927 287 2981 est
305 2915 449 2981 doloris!
496 2917 542 2983 Et
559 2918 593 2980 in
614 2918 761 2983 secundo
780 2917 864 2981 libro
884 2921 926 2982 de
944 2917 997 2980 Ira
1017 2917 1108 2991 dicit,
1123 2915 1232 2978 ‘Nihil
1250 2912 1386 2979 tamen⁴

234 3040 341 3103 aeque
358 3020 518 3106 profuerit
532 3042 634 3105 quarn
650 3023 794 3106 primum
810 3021 932 3086 intueri
950 3019 1196 3084 deformitatem
1212 3018 1268 3082 rei.
1312 3018 1385 3082 Nec

234 3124 333 3189 ullius
362 3124 500 3191 affectus
530 3127 631 3192 facies
656 3126 828 3194 turbatior.
888 3124 1111 3189 Pulcherrima
1140 3143 1198 3187 ora
1228 3121 1384 3200 foedavit,

233 3238 347 3293 torvos
360 3229 473 3295 vultus
487 3250 532 3292 ex
548 3230 826 3314 tranquillissimis
841 3230 961 3294 reddit.
1007 3228 1145 3311 Linquit
1159 3229 1260 3292 decor
1275 3227 1384 3290 omnis

232 3332 341 3398 iratos
387 3333 433 3398 Et
454 3334 525 3396 sive
546 3335 687 3398 amictus
710 3334 773 3399 illis
795 3333 1001 3416 compositus
1023 3341 1082 3411 est,
1105 3333 1148 3396 ad
1177 3332 1286 3415 legem
1317 3331 1384 3395 irae

232 3437 363 3502 trahent
374 3449 500 3502 vestem
511 3457 712 3521 omnemque
726 3458 838 3503 curam
851 3438 901 3503 sui
913 3437 1095 3515 effundent,
1104 3438 1172 3500 sive
1187 3434 1381 3517 capillorum

231 3550 349 3606 natura
362 3541 414 3604 vel
428 3551 501 3605 arte
512 3540 696 3623 jacentium
711 3561 778 3605 non
794 3541 947 3605 iniorrnis
958 3541 1102 3620 habitus,
1111 3561 1186 3605 curn
1202 3540 1315 3604 animo
1330 3540 1380 3602 in-

231 3645 424 3710 horrescunt
432 3667 441 3724 ;
456 3654 646 3712 tumescunt
655 3665 767 3725 venae,
779 3647 987 3710 concutietur
999 3645 1114 3710 crebro
1126 3645 1242 3730 spiritu
1255 3655 1381 3727 pectus,

230 3749 346 3812 rabida
356 3751 447 3814 vocis
461 3751 593 3833 eruptio
608 3748 693 3815 colla
707 3750 876 3829 distendit,
885 3761 958 3813 turn
973 3759 1064 3814 artus
1074 3749 1205 3832 trepidi,
1216 3749 1382 3832 inquietae

230 3873 359 3930 manus,
381 3855 486 3918 totius
513 3855 659 3937 corporis
685 3853 867 3918 fluctuatio.
913 3851 1056 3937 Qualem
1081 3855 1169 3918 intus
1189 3873 1260 3915 esse
1283 3862 1381 3935 putas

227 3957 376 4020 animum
392 3957 487 4040 cujus
503 3969 641 4022 externa
656 3957 769 4040 imago
784 3967 855 4021 tam
871 3955 970 4022 foeda
986 3962 1059 4022 est?
1083 3956 1219 4039 Quanto
1233 3956 1279 4019 illi
1295 3955 1380 4018 intra

227 4071 342 4142 pectus
358 4060 535 4125 terribilior
549 4061 662 4125 vultus
675 4069 736 4141 est,
747 4054 870 4149 [acrior
879 4062 1024 4146 spiritus,
1033 4061 1188 4124 intentior
1197 4061 1340 4143 impetus
1350 4054 1378 4144 ⁵]

228 4173 383 4249 rupturus
412 4185 448 4230 se
477 4165 540 4228 nisi
571 4164 721 4248 eruperit.
766 4164 889 4249 Qualia
921 4175 1042 4250 poetae
1071 4165 1198 4229 inferna
1229 4173 1379 4227 monstra

227 4267 353 4333 finxere
375 4269 542 4335 succincta
565 4268 643 4352 igne
665 4279 700 4334 et
720 4267 810 4344 flatu,
825 4268 927 4334 talem
951 4269 1048 4334 nobis
1070 4268 1151 4332 iram
1176 4267 1377 4350 lingeremus

257 4457 317 4506 ¹1).
336 4457 389 4505 end
406 4456 440 4506 0.
459 4456 525 4506 bave
545 4464 625 4519 rotae,
643 4459 695 4506 and
714 4457 816 4508 several
835 4459 909 4508 other
927 4458 1015 4507 words
1037 4456 1064 4505 in
1085 4457 1136 4505 this
1158 4456 1292 4518 quotation
1312 4457 1378 4506 have

225 4536 327 4585 needed
342 4535 496 4586 correction.

256 4613 379 4676 Φάνα,
392 4615 427 4663 iii
440 4631 465 4675 4.
752 4615 810 4666 ³1⁶.
821 4617 839 4664 i.
853 4630 874 4664 1.
1163 4614 1219 4664 *rh
1233 4613 1258 4663 ii.
1271 4627 1312 4676 35.

255 4691 619 4758 'uerior...impetus,om.
632 4693 709 4743 MSS.
