3542 5359
787 599 863 660 18
1233 602 1544 663 OPERIS
1591 605 1967 675 MAJORJS
2014 605 2244 666 PARS
2294 606 2637 679 QUINTA.

782 768 961 831 modi
992 779 1091 833 est
1122 769 1361 834 humor
1381 770 1647 844 vitreus,
1671 770 1783 852 qui
1816 780 1917 833 est
1948 771 2157 835 albior
2187 772 2528 855 sanguine,
2548 783 2617 837 et
2649 772 2863 836 minus
2892 772 3080 836 albus

780 893 980 955 quam
1015 874 1452 955 crystallinus.
1546 872 1637 936 Et
1668 874 1830 938 dicit
1850 874 2200 939 Avicenna
2222 879 2401 959 quod
2428 877 2664 940 humor
2689 876 3080 960 albugineus

779 988 881 1042 est
910 978 1327 1062 superfluitas
1357 978 1739 1061 crystallini,
1772 988 1840 1043 et
1885 979 2037 1044 ideo
2082 980 2445 1062 opponitur
2488 981 2553 1043 in
2600 981 2730 1043 situ
2780 990 3077 1065 respectu

776 1082 875 1145 sui
924 1082 1329 1158 nutrimenti,
1375 1082 1556 1166 quod
1605 1091 1705 1146 est
1756 1084 2023 1158 vitreus,
2057 1094 2126 1148 et
2170 1094 2442 1167 propter
2484 1083 2612 1148 hoc
2656 1085 3078 1167 crystallinus

776 1196 876 1249 est
913 1187 977 1249 in
1029 1188 1250 1252 medio
1295 1208 1539 1251 eorum.
1637 1187 1724 1250 Et
1774 1188 2011 1253 humor
2039 1189 2283 1252 vitreus
2328 1190 2535 1272 replet
2582 1197 2796 1253 totam
2843 1209 3077 1253 conca-

773 1292 1049 1354 vitatem
1095 1292 1273 1355 nervi
1319 1311 1526 1375 usque
1579 1294 1665 1357 ad
1721 1293 2082 1357 sectionem
2130 1312 2569 1370 communem,
2605 1303 2674 1357 et
2719 1304 2820 1357 est
2866 1295 3078 1377 magis

772 1395 1025 1477 spissus
1053 1416 1252 1478 quam
1285 1395 1573 1461 antei-ior
1603 1395 1919 1477 glacialis,
1950 1406 2228 1479 uterque
2271 1406 2497 1461 tamen
2537 1406 2639 1461 est
2684 1396 3077 1479 diaphanuS,

772 1509 1099 1580 quatenus
1129 1498 1382 1581 species
1408 1519 1620 1563 rerum
1645 1509 2101 1581 pertranseant
2125 1500 2193 1563 in
2216 1500 2331 1565 eis.
2423 1500 2515 1564 Et
2538 1500 2778 1565 humor
2800 1502 3077 1582 crystal-

771 1602 944 1666 linus
973 1613 1248 1668 vocatur
1275 1599 1545 1686 pupilla,
1575 1615 1642 1668 et
1675 1604 1739 1667 in
1772 1624 1851 1667 ea
1881 1614 1983 1669 est
2006 1602 2210 1668 virtus
2233 1604 2457 1681 visiva,
2478 1605 2648 1668 sicut
2677 1605 2745 1668 in
2775 1604 3077 1687 subjecto

771 1708 949 1790 quod
991 1708 1207 1790 primo
1249 1708 1658 1786 immutatur,
1691 1707 1848 1772 licet
1888 1728 2021 1771 non
2062 1708 2455 1788 radicaliter,
2485 1710 2798 1792 quoniam
2839 1729 3075 1773 nervus

769 1812 1139 1875 communis
1158 1821 1260 1875 est
1279 1831 1602 1894 organum
1627 1811 1928 1890 radicale,
1947 1823 2015 1877 et
2039 1812 2129 1878 ibi
2152 1813 2530 1894 completur
2545 1813 2728 1890 visio,
2748 1822 3070 1897 quantum

768 1925 988 1998 potest
1018 1918 1224 1981 virtus
1253 1916 1475 1995 visiva,
1507 1925 1580 1981 ut
1611 1916 1958 1999 sequentia
1988 1918 2558 1982 demonstrabunt.

1422 2465 1987 2537 DISTINCTIO
2034 2466 2421 2537 TERTIA.

850 2655 1126 2728 Habeas
1185 2658 1476 2747 capitula
1539 2661 1681 2727 tria.
1807 2654 2100 2726 Primum
2161 2670 2266 2725 est
2324 2663 2412 2727 de
2470 2660 2934 2744 sphaericitate
3000 2673 3067 2728 et

762 2769 1003 2833 centris
1063 2768 1357 2833 humoris
1414 2767 1605 2832 vitrei
1664 2777 1733 2831 et
1793 2762 2110 2850 glacialis,
2159 2776 2228 2831 et
2285 2784 2583 2845 corneae,
2645 2776 2712 2831 et
2772 2766 3069 2832 humoris

757 2866 1093 2955 albuginei
1138 2881 1206 2937 et
1251 2891 1478 2937 uveae.

1628 3124 2086 3197 Cum-uum
2140 3127 2191 3195 1.

422 3291 729 3339 '1'''³=t²÷÷1·='=‡r=⁵
843 3281 1418 3352 Considerandum
1441 3308 1602 3351 vero
1632 3287 1952 3369 deinceps
1974 3296 2075 3350 est
2104 3285 2191 3349 de
2222 3282 2435 3368 figura
2465 3285 2640 3351 oculi
2674 3295 2742 3350 et
2771 3285 3060 3370 partium

422 3363 595 3467 ,2121ss
615 3423 671 3467 ff-‚f
754 3390 916 3472 ejuS,
952 3402 1021 3456 et
1064 3392 1151 3456 de
1194 3392 1437 3456 centris
1479 3392 1854 3456 tunicarum
1905 3403 1974 3457 et
2018 3389 2373 3456 humorum
2419 3391 2859 3455 inveniendis:
2906 3410 3061 3454 nam

418 3487 728 3599 flssssjt'fflfflffi
752 3494 916 3560 haec
953 3505 1110 3560 sunt
1149 3497 1422 3561 omnino
1465 3497 1849 3575 necessaria,
1878 3498 2021 3560 sine
2061 3496 2300 3579 quibus
2344 3496 2583 3560 modus
2611 3495 2881 3559 videndi
2927 3515 3061 3558 non

418 3587 691 3667 {mi-amm
752 3601 1051 3681 patescit.
1140 3600 1392 3666 Oculus
1422 3620 1581 3683 ergo
1612 3610 1795 3663 totus
1826 3600 2083 3665 accedit
2113 3601 2199 3665 ad
2224 3599 2509 3664 sormam
2540 3599 2971 3680 sphaericam,
2991 3607 3059 3663 et

750 3704 1012 3769 tunicae
1063 3697 1357 3769 similiter
1402 3713 1471 3769 et
1516 3705 1832 3768 humores
1879 3714 2150 3787 propter
2194 3703 2633 3787 proprietates
2677 3702 3059 3785 sphaericae

750 3808 999 3891 figurae
1044 3808 1428 3881 laudabiles,
1460 3801 1616 3891 quia
1659 3815 1760 3872 est
1809 3802 2019 3891 magis
2066 3808 2380 3892 elongata
2432 3807 2520 3870 ab
2563 3801 3056 3891 impedimentis

749 3933 948 3995 quam
1004 3914 1217 3998 figura
1267 3913 1521 3978 habens
1572 3913 1875 3996 anguloS,
1922 3923 1991 3978 et
2036 3922 2136 3977 est
2180 3912 2538 3997 simplicior
2581 3912 2939 3995 figurarum
2988 3920 3056 3974 et

749 4016 1031 4102 amplior
1061 4018 1686 4101 isoperimetrorum‚
1716 4028 1790 4081 ut
1825 4013 1985 4081 dicit
2016 4016 2124 4081 hic
2149 4016 2457 4081 Alhazen
2487 4026 2718 4080 auctor
2747 4035 3053 4100 perspec-

747 4123 941 4187 tivae.
1033 4119 1169 4187 Sed
1204 4124 1269 4186 in
1301 4123 1849 4205 praecedentibus
1890 4122 2014 4186 hae
2056 4121 2493 4204 proprietates
2532 4130 2601 4185 et
2631 4120 2798 4183 aliae
2834 4130 3054 4184 tactae

747 4237 920 4291 sunt.
1012 4227 1328 4291 Anterior
1373 4247 1530 4291 vero
1581 4224 1881 4310 glacialis
1941 4235 2044 4289 est
2102 4226 2321 4308 portio
2379 4225 2701 4309 sphaerae
2758 4225 3054 4288 diversae

746 4351 788 4395 a
818 4330 1100 4414 sphaera
1130 4331 1314 4414 cujus
1343 4325 1588 4396 vitreus
1617 4341 1718 4395 est
1755 4330 2016 4413 portio:
2064 4350 2218 4394 nam
2261 4331 2523 4395 diversa
2562 4349 2839 4412 corpora
2880 4337 3052 4406 sunt,

741 4445 810 4502 et
841 4436 1245 4502 diversarum
1273 4435 1865 4520 diaphaneitatum.
1943 4435 2033 4499 Et
2064 4434 2351 4500 anterior
2372 4430 2665 4517 glacialis
2698 4442 2800 4498 est
2830 4433 3051 4515 portio

742 4539 1008 4621 majoris
1051 4540 1370 4623 sphaerae
1417 4560 1617 4623 quam
1664 4540 1753 4605 sit
1804 4538 2084 4624 sphaera
2129 4538 2318 4621 cujus
2369 4539 2606 4603 humor
2651 4539 2899 4601 vitreus
2949 4546 3049 4601 est

739 4643 972 4727 portio.
1065 4644 1270 4712 Unde
1299 4662 1433 4709 non
1462 4655 1621 4710 sunt
1659 4663 1940 4728 corpora
1979 4638 2321 4727 sphaerica
2362 4642 2710 4727 completa,
2740 4643 2859 4706 sed
2893 4649 3049 4706 sunt
