3542 5359
583 1287 742 1361 PARS
772 1287 1049 1362 SECUNDA

429 1490 899 1557 MULTIPLICATIONIS
924 1491 1214 1558 SPEClERUM.

678 1695 903 1762 Canrrunuu
929 1696 954 1760 Ι.

291 1866 388 1930 Nunc
406 1869 581 1932 dicendum
597 1879 648 1933 est
664 1870 706 1934 de
727 1872 874 1933 secundo
891 1869 1060 1952 principali
1082 1869 1205 1933 scilicet
1225 1870 1268 1933 de
1285 1870 1396 1934 multi·
1410 1879 1487 1929 Mode
1498 1879 1523 1928 in

246 1969 422 2052 plicatione
443 1973 515 2054 ipsa
535 1974 579 2036 ab
599 1985 720 2058 agente
740 1985 773 2038 et
794 1997 814 2038 a
833 1974 909 2038 loco
931 1975 1039 2057 primo
1059 1996 1138 2038 suae
1162 1975 1385 2056 generationis
1408 1945 1564 2022 lhid¹f⁰¹oe

1386 2023 1429 2060 ’lS
1459 2027 1486 2059 l'0
1505 2027 1530 2059 Β·

245 2079 427 2140 secundum
444 2098 543 2141 omne
554 2098 658 2161 genus
668 2079 852 2143 lineationis
867 2091 901 2142 et
913 2079 1023 2162 anguli
1040 2089 1073 2142 et
1084 2079 1217 2163 figurae,
1228 2078 1262 2140 in
1275 2079 1395 2160 quibus
1408 2027 1504 2142 galea?

246 2191 365 2244 natura
387 2181 572 2246 delectatur
597 2184 736 2265 operari.
783 2182 829 2246 Et
859 2182 940 2244 haec
972 2181 1204 2264 multiplicatio
1228 2193 1278 2244 est
1308 2183 1397 2245 actio

246 2287 384 2348 univoca
413 2287 543 2370 agentis
575 2296 608 2349 et
637 2288 769 2369 speciei,
792 2296 830 2349 ut
861 2286 921 2349 lux
952 2296 1089 2370 generat
1123 2285 1242 2362 lucem,
1272 2295 1306 2349 et
1337 2285 1397 2349 lux

246 2401 403 2471 generata
422 2401 559 2471 generat
575 2390 687 2466 aliam,
702 2400 736 2454 et
751 2391 799 2454 sic
817 2389 963 2454 ulterius
1010 2389 1078 2454 Sed
1100 2390 1132 2452 in
1148 2388 1290 2472 quarto1
1307 2390 1396 2471 prin-

248 2493 346 2573 cipali
365 2504 415 2557 est
438 2495 656 2558 consideratio
679 2495 721 2558 de
743 2497 873 2559 actione
896 2494 1085 2576 aequivoca,
1100 2515 1186 2577 quae
1207 2505 1258 2556 est
1278 2503 1313 2556 ut
1337 2494 1396 2556 lux

247 2608 382 2678 generat
398 2596 541 2660 calorem
564 2608 599 2662 et
617 2599 816 2681 hujusmodi.
862 2599 908 2662 Et
932 2598 1014 2664 baec
1038 2597 1272 2681 multiplicatio
1295 2597 1398 2662 habet

245 2701 401 2763 veritates
417 2700 548 2779 multas,
563 2722 650 2786 quae
665 2705 696 2765 in
714 2702 860 2785 capitulo
876 2705 1006 2767 decimo
1022 2712 1272 2787 congregantur.

292 2804 338 2868 Et
361 2805 466 2887 prima
496 2808 659 2890 estquod
691 2808 797 2890 prima
829 2828 906 2889 pars
936 2807 1093 2891 patientis
1115 2815 1336 2869 transmutata
1362 2816 1397 2869 et
1411 2810 1476 2860 rust
1488 2819 1544 2886 part

247 2907 372 2972 habens
402 2911 545 2992 speciem
576 2911 610 2974 in
640 2922 715 2975 actu
751 2922 952 2976 transmutat
981 2921 1111 2995 partem
1143 2910 1333 2989 secundam,
1362 2875 1564 2991 etffiffi,

246 3015 392 3076 secunda
421 3015 563 3092 tertiam,
589 3024 624 3079 et
653 3016 700 3080 sic
729 3015 874 3080 ulterius.
921 3015 966 3079 Et
998 3015 1062 3078 hoc
1092 3015 1164 3079 vult
1198 3013 1397 3078 Aristoteles
1410 3007 1559 3123 3³5³?

248 3120 394 3181 secundo
419 3119 461 3182 de
480 3117 606 3184 Somno
622 3130 655 3185 et
675 3119 828 3204 vigilia&
856 3132 890 3185 et
916 3119 1059 3202 septimo
1086 3118 1302 3200 Physicorum
1314 3117 1336 3195 ³,
1362 3129 1397 3182 et
1410 3147 1476 3203 part,
1488 3139 1535 3187 and

248 3223 357 3304 primo
372 3223 415 3285 de
431 3221 675 3287 Generatione⁴
691 3238 724 3289 et
742 3222 970 3308 Corruptione.
1016 3223 1062 3286 Et
1077 3233 1209 3307 oportet
1226 3221 1299 3298 hoc,
1314 3241 1396 3303 quo·
1409 3205 1560 3320 ᾓέᾜὲ·

248 3325 337 3388 niam
351 3346 453 3408 agens
469 3347 536 3391 non
551 3328 764 3413 conjungitur
779 3330 946 3392 secundae
962 3329 1046 3410 parti
1063 3327 1220 3411 patientis
1236 3346 1296 3390 nec
1315 3325 1396 3400 aliis,
1410 3337 1501 3386 cessive

248 3439 282 3493 et
299 3450 355 3491 eas
377 3450 443 3492 non
461 3442 662 3498 transmutat
676 3433 697 3497 ⁵.
736 3433 782 3496 Et
800 3434 907 3517 prima
928 3453 1004 3515 pars
1017 3433 1087 3515 jam
1103 3431 1230 3496 habens
1251 3431 1395 3513 speciem
1410 3411 1532 3533 ffiffoe

248 3532 281 3595 in
304 3545 390 3607 actu,
409 3534 510 3599 habet
534 3538 622 3600 unde
645 3537 751 3619 possit
772 3537 954 3600 secundam
977 3537 1125 3610 alterare,
1149 3545 1285 3618 propter
1307 3535 1397 3618 quod

248 3635 402 3700 alterabit
421 3658 505 3701 eam.
552 3639 707 3705 Secundo
734 3643 917 3718 sciendum,
938 3641 1029 3722 quod
1050 3650 1181 3724 oportet
1206 3648 1316 3722 partes
1338 3639 1398 3702 has

247 3761 319 3804 esse
342 3742 497 3823 aequales
527 3753 560 3808 et
590 3745 739 3826 ejusdem
768 3747 972 3828 quantitatis,
998 3746 1083 3810 sicut
1113 3746 1145 3807 in
1176 3755 1270 3808 motu
1300 3742 1397 3806 locali

248 3845 336 3907 idem
353 3844 476 3910 mobile
490 3867 620 3930 semper
641 3850 758 3913 transit
777 3859 889 3931 partes
907 3847 1063 3930 aequales
1087 3847 1193 3931 spatii.
1240 3846 1285 3909 Et
1300 3867 1399 3910 causa

248 3958 308 4026 est,
338 3950 428 4030 quod
461 3961 593 4031 oportet
623 3952 676 4015 hic
705 3954 1032 4037 approximationem
1071 3954 1104 4014 in
1135 3949 1289 4015 omnibus
1327 3971 1399 4013 esse

247 4053 429 4134 aequalem.
490 4054 579 4118 Nam
623 4075 722 4139 super
758 4058 1080 4139 approximationem
1117 4054 1275 4118 fundatur
1311 4054 1399 4118 actio

248 4156 413 4220 naturalis.
460 4157 495 4222 Si
511 4159 641 4222 dicatur
655 4162 747 4242 quod
762 4163 870 4244 prima
885 4182 962 4245 pars
977 4161 1079 4225 habet
1095 4159 1203 4224 minus
1219 4159 1262 4221 de
1277 4159 1399 4222 virtute

280 4300 289 4330 ¹
306 4303 370 4350 This
381 4304 475 4352 should
486 4305 519 4353 be
530 4305 622 4368 qanto.
653 4305 693 4355 Ci.
705 4323 730 4369 p.
743 4323 768 4358 v.
780 4323 835 4369 cap.
851 4322 872 4356 1.
904 4307 955 4356 But
965 4308 986 4356 it
998 4323 1054 4356 was
1066 4321 1146 4355 never
1158 4305 1222 4368 sully
1234 4306 1303 4355 dealt
1315 4305 1388 4356 with.

280 4378 292 4411 ¹
307 4381 364 4429 The
387 4383 519 4430 reference
541 4398 627 4432 seems
644 4392 672 4433 to
688 4385 721 4433 be
740 4392 767 4432 to
789 4384 829 4433 De
843 4385 990 4446 Imomm'rs,
1009 4401 1065 4448 cap.
1087 4400 1103 4433 α
1125 4382 1155 4434 τὸ
1171 4384 1273 4446 κινῆσαν
1289 4383 1400 4446 ἐκίνησεν

246 4457 307 4521 dlpn
317 4457 381 4520 md,
391 4460 432 4508 nul
442 4459 515 4508 edm
524 4457 595 4511 οὗτος
604 4460 742 4523 nmmos
753 4461 844 4526 ὅνφον.

281 4537 830 4604 ’Ναν.ΑνεειιΙέ.νίίοιρ.ε,ςς4ιυά5.
1029 4541 1301 4604 ⁴DeGen.i.enp.6.

280 4616 512 4680 'Thissentencq
526 4635 555 4669 es
571 4620 647 4682 given
661 4620 688 4669 in
698 4620 768 4683 J.,ia
787 4623 859 4684 quite
876 4621 1072 4684 unintelligible.
1105 4620 1161 4672 The
1181 4621 1288 4683 reading
1307 4621 1334 4669 in
1354 4620 1400 4670 the

246 4703 304 4745 text
315 4696 338 4745 is
350 4697 405 4745 that
417 4695 447 4746 oi
455 4697 522 4760 Reg.
