3542 5359
372 658 434 719 540
634 638 970 700 MULTIPLICATIO
993 640 1248 699 SPECIERUM.

372 805 531 887 angulum
547 805 718 867 continent
733 803 805 886 ejus
821 803 914 881 radii,
924 803 1007 867 sicut
1024 814 1117 886 patet
1132 822 1176 866 ex
1192 802 1300 887 prima
1318 812 1353 867 et
1370 802 1529 868 vicesima

372 909 470 991 primi
494 908 753 983 Elementorum,
778 919 815 972 ut
838 916 931 990 patet
955 908 987 970 in
1011 907 1124 989 figura.
1170 907 1256 972 Cum
1280 927 1361 989 ergo
1385 919 1531 990 quatuor

374 1014 485 1096 anguli
504 1014 589 1077 circa
605 1033 726 1075 conum
742 1011 899 1094 trianguli
915 1010 1074 1076 brevioris
1090 1031 1157 1075 non
1172 1012 1286 1076 valent
1305 1012 1367 1075 nisi
1383 1025 1531 1093 quatuor

374 1128 490 1192 rectos,
515 1126 549 1180 et
581 1116 729 1181 similiter
759 1116 873 1200 anguli
905 1125 1048 1197 quatuor
1077 1117 1163 1181 circa
1193 1136 1313 1180 conum
1344 1116 1532 1199 pyramidis

373 1220 541 1303 longioris,
557 1221 636 1303 quia
652 1221 738 1284 circa
756 1229 917 1303 punctum
935 1239 1037 1282 unum
1057 1219 1090 1282 in
1110 1218 1282 1301 superficie
1302 1240 1368 1282 non
1390 1230 1532 1301 possunt

374 1346 447 1389 esse
461 1325 523 1387 nisi
538 1335 683 1407 quatuor
697 1324 777 1387 recti
797 1334 857 1387 aut
872 1323 1020 1387 valentes
1039 1344 1106 1401 eos,
1125 1333 1161 1386 ut
1179 1334 1273 1406 patet
1295 1344 1339 1387 ex
1355 1322 1533 1387 corollario

374 1429 616 1513 quindecimae,
631 1438 764 1511 oportet
779 1429 871 1510 quod
888 1437 1065 1510 postquam
1084 1428 1226 1511 angulus
1249 1428 1434 1510 pyramidis
1457 1428 1532 1491 bre-

374 1534 560 1597 vioris-sit
590 1533 696 1615 major
719 1533 843 1614 angulo
870 1532 1052 1614 pyramidis
1083 1532 1249 1615 longioris,
1271 1533 1362 1614 quod
1387 1533 1533 1614 angulus

374 1637 617 1720 contrapositus
642 1635 765 1720 angulo
793 1635 951 1699 brevioris
979 1636 1162 1719 pyramidis
1188 1636 1232 1701 sit
1266 1636 1373 1717 major
1404 1637 1534 1717 angulo

375 1742 603 1823 contraposito
615 1741 648 1803 in
659 1740 799 1824 longiori
811 1764 819 1817 ;
841 1740 921 1823 quia
932 1739 1044 1822 anguli
1058 1740 1272 1823 contrapositi
1284 1752 1362 1804 sunt
1373 1740 1534 1822 aequales

376 1867 436 1929 per
465 1847 615 1928 quintam
643 1845 807 1909 decimam
840 1844 936 1927 primi
970 1842 1128 1908 Euclidis.
1179 1843 1246 1909 Sed
1277 1844 1304 1906 si
1335 1844 1386 1908 isti
1417 1844 1533 1926 anguli

679 1948 892 2031 contrapositi
916 1948 982 2011 sint
1005 1947 1147 2029 majores
1172 1948 1258 2012 circa
1283 1968 1403 2011 conum
1433 1968 1535 2031 pyra·

391 2026 623 2329 v
679 2053 775 2115 midis
798 2052 964 2128 brevioris,
986 2072 1087 2133 quam
1111 2052 1223 2135 anguli
1249 2053 1463 2135 contrapositi
1487 2053 1535 2116 eis

677 2166 737 2219 aut
759 2156 805 2218 eis
835 2155 1061 2220 consimilibus
1088 2157 1173 2220 circa
1197 2178 1319 2221 conum
1349 2157 1535 2240 pyramidis

677 2261 846 2342 longioris,
872 2270 1006 2342 oportet
1029 2260 1118 2343 quod
1142 2260 1254 2343 anguli
1279 2262 1347 2325 duo
1372 2260 1427 2325 alii
1453 2282 1534 2324 con·

677 2366 831 2448 trapositi
852 2386 872 2427 a
892 2365 1050 2428 lateribus
1071 2367 1144 2429 coni
1168 2367 1351 2448 pyramidis
1372 2366 1535 2430 brevioris

678 2470 743 2533 sint
779 2470 925 2533 minores
963 2469 1095 2534 duobus
1131 2471 1262 2555 angulis
1299 2471 1535 2553 contrapositis

680 2574 840 2637 linealiter
849 2575 934 2638 circa
946 2594 1067 2638 conum
1081 2576 1264 2658 pyramidis
1275 2576 1444 2660 longioris,
1455 2576 1535 2659 quia

444 2738 496 2787 Fre
521 2746 567 2799 ¹07
681 2680 756 2742 hinc
792 2679 869 2741 inde
903 2698 970 2742 non
1001 2678 1112 2743 valent
1146 2690 1290 2761 quatuor
1323 2681 1436 2764 anguli
1470 2680 1535 2743 nisi

349 2812 353 2818 ·
497 2773 504 2787 ’
568 2773 575 2786 '
680 2794 824 2864 quatuor
849 2783 991 2865 angulos
1013 2795 1133 2862 rectos,
1150 2795 1183 2847 et
1207 2785 1284 2847 ideo
1306 2796 1452 2867 quatuor
1474 2804 1535 2848 an·

377 2885 446 2969 guli
471 2886 720 2950 circumstantes
745 2906 865 2950 conum
894 2888 1076 2969 pyramidis
1101 2889 1260 2951 brevioris
1285 2888 1383 2952 simul
1407 2889 1536 2973 sumpti

379 3000 455 3053 sunt
488 2990 644 3073 aequales
677 3001 820 3072 quatuor
857 2990 987 3073 angulis
1025 2992 1209 3074 pyramidis
1243 2991 1397 3076 longioris
1435 2992 1536 3055 simul

379 3095 528 3177 sumptis.
574 3093 790 3178 Quapropter
811 3094 838 3157 si
864 3097 933 3159 duo
955 3098 1172 3180 contrapositi
1196 3118 1217 3161 a
1240 3109 1334 3179 parte
1352 3099 1537 3180 pyramidis

379 3198 534 3261 brevioris
555 3210 633 3263 sunt
654 3198 794 3282 majores
815 3200 946 3263 duobus
964 3200 1191 3264 consimilibus
1206 3222 1226 3265 a
1242 3210 1336 3284 parte
1351 3202 1537 3283 pyramidis

379 3302 544 3385 longioris,
564 3313 660 3366 erunt
685 3303 741 3368 alii
766 3305 835 3368 duo
860 3306 1001 3368 minores
1027 3304 1100 3369 aliis
1126 3306 1267 3370 duobus.
1312 3304 1538 3388 Sedquanto

379 3408 461 3469 radii
491 3410 661 3471 continent
691 3410 851 3472 minorem
874 3410 1046 3491 angulum,
1071 3420 1167 3474 tanto
1197 3410 1304 3491 magis
1330 3410 1537 3486 vicinantur3

379 3530 459 3593 ergo
477 3509 558 3574 radii
578 3514 770 3595 omnesqui
792 3523 870 3576 sunt
892 3514 936 3577 dc
958 3532 1094 3597 corpore
1115 3514 1297 3598 pyramidis
1317 3514 1484 3593 brevioris,
1500 3526 1535 3578 et

379 3614 584 3679 continentes
599 3616 739 3699 angulos
755 3636 830 3681 cum
847 3617 943 3682 radiis
958 3616 1006 3682 eis
1024 3618 1318 3683 conterminalibus
1333 3618 1536 3685 exeuntibus

379 3740 399 3782 a
427 3740 511 3783 cono
535 3719 615 3803 ejus,
639 3721 743 3803 magis
766 3721 950 3786 vicinantur
971 3734 1006 3786 et
1028 3722 1305 3806 appropinquant,
1327 3744 1428 3807 quam
1453 3725 1537 3788 radii

86 3815 88 3960 l
379 3826 563 3890 consimiles
579 3827 612 3889 in
630 3825 780 3909 longiore
795 3828 977 3910 pyramide.
1024 3827 1091 3893 Sed
1108 3828 1229 3891 vicinia
1243 3828 1410 3892 radiorum
1428 3830 1537 3912 magis

86 3967 88 4026 7
379 3940 535 4011 operatur
549 3940 584 3995 et
600 3930 713 3995 tortior
728 3941 788 3995 est.
827 3929 1043 4016 Quapropter
1059 3952 1161 3997 conus
1177 3932 1359 4015 pyramidis
1375 3932 1538 3996 brevioris

86 4037 88 4056 ³
380 4035 487 4115 magis
501 4046 658 4117 operatur
671 4034 692 4099 ¹.

211 4153 342 4217 Objeetion
426 4137 463 4203 Si
479 4159 556 4202 vero
576 4150 735 4222 arguatur
754 4138 787 4202 in
806 4140 1019 4216 contrarium,
1035 4140 1190 4205 videlicet
1209 4140 1298 4223 quod
1316 4140 1398 4204 radii
1416 4140 1539 4205 infiniti

85 4283 90 4350 l
210 4218 370 4349 {kffiom
381 4243 518 4306 veniunt
533 4244 576 4307 ad
592 4264 713 4307 conum
734 4245 918 4327 pyramidis
939 4244 1095 4328 longioris
1116 4245 1200 4309 sicut
1222 4245 1388 4321 brevioris,
1402 4256 1438 4309 ct
1458 4266 1540 4312 cum

213 4352 313 4414 mayoc
327 4350 369 4400 ue
382 4345 437 4410 ille
459 4366 563 4410 conus
586 4347 630 4410 sit
652 4347 834 4429 angustior,
857 4348 963 4430 major
985 4358 1036 4412 est
1060 4349 1228 4412 radiorum
1252 4348 1371 4411 vicinia
1394 4360 1430 4413 et
1455 4370 1540 4415 con-

213 4428 368 4533 {ggffld
381 4451 541 4534 gregatio,
562 4462 768 4534 quapropter
789 4452 895 4536 magis
916 4453 1105 4516 intendetur
1121 4453 1292 4535 operatio;
1315 4462 1416 4535 atque
1436 4454 1542 4520 simul

381 4557 408 4618 si
443 4555 582 4634 dicatur,
613 4556 704 4639 quod
741 4575 858 4641 omnes
895 4557 978 4621 radii
1016 4557 1197 4640 pyramidis
1233 4557 1393 4641 longioris
1431 4560 1542 4644 magis

807 4692 817 4721 ¹
833 4692 873 4741 Cf.
885 4692 935 4742 vol.
947 4693 962 4743 i.
974 4707 1016 4755 pp.
1033 4708 1121 4755 123-4.
