3542 5359
570 1487 729 1560 PARS
770 1486 1013 1578 QUARTA

404 1741 874 1807 MULTIPLICATIONIS
907 1742 1194 1809 SPECIERUM.

654 2054 880 2121 Cnrrrunun
910 2056 936 2117 1.

568 2231 682 2294 Habet
696 2233 782 2296 duas
796 2233 1031 2297 conclusiones.

264 2394 392 2460 Habito
408 2396 451 2458 de
465 2395 677 2476 generatione
691 2394 811 2476 speciei
828 2405 862 2458 et
878 2392 1075 2477 figuratione
1090 2394 1372 2480 multiplicationis
1385 2403 1527 2455 Resistance

219 2519 298 2561 suae
315 2521 336 2562 a
356 2499 430 2560 loco
450 2497 682 2582 generationis,
697 2498 830 2580 insuper
851 2499 894 2560 de
917 2498 1095 2562 existentia
1118 2499 1235 2581 speciei
1259 2500 1371 2563 multi·
1384 2470 1494 2585 ffim
1506 2542 1533 2585 ro

219 2603 357 2684 plicatae
372 2602 404 2663 in
424 2601 543 2678 medi0,
558 2621 646 2664 nunc
669 2601 947 2665 considerandum
970 2614 1021 2667 est
1044 2604 1087 2667 de
1109 2607 1178 2684 ejus
1201 2603 1372 2669 debilitate
1385 2601 1427 2651 (δὲ
1439 2619 1495 2667 pro

218 2716 251 2770 et
277 2707 478 2788 quibusdam
506 2705 655 2769 annexis.
701 2704 758 2768 Ad
780 2706 852 2787 ejus
873 2727 951 2770 vero
974 2707 1181 2771 debilitatem
1204 2710 1373 2791 quaeritur
1385 2667 1520 2783 mis.

219 2806 333 2889 prim0,
347 2825 390 2870 an
414 2805 559 2868 medium
582 2805 611 2868 ei
635 2803 774 2880 resistat,
790 2814 823 2868 et
845 2816 938 2888 patet
961 2807 1052 2888 quod
1076 2806 1130 2885 sic,
1146 2828 1204 2889 per
1220 2807 1372 2872 Alhazen
1385 2799 1499 2912 “⁰¹¹le

218 2921 250 2973 et
274 2919 420 2974 caeteros
434 2918 586 2973 auctores
602 2908 822 2990 Aspectuum.
868 2909 958 2973 Nam
981 2910 1043 2974 hoc
1066 2911 1183 2973 dicunt
1206 2932 1371 2995 expresse.
1385 2874 1538 2979 pggssceudtpl

220 3015 305 3078 Item
322 3014 389 3078 sive
406 3015 449 3077 sit
464 3024 582 3077 natura
597 3014 804 3077 elementaris
819 3034 921 3096 agens
938 3014 1005 3077 sive
1017 3035 1221 3098 consequens
1231 3017 1274 3079 ad
1287 3037 1370 3093 eam,
1385 2996 1427 3045 ‘h‘
1438 3012 1503 3110 pertin

219 3130 255 3181 ut
278 3138 377 3200 sapor
398 3128 433 3183 et
455 3118 539 3181 odor
561 3128 595 3181 et
617 3116 816 3199 hujusmodi,
834 3118 902 3180 sive
925 3118 968 3181 sit
991 3129 1108 3181 natura
1132 3119 1222 3195 coeli,
1239 3139 1372 3184 necesse
1385 3076 1498 3177 {ligne

218 3233 268 3287 est
285 3221 534 3287 rarefactionem
551 3222 621 3285 lieri
636 3231 670 3286 et
685 3224 920 3299 demtionem,
936 3223 1015 3305 quia
1039 3222 1118 3285 nihil
1140 3234 1316 3307 generatur
1337 3225 1370 3287 in

218 3340 337 3391 natura
358 3328 430 3390 sine
453 3326 533 3405 istis,
555 3327 635 3409 quia
660 3316 734 3389 hae'
753 3336 831 3389 sunt
861 3325 985 3407 primae
1015 3328 1184 3408 passiones
1214 3328 1372 3391 materiae

219 3432 380 3497 naturalis
402 3433 446 3496 ad
469 3452 552 3514 quas
575 3432 660 3495 aliae
682 3442 937 3512 consequuntur,
954 3440 991 3493 ut
1008 3429 1228 3495 Aristoteles¹
1245 3431 1316 3495 vult
1339 3432 1371 3494 in

218 3547 338 3600 octavo
349 3537 564 3619 Physicorum
575 3544 610 3599 et
621 3536 708 3599 alibi.
739 3535 806 3600 Sed
825 3556 934 3598 rarum
948 3536 1141 3599 naturaliter
1157 3537 1279 3599 resistit
1294 3557 1373 3599 con·

218 3642 414 3716 densationi‚
429 3650 463 3704 et
483 3640 622 3704 densum
647 3640 862 3715 rarefactioni¹
880 3661 982 3723 quare
1004 3650 1138 3723 oportet
1160 3642 1250 3722 quod
1274 3660 1372 3703 omne

220 3745 366 3808 medium
388 3746 457 3806 sive
480 3764 590 3806 rarum
613 3744 682 3807 sive
704 3744 842 3807 densum
867 3746 1005 3807 resistat.
1053 3744 1099 3807 Et
1126 3743 1277 3808 Alhazen
1300 3744 1372 3808 vult

218 3849 309 3930 quod
331 3868 440 3910 rarum
463 3846 565 3910 habet
587 3846 688 3909 finem
710 3855 743 3908 et
765 3856 890 3911 statum
914 3848 946 3909 in
970 3847 1163 3929 corporibus
1186 3848 1309 3925 mundi,
1325 3848 1372 3911 ita

220 3953 311 4034 quod
328 3952 431 4013 rarius
452 3951 557 4033 possit
580 3949 718 4030 intelligi
733 3972 815 4027 esse,
830 3949 909 4014 licet
932 3970 997 4013 non
1021 3952 1071 4014 sit.
1120 3951 1166 4014 Et
1182 3952 1258 4015 ideo
1273 3971 1372 4015 omne

219 4076 327 4119 rarum
345 4067 395 4118 est
410 4056 591 4137 respective
606 4054 756 4131 densum,
772 4054 849 4118 licet
864 4075 929 4118 non
945 4054 1106 4119 absolute.
1164 4054 1209 4119 Et
1231 4057 1370 4120 densum

220 4172 336 4225 natum
351 4169 401 4223 est
417 4180 475 4241 per
493 4180 529 4221 se
548 4158 706 4236 resistere,
720 4159 804 4222 sicut
827 4160 928 4222 docet
943 4158 1106 4221 Alhazen.
1153 4160 1199 4223 Et
1221 4160 1372 4223 videmus

218 4266 283 4330 hoc
299 4286 358 4348 per
373 4262 637 4344 experimentum
653 4282 828 4345 corporum
845 4264 1021 4327 densorum
1034 4261 1237 4343 objectorum
1250 4264 1371 4344 speciei

219 4370 309 4448 lucis,
325 4378 359 4432 et
379 4367 529 4439 aliorum,
545 4376 681 4448 propter
701 4368 791 4448 quod
812 4386 913 4431 omne
935 4386 1056 4448 corpus
1078 4377 1372 4449 quantumcunque

218 4492 329 4537 rarum
343 4469 465 4534 resistit
480 4470 611 4552 speciei.

251 4609 259 4639 ¹
277 4610 338 4659 Nar.
350 4608 479 4669 Auscult,
490 4607 533 4658 lib.
546 4608 599 4658 viii.
611 4623 666 4670 cap.
680 4624 703 4670 7,
718 4614 758 4669 §a
776 4606 871 4656 πάντων
888 4608 936 4657 τῶν
950 4607 1096 4673 παθημάτων
1110 4607 1176 4671 ἀρχὴ
1193 4606 1311 4658 πύκνωσις
1330 4608 1372 4659 nul

214 4688 327 4752 μάταιε.
