<?xml version="1.0" encoding="UTF-8"?>
<!DOCTYPE html PUBLIC "-//W3C//DTD XHTML 1.0 Transitional//EN"
    "http://www.w3.org/TR/xhtml1/DTD/xhtml1-transitional.dtd">
<html xmlns="http://www.w3.org/1999/xhtml" xml:lang="en" lang="en">
 <head>
  <title>
</title>
<meta http-equiv="Content-Type" content="text/html;charset=utf-8" />
  <meta name='ocr-system' content='tesseract 3.04.00' />
  <meta name='ocr-capabilities' content='ocr_page ocr_carea ocr_par ocr_line ocrx_word'/>
</head>
<body>
  <div class='ocr_page' id='page_1' title='image "./opusmajusrogerb02bridgoog/opusmajusrogerb02bridgoog_0070.png"; bbox 0 0 3542 5359; ppageno 0'>
   <div class='ocr_carea' id='block_1_1' title="bbox 400 630 1426 707">
    <p class='ocr_par' dir='ltr' id='par_1_1' title="bbox 400 630 1426 707">
     <span class='ocr_line' id='line_1_1' title="bbox 400 630 1426 707; baseline 0 -20"><span class='ocrx_word' id='word_1_1' title='bbox 400 630 731 689; x_wconf 84' lang='lat' dir='ltr'><em>PERSPECTIVAE</em></span> <span class='ocrx_word' id='word_1_2' title='bbox 755 630 869 689; x_wconf 76' lang='lat' dir='ltr'><em>PARS</em></span> <span class='ocrx_word' id='word_1_3' title='bbox 895 631 1058 689; x_wconf 77' lang='lat' dir='ltr'><em>PRIMA:</em></span> <span class='ocrx_word' id='word_1_4' title='bbox 1092 632 1201 690; x_wconf 84' lang='lat' dir='ltr'><em>DIST.</em></span> <span class='ocrx_word' id='word_1_5' title='bbox 1232 632 1299 689; x_wconf 87' lang='lat' dir='ltr'><em>VII.</em></span> <span class='ocrx_word' id='word_1_6' title='bbox 1388 646 1426 707; x_wconf 87' lang='lat'>51</span> 
     </span>
    </p>
   </div>
   <div class='ocr_carea' id='block_1_2' title="bbox 275 792 1435 3176">
    <p class='ocr_par' dir='ltr' id='par_1_2' title="bbox 275 792 1435 3176">
     <span class='ocr_line' id='line_1_2' title="bbox 275 792 1427 879; baseline 0 -23"><span class='ocrx_word' id='word_1_7' title='bbox 275 792 482 858; x_wconf 83' lang='lat' dir='ltr'>consimilem</span> <span class='ocrx_word' id='word_1_8' title='bbox 507 796 659 878; x_wconf 89' lang='lat' dir='ltr'>protendi</span> <span class='ocrx_word' id='word_1_9' title='bbox 683 816 704 858; x_wconf 92' lang='lat' dir='ltr'>a</span> <span class='ocrx_word' id='word_1_10' title='bbox 725 795 797 859; x_wconf 89' lang='lat' dir='ltr'>visu</span> <span class='ocrx_word' id='word_1_11' title='bbox 820 816 925 878; x_wconf 87' lang='lat' dir='ltr'>usque</span> <span class='ocrx_word' id='word_1_12' title='bbox 954 794 997 858; x_wconf 91' lang='lat' dir='ltr'>ad</span> <span class='ocrx_word' id='word_1_13' title='bbox 1021 815 1090 858; x_wconf 88' lang='lat' dir='ltr'>rem</span> <span class='ocrx_word' id='word_1_14' title='bbox 1113 796 1227 874; x_wconf 91' lang='lat' dir='ltr'>visam,</span> <span class='ocrx_word' id='word_1_15' title='bbox 1249 814 1309 879; x_wconf 91' lang='lat' dir='ltr'>per</span> <span class='ocrx_word' id='word_1_16' title='bbox 1337 794 1427 876; x_wconf 92' lang='lat' dir='ltr'>quod</span> 
     </span>
     <span class='ocr_line' id='line_1_3' title="bbox 275 897 1428 984; baseline 0.001 -25"><span class='ocrx_word' id='word_1_17' title='bbox 275 899 365 963; x_wconf 88' lang='lat' dir='ltr'>visus</span> <span class='ocrx_word' id='word_1_18' title='bbox 379 900 515 966; x_wconf 82' lang='lat' dir='ltr'><strong>sentiret</strong></span> <span class='ocrx_word' id='word_1_19' title='bbox 531 922 599 964; x_wconf 90' lang='lat' dir='ltr'>rem</span> <span class='ocrx_word' id='word_1_20' title='bbox 616 902 731 983; x_wconf 86' lang='lat' dir='ltr'>ipsam,</span> <span class='ocrx_word' id='word_1_21' title='bbox 748 910 782 965; x_wconf 91' lang='lat' dir='ltr'>et</span> <span class='ocrx_word' id='word_1_22' title='bbox 797 902 888 984; x_wconf 91' lang='lat' dir='ltr'>quod</span> <span class='ocrx_word' id='word_1_23' title='bbox 905 909 1036 984; x_wconf 91' lang='lat' dir='ltr'>raperet</span> <span class='ocrx_word' id='word_1_24' title='bbox 1056 902 1202 984; x_wconf 91' lang='lat' dir='ltr'>speciem</span> <span class='ocrx_word' id='word_1_25' title='bbox 1225 899 1271 963; x_wconf 89' lang='lat' dir='ltr'>rei</span> <span class='ocrx_word' id='word_1_26' title='bbox 1285 897 1374 963; x_wconf 90' lang='lat' dir='ltr'>visae</span> <span class='ocrx_word' id='word_1_27' title='bbox 1389 916 1428 961; x_wconf 91' lang='lat' dir='ltr'>ac</span> 
     </span>
     <span class='ocr_line' id='line_1_4' title="bbox 276 1004 1428 1088; baseline -0.001 -23"><span class='ocrx_word' id='word_1_28' title='bbox 276 1012 459 1085; x_wconf 82' lang='lat' dir='ltr'>reportaret</span> <span class='ocrx_word' id='word_1_29' title='bbox 478 1025 552 1068; x_wconf 90' lang='lat' dir='ltr'>eam</span> <span class='ocrx_word' id='word_1_30' title='bbox 572 1006 607 1069; x_wconf 88' lang='lat' dir='ltr'>in</span> <span class='ocrx_word' id='word_1_31' title='bbox 629 1006 746 1069; x_wconf 91' lang='lat' dir='ltr'>visum.</span> <span class='ocrx_word' id='word_1_32' title='bbox 791 1006 886 1069; x_wconf 90' lang='lat' dir='ltr'>Haec</span> <span class='ocrx_word' id='word_1_33' title='bbox 908 1006 995 1068; x_wconf 87' lang='lat' dir='ltr'>enim</span> <span class='ocrx_word' id='word_1_34' title='bbox 1020 1004 1083 1069; x_wconf 85' lang='lat' dir='ltr'>t&#39;uit</span> <span class='ocrx_word' id='word_1_35' title='bbox 1104 1004 1217 1088; x_wconf 89' lang='lat' dir='ltr'>opinio</span> <span class='ocrx_word' id='word_1_36' title='bbox 1241 1004 1428 1086; x_wconf 88' lang='lat' dir='ltr'>aliquorum</span> 
     </span>
     <span class='ocr_line' id='line_1_5' title="bbox 275 1107 1428 1195; baseline 0.001 -27"><span class='ocrx_word' id='word_1_37' title='bbox 275 1107 489 1189; x_wconf 89' lang='lat' dir='ltr'>antiquorum</span> <span class='ocrx_word' id='word_1_38' title='bbox 506 1110 539 1172; x_wconf 92' lang='lat' dir='ltr'>in</span> <span class='ocrx_word' id='word_1_39' title='bbox 555 1110 617 1174; x_wconf 87' lang='lat' dir='ltr'>hac</span> <span class='ocrx_word' id='word_1_40' title='bbox 633 1120 735 1194; x_wconf 89' lang='lat' dir='ltr'>parte,</span> <span class='ocrx_word' id='word_1_41' title='bbox 751 1110 807 1195; x_wconf 94' lang='lat' dir='ltr'>qui</span> <span class='ocrx_word' id='word_1_42' title='bbox 824 1110 974 1173; x_wconf 90' lang='lat' dir='ltr'>nondum</span> <span class='ocrx_word' id='word_1_43' title='bbox 994 1109 1127 1173; x_wconf 85' lang='lat' dir='ltr'>suerunt</span> <span class='ocrx_word' id='word_1_44' title='bbox 1146 1107 1276 1191; x_wconf 85' lang='lat' dir='ltr'>experti</span> <span class='ocrx_word' id='word_1_45' title='bbox 1293 1107 1428 1172; x_wconf 90' lang='lat' dir='ltr'>certitu·</span> 
     </span>
     <span class='ocr_line' id='line_1_6' title="bbox 277 1209 1431 1298; baseline -0.001 -25"><span class='ocrx_word' id='word_1_46' title='bbox 277 1210 390 1274; x_wconf 88' lang='lat' dir='ltr'>dinem</span> <span class='ocrx_word' id='word_1_47' title='bbox 405 1212 547 1277; x_wconf 87' lang='lat' dir='ltr'>visionis.</span> <span class='ocrx_word' id='word_1_48' title='bbox 594 1214 782 1279; x_wconf 85' lang='lat' dir='ltr'>Dicendum</span> <span class='ocrx_word' id='word_1_49' title='bbox 793 1222 844 1278; x_wconf 90' lang='lat' dir='ltr'>est</span> <span class='ocrx_word' id='word_1_50' title='bbox 859 1235 947 1298; x_wconf 86' lang='lat' dir='ltr'>ergo.</span> <span class='ocrx_word' id='word_1_51' title='bbox 958 1214 1047 1296; x_wconf 92' lang='lat' dir='ltr'>quod</span> <span class='ocrx_word' id='word_1_52' title='bbox 1062 1212 1219 1296; x_wconf 87' lang='lat' dir='ltr'>praedicti</span> <span class='ocrx_word' id='word_1_53' title='bbox 1232 1209 1431 1295; x_wconf 85' lang='lat' dir='ltr'>philosophi,</span> 
     </span>
     <span class='ocr_line' id='line_1_7' title="bbox 278 1315 1429 1396; baseline -0.003 -18"><span class='ocrx_word' id='word_1_54' title='bbox 278 1315 410 1394; x_wconf 85' lang='lat' dir='ltr'>scilicet,</span> <span class='ocrx_word' id='word_1_55' title='bbox 425 1315 580 1382; x_wconf 89' lang='lat' dir='ltr'>Alhazen</span> <span class='ocrx_word' id='word_1_56' title='bbox 596 1328 630 1381; x_wconf 91' lang='lat' dir='ltr'>et</span> <span class='ocrx_word' id='word_1_57' title='bbox 652 1318 824 1383; x_wconf 88' lang='lat' dir='ltr'>Avicenna</span> <span class='ocrx_word' id='word_1_58' title='bbox 840 1329 874 1383; x_wconf 91' lang='lat' dir='ltr'>et</span> <span class='ocrx_word' id='word_1_59' title='bbox 898 1319 1073 1388; x_wconf 88' lang='lat' dir='ltr'>Averroes,</span> <span class='ocrx_word' id='word_1_60' title='bbox 1090 1316 1170 1381; x_wconf 89' lang='lat' dir='ltr'>nihil</span> <span class='ocrx_word' id='word_1_61' title='bbox 1188 1315 1277 1380; x_wconf 91' lang='lat' dir='ltr'>aliud</span> <span class='ocrx_word' id='word_1_62' title='bbox 1299 1316 1429 1396; x_wconf 91' lang='lat' dir='ltr'>impug-</span> 
     </span>
     <span class='ocr_line' id='line_1_8' title="bbox 280 1416 1429 1506; baseline -0.002 -25"><span class='ocrx_word' id='word_1_63' title='bbox 280 1428 370 1492; x_wconf 87' lang='lat' dir='ltr'>nant,</span> <span class='ocrx_word' id='word_1_64' title='bbox 406 1421 491 1485; x_wconf 89' lang='lat' dir='ltr'>sicut</span> <span class='ocrx_word' id='word_1_65' title='bbox 529 1432 623 1506; x_wconf 91' lang='lat' dir='ltr'>patet</span> <span class='ocrx_word' id='word_1_66' title='bbox 660 1444 704 1487; x_wconf 85' lang='lat' dir='ltr'>ex</span> <span class='ocrx_word' id='word_1_67' title='bbox 742 1444 855 1487; x_wconf 90' lang='lat' dir='ltr'>eorum</span> <span class='ocrx_word' id='word_1_68' title='bbox 892 1433 998 1488; x_wconf 88' lang='lat' dir='ltr'>textu.</span> <span class='ocrx_word' id='word_1_69' title='bbox 1054 1420 1122 1487; x_wconf 86' lang='lat' dir='ltr'>Sed</span> <span class='ocrx_word' id='word_1_70' title='bbox 1162 1432 1275 1486; x_wconf 91' lang='lat' dir='ltr'>tamen</span> <span class='ocrx_word' id='word_1_71' title='bbox 1311 1416 1429 1501; x_wconf 86' lang='lat' dir='ltr'>vulgus</span> 
     </span>
     <span class='ocr_line' id='line_1_9' title="bbox 278 1521 1429 1611; baseline 0 -28"><span class='ocrx_word' id='word_1_72' title='bbox 278 1522 436 1585; x_wconf 88' lang='lat' dir='ltr'>imbuitur</span> <span class='ocrx_word' id='word_1_73' title='bbox 456 1526 623 1589; x_wconf 85' lang='lat' dir='ltr'>contrario</span> <span class='ocrx_word' id='word_1_74' title='bbox 644 1534 780 1608; x_wconf 89' lang='lat' dir='ltr'>propter</span> <span class='ocrx_word' id='word_1_75' title='bbox 802 1526 994 1611; x_wconf 88' lang='lat' dir='ltr'>exemplum</span> <span class='ocrx_word' id='word_1_76' title='bbox 1017 1524 1208 1590; x_wconf 84' lang='lat' dir='ltr'>Aristotelis</span> <span class='ocrx_word' id='word_1_77' title='bbox 1229 1524 1261 1587; x_wconf 89' lang='lat' dir='ltr'>in</span> <span class='ocrx_word' id='word_1_78' title='bbox 1284 1521 1429 1605; x_wconf 89' lang='lat' dir='ltr'>Topicis,</span> 
     </span>
     <span class='ocr_line' id='line_1_10' title="bbox 279 1627 1430 1712; baseline -0.001 -24"><span class='ocrx_word' id='word_1_79' title='bbox 279 1627 358 1708; x_wconf 88' lang='lat' dir='ltr'>quia</span> <span class='ocrx_word' id='word_1_80' title='bbox 373 1629 462 1709; x_wconf 92' lang='lat' dir='ltr'>quod</span> <span class='ocrx_word' id='word_1_81' title='bbox 478 1629 618 1711; x_wconf 83' lang='lat' dir='ltr'>quilibet</span> <span class='ocrx_word' id='word_1_82' title='bbox 639 1631 731 1694; x_wconf 90' lang='lat' dir='ltr'>audit</span> <span class='ocrx_word' id='word_1_83' title='bbox 747 1652 767 1694; x_wconf 89' lang='lat' dir='ltr'>a</span> <span class='ocrx_word' id='word_1_84' title='bbox 782 1630 956 1712; x_wconf 88' lang='lat' dir='ltr'>juventute</span> <span class='ocrx_word' id='word_1_85' title='bbox 975 1630 1077 1694; x_wconf 93' lang='lat' dir='ltr'>trahit</span> <span class='ocrx_word' id='word_1_86' title='bbox 1096 1630 1129 1692; x_wconf 92' lang='lat' dir='ltr'>in</span> <span class='ocrx_word' id='word_1_87' title='bbox 1147 1627 1430 1699; x_wconf 84' lang='lat' dir='ltr'>consuetudinem,</span> 
     </span>
     <span class='ocr_line' id='line_1_11' title="bbox 278 1729 1430 1816; baseline -0.002 -23"><span class='ocrx_word' id='word_1_88' title='bbox 278 1741 316 1795; x_wconf 92' lang='lat' dir='ltr'>ut</span> <span class='ocrx_word' id='word_1_89' title='bbox 338 1732 427 1797; x_wconf 91' lang='lat' dir='ltr'>aliud</span> <span class='ocrx_word' id='word_1_90' title='bbox 450 1733 594 1816; x_wconf 89' lang='lat' dir='ltr'>recipere</span> <span class='ocrx_word' id='word_1_91' title='bbox 617 1754 682 1797; x_wconf 91' lang='lat' dir='ltr'>non</span> <span class='ocrx_word' id='word_1_92' title='bbox 705 1732 793 1798; x_wconf 90' lang='lat' dir='ltr'>velit.</span> <span class='ocrx_word' id='word_1_93' title='bbox 839 1734 1038 1798; x_wconf 89' lang='lat' dir='ltr'>Aristoteles</span> <span class='ocrx_word' id='word_1_94' title='bbox 1061 1734 1149 1798; x_wconf 89' lang='lat' dir='ltr'>enim</span> <span class='ocrx_word' id='word_1_95' title='bbox 1173 1731 1206 1796; x_wconf 93' lang='lat' dir='ltr'>in</span> <span class='ocrx_word' id='word_1_96' title='bbox 1229 1732 1312 1795; x_wconf 92' lang='lat' dir='ltr'>libro</span> <span class='ocrx_word' id='word_1_97' title='bbox 1328 1729 1430 1813; x_wconf 90' lang='lat' dir='ltr'>Topi-</span> 
     </span>
     <span class='ocr_line' id='line_1_12' title="bbox 278 1834 1431 1923; baseline -0.003 -24"><span class='ocrx_word' id='word_1_98' title='bbox 278 1856 403 1915; x_wconf 91' lang='lat' dir='ltr'>corum,</span> <span class='ocrx_word' id='word_1_99' title='bbox 425 1838 504 1920; x_wconf 89' lang='lat' dir='ltr'>quia</span> <span class='ocrx_word' id='word_1_100' title='bbox 526 1837 586 1901; x_wconf 88' lang='lat' dir='ltr'>dat</span> <span class='ocrx_word' id='word_1_101' title='bbox 608 1848 711 1902; x_wconf 90' lang='lat' dir='ltr'>artem</span> <span class='ocrx_word' id='word_1_102' title='bbox 741 1840 899 1923; x_wconf 89' lang='lat' dir='ltr'>arguendi</span> <span class='ocrx_word' id='word_1_103' title='bbox 929 1839 972 1902; x_wconf 90' lang='lat' dir='ltr'>ad</span> <span class='ocrx_word' id='word_1_104' title='bbox 1003 1859 1102 1903; x_wconf 94' lang='lat' dir='ltr'>omne</span> <span class='ocrx_word' id='word_1_105' title='bbox 1132 1837 1314 1921; x_wconf 89' lang='lat' dir='ltr'>problema,</span> <span class='ocrx_word' id='word_1_106' title='bbox 1336 1834 1431 1916; x_wconf 91' lang='lat' dir='ltr'>ponit</span> 
     </span>
     <span class='ocr_line' id='line_1_13' title="bbox 279 1938 1432 2026; baseline -0.002 -23"><span class='ocrx_word' id='word_1_107' title='bbox 279 1941 443 2023; x_wconf 88' lang='lat' dir='ltr'>exempla,</span> <span class='ocrx_word' id='word_1_108' title='bbox 465 1962 552 2024; x_wconf 90' lang='lat' dir='ltr'>quae</span> <span class='ocrx_word' id='word_1_109' title='bbox 574 1952 651 2006; x_wconf 91' lang='lat' dir='ltr'>sunt</span> <span class='ocrx_word' id='word_1_110' title='bbox 675 1942 855 2025; x_wconf 90' lang='lat' dir='ltr'>positiones</span> <span class='ocrx_word' id='word_1_111' title='bbox 880 1941 1151 2026; x_wconf 91' lang='lat' dir='ltr'>philosophorum</span> <span class='ocrx_word' id='word_1_112' title='bbox 1170 1942 1212 2006; x_wconf 90' lang='lat' dir='ltr'>de</span> <span class='ocrx_word' id='word_1_113' title='bbox 1232 1941 1350 2023; x_wconf 91' lang='lat' dir='ltr'>quibus</span> <span class='ocrx_word' id='word_1_114' title='bbox 1370 1938 1432 2001; x_wconf 82' lang='lat' dir='ltr'>suit</span> 
     </span>
     <span class='ocr_line' id='line_1_14' title="bbox 279 2045 1432 2126; baseline -0.003 -17"><span class='ocrx_word' id='word_1_115' title='bbox 279 2045 444 2109; x_wconf 86' lang='lat' dir='ltr'>dubitatio</span> <span class='ocrx_word' id='word_1_116' title='bbox 459 2056 493 2111; x_wconf 92' lang='lat' dir='ltr'>et</span> <span class='ocrx_word' id='word_1_117' title='bbox 516 2068 624 2111; x_wconf 93' lang='lat' dir='ltr'>sermo</span> <span class='ocrx_word' id='word_1_118' title='bbox 647 2049 832 2119; x_wconf 89' lang='lat' dir='ltr'>communis</span> <span class='ocrx_word' id='word_1_119' title='bbox 855 2046 942 2113; x_wconf 92' lang='lat' dir='ltr'>inter</span> <span class='ocrx_word' id='word_1_120' title='bbox 962 2069 1028 2126; x_wconf 90' lang='lat' dir='ltr'>eos,</span> <span class='ocrx_word' id='word_1_121' title='bbox 1043 2048 1129 2112; x_wconf 89' lang='lat' dir='ltr'>sicut</span> <span class='ocrx_word' id='word_1_122' title='bbox 1150 2046 1361 2111; x_wconf 73' lang='lat' dir='ltr'>manifestum</span> <span class='ocrx_word' id='word_1_123' title='bbox 1381 2052 1432 2106; x_wconf 89' lang='lat' dir='ltr'>est</span> 
     </span>
     <span class='ocr_line' id='line_1_15' title="bbox 279 2148 1432 2235; baseline 0 -24"><span class='ocrx_word' id='word_1_124' title='bbox 279 2170 325 2211; x_wconf 87' lang='lat' dir='ltr'>ex</span> <span class='ocrx_word' id='word_1_125' title='bbox 344 2148 428 2214; x_wconf 94' lang='lat' dir='ltr'>libro</span> <span class='ocrx_word' id='word_1_126' title='bbox 452 2151 517 2215; x_wconf 87' lang='lat' dir='ltr'>illo.</span> <span class='ocrx_word' id='word_1_127' title='bbox 565 2151 611 2215; x_wconf 92' lang='lat' dir='ltr'>Et</span> <span class='ocrx_word' id='word_1_128' title='bbox 636 2153 713 2218; x_wconf 92' lang='lat' dir='ltr'>ideo</span> <span class='ocrx_word' id='word_1_129' title='bbox 732 2152 813 2217; x_wconf 89' lang='lat' dir='ltr'>illud</span> <span class='ocrx_word' id='word_1_130' title='bbox 835 2152 1028 2235; x_wconf 88' lang='lat' dir='ltr'>exemplum</span> <span class='ocrx_word' id='word_1_131' title='bbox 1049 2152 1222 2227; x_wconf 79' lang='lat' dir='ltr'>famosum,</span> <span class='ocrx_word' id='word_1_132' title='bbox 1237 2152 1328 2233; x_wconf 93' lang='lat' dir='ltr'>quod</span> <span class='ocrx_word' id='word_1_133' title='bbox 1344 2149 1432 2211; x_wconf 89' lang='lat' dir='ltr'>visus</span> 
     </span>
     <span class='ocr_line' id='line_1_16' title="bbox 279 2252 1430 2338; baseline -0.002 -22"><span class='ocrx_word' id='word_1_134' title='bbox 279 2252 340 2317; x_wconf 84' lang='lat' dir='ltr'>fiat</span> <span class='ocrx_word' id='word_1_135' title='bbox 362 2256 450 2319; x_wconf 87' lang='lat' dir='ltr'>intus</span> <span class='ocrx_word' id='word_1_136' title='bbox 470 2256 680 2338; x_wconf 89' lang='lat' dir='ltr'>suscipiendo</span> <span class='ocrx_word' id='word_1_137' title='bbox 696 2268 729 2321; x_wconf 93' lang='lat' dir='ltr'>et</span> <span class='ocrx_word' id='word_1_138' title='bbox 751 2277 817 2320; x_wconf 88' lang='lat' dir='ltr'>non</span> <span class='ocrx_word' id='word_1_139' title='bbox 832 2254 1103 2334; x_wconf 88' lang='lat' dir='ltr'>extramittend0,</span> <span class='ocrx_word' id='word_1_140' title='bbox 1120 2255 1235 2320; x_wconf 89' lang='lat' dir='ltr'>recitat</span> <span class='ocrx_word' id='word_1_141' title='bbox 1250 2254 1430 2319; x_wconf 90' lang='lat' dir='ltr'>secundum</span> 
     </span>
     <span class='ocr_line' id='line_1_17' title="bbox 280 2358 1433 2443; baseline -0.004 -20"><span class='ocrx_word' id='word_1_142' title='bbox 280 2359 451 2441; x_wconf 88' lang='lat' dir='ltr'>opiniones</span> <span class='ocrx_word' id='word_1_143' title='bbox 473 2361 625 2425; x_wconf 72' lang='lat' dir='ltr'>famosas.</span> <span class='ocrx_word' id='word_1_144' title='bbox 670 2362 759 2425; x_wconf 86' lang='lat' dir='ltr'>Nam</span> <span class='ocrx_word' id='word_1_145' title='bbox 784 2359 888 2425; x_wconf 84' lang='lat' dir='ltr'>Stoici</span> <span class='ocrx_word' id='word_1_146' title='bbox 909 2358 954 2425; x_wconf 93' lang='lat' dir='ltr'>sic</span> <span class='ocrx_word' id='word_1_147' title='bbox 976 2370 1166 2442; x_wconf 88' lang='lat' dir='ltr'>posuerunt,</span> <span class='ocrx_word' id='word_1_148' title='bbox 1191 2371 1228 2424; x_wconf 90' lang='lat' dir='ltr'>ut</span> <span class='ocrx_word' id='word_1_149' title='bbox 1250 2368 1345 2443; x_wconf 89' lang='lat' dir='ltr'>patet</span> <span class='ocrx_word' id='word_1_150' title='bbox 1375 2377 1433 2441; x_wconf 90' lang='lat' dir='ltr'>per</span> 
     </span>
     <span class='ocr_line' id='line_1_18' title="bbox 281 2462 1435 2548; baseline -0.001 -22"><span class='ocrx_word' id='word_1_151' title='bbox 281 2462 436 2527; x_wconf 89' lang='lat' dir='ltr'>Boetium</span> <span class='ocrx_word' id='word_1_152' title='bbox 447 2466 566 2547; x_wconf 91' lang='lat' dir='ltr'>quinto</span> <span class='ocrx_word' id='word_1_153' title='bbox 576 2464 861 2530; x_wconf 90' lang='lat' dir='ltr'>deConsolatione</span> <span class='ocrx_word' id='word_1_154' title='bbox 870 2466 903 2528; x_wconf 92' lang='lat' dir='ltr'>in</span> <span class='ocrx_word' id='word_1_155' title='bbox 914 2464 970 2529; x_wconf 91' lang='lat' dir='ltr'>illo</span> <span class='ocrx_word' id='word_1_156' title='bbox 981 2464 1280 2548; x_wconf 85' lang='lat' dir='ltr'>metro,Quondam</span> <span class='ocrx_word' id='word_1_157' title='bbox 1290 2462 1435 2547; x_wconf 89' lang='lat' dir='ltr'>porticus</span> 
     </span>
     <span class='ocr_line' id='line_1_19' title="bbox 281 2568 1434 2654; baseline -0.003 -23"><span class='ocrx_word' id='word_1_158' title='bbox 281 2569 397 2634; x_wconf 90' lang='lat' dir='ltr'>attulit</span> <span class='ocrx_word' id='word_1_159' title='bbox 419 2569 577 2633; x_wconf 89' lang='lat' dir='ltr'>obscuros</span> <span class='ocrx_word' id='word_1_160' title='bbox 599 2569 739 2633; x_wconf 93' lang='lat' dir='ltr'>nimium</span> <span class='ocrx_word' id='word_1_161' title='bbox 763 2591 865 2645; x_wconf 87' lang='lat' dir='ltr'>senes,</span> <span class='ocrx_word' id='word_1_162' title='bbox 882 2570 941 2635; x_wconf 80' lang='lat' dir='ltr'>&amp;c</span> <span class='ocrx_word' id='word_1_163' title='bbox 984 2568 1102 2654; x_wconf 86' lang='lat' dir='ltr'>Atque</span> <span class='ocrx_word' id='word_1_164' title='bbox 1122 2573 1155 2634; x_wconf 91' lang='lat' dir='ltr'>in</span> <span class='ocrx_word' id='word_1_165' title='bbox 1178 2570 1263 2634; x_wconf 89' lang='lat' dir='ltr'>libro</span> <span class='ocrx_word' id='word_1_166' title='bbox 1285 2568 1434 2632; x_wconf 91' lang='lat' dir='ltr'>Priorum</span> 
     </span>
     <span class='ocr_line' id='line_1_20' title="bbox 281 2670 1435 2758; baseline -0.001 -23"><span class='ocrx_word' id='word_1_167' title='bbox 281 2671 373 2751; x_wconf 91' lang='lat' dir='ltr'>dicit,</span> <span class='ocrx_word' id='word_1_168' title='bbox 388 2675 478 2755; x_wconf 93' lang='lat' dir='ltr'>quod</span> <span class='ocrx_word' id='word_1_169' title='bbox 495 2674 651 2757; x_wconf 87' lang='lat' dir='ltr'>exempla</span> <span class='ocrx_word' id='word_1_170' title='bbox 668 2694 733 2738; x_wconf 91' lang='lat' dir='ltr'>non</span> <span class='ocrx_word' id='word_1_171' title='bbox 749 2675 911 2758; x_wconf 26' lang='lat' dir='ltr'>ponimus.</span> <span class='ocrx_word' id='word_1_172' title='bbox 925 2695 1057 2758; x_wconf 91' lang='lat' dir='ltr'>semper</span> <span class='ocrx_word' id='word_1_173' title='bbox 1077 2675 1156 2758; x_wconf 90' lang='lat' dir='ltr'>quia</span> <span class='ocrx_word' id='word_1_174' title='bbox 1178 2695 1254 2738; x_wconf 90' lang='lat' dir='ltr'>vera</span> <span class='ocrx_word' id='word_1_175' title='bbox 1275 2670 1435 2751; x_wconf 71' lang='lat' dir='ltr'>suntsed</span> 
     </span>
     <span class='ocr_line' id='line_1_21' title="bbox 280 2777 1431 2863; baseline -0.002 -23"><span class='ocrx_word' id='word_1_176' title='bbox 280 2787 319 2840; x_wconf 92' lang='lat' dir='ltr'>ut</span> <span class='ocrx_word' id='word_1_177' title='bbox 334 2778 491 2842; x_wconf 88' lang='lat' dir='ltr'>assentiat</span> <span class='ocrx_word' id='word_1_178' title='bbox 512 2778 568 2861; x_wconf 91' lang='lat' dir='ltr'>qui</span> <span class='ocrx_word' id='word_1_179' title='bbox 590 2777 741 2843; x_wconf 88' lang='lat' dir='ltr'>addiscit.</span> <span class='ocrx_word' id='word_1_180' title='bbox 786 2778 865 2843; x_wconf 94' lang='lat' dir='ltr'>Non</span> <span class='ocrx_word' id='word_1_181' title='bbox 890 2799 969 2863; x_wconf 89' lang='lat' dir='ltr'>ergo</span> <span class='ocrx_word' id='word_1_182' title='bbox 991 2779 1107 2842; x_wconf 89' lang='lat' dir='ltr'>asserit</span> <span class='ocrx_word' id='word_1_183' title='bbox 1127 2777 1327 2842; x_wconf 78' lang='lat' dir='ltr'>Aristoteles</span> <span class='ocrx_word' id='word_1_184' title='bbox 1341 2777 1431 2860; x_wconf 92' lang='lat' dir='ltr'>quod</span> 
     </span>
     <span class='ocr_line' id='line_1_22' title="bbox 280 2881 1432 2964; baseline -0.001 -20"><span class='ocrx_word' id='word_1_185' title='bbox 280 2881 370 2946; x_wconf 86' lang='lat' dir='ltr'>visus</span> <span class='ocrx_word' id='word_1_186' title='bbox 385 2902 452 2947; x_wconf 89' lang='lat' dir='ltr'>non</span> <span class='ocrx_word' id='word_1_187' title='bbox 470 2881 530 2947; x_wconf 85' lang='lat' dir='ltr'>fiat</span> <span class='ocrx_word' id='word_1_188' title='bbox 544 2884 817 2961; x_wconf 89' lang='lat' dir='ltr'>extramittend0,</span> <span class='ocrx_word' id='word_1_189' title='bbox 832 2884 891 2948; x_wconf 90' lang='lat' dir='ltr'>sed</span> <span class='ocrx_word' id='word_1_190' title='bbox 907 2883 1024 2947; x_wconf 89' lang='lat' dir='ltr'>recitat</span> <span class='ocrx_word' id='word_1_191' title='bbox 1044 2882 1224 2947; x_wconf 88' lang='lat' dir='ltr'>secundum</span> <span class='ocrx_word' id='word_1_192' title='bbox 1241 2881 1432 2964; x_wconf 88' lang='lat' dir='ltr'>opinionem</span> 
     </span>
     <span class='ocr_line' id='line_1_23' title="bbox 282 2985 1432 3072; baseline -0.001 -22"><span class='ocrx_word' id='word_1_193' title='bbox 282 2985 462 3070; x_wconf 85' lang='lat' dir='ltr'>vulgatam,</span> <span class='ocrx_word' id='word_1_194' title='bbox 489 2998 523 3052; x_wconf 90' lang='lat' dir='ltr'>et</span> <span class='ocrx_word' id='word_1_195' title='bbox 549 3007 611 3070; x_wconf 91' lang='lat' dir='ltr'>pro</span> <span class='ocrx_word' id='word_1_196' title='bbox 634 2988 793 3072; x_wconf 85' lang='lat' dir='ltr'>exemplo</span> <span class='ocrx_word' id='word_1_197' title='bbox 821 3010 886 3053; x_wconf 89' lang='lat' dir='ltr'>non</span> <span class='ocrx_word' id='word_1_198' title='bbox 914 3009 974 3071; x_wconf 93' lang='lat' dir='ltr'>pro</span> <span class='ocrx_word' id='word_1_199' title='bbox 997 2989 1146 3053; x_wconf 88' lang='lat' dir='ltr'>veritate.</span> <span class='ocrx_word' id='word_1_200' title='bbox 1203 2986 1304 3071; x_wconf 85' lang='lat' dir='ltr'>Quod</span> <span class='ocrx_word' id='word_1_201' title='bbox 1330 2987 1432 3051; x_wconf 89' lang='lat' dir='ltr'>etiam</span> 
     </span>
     <span class='ocr_line' id='line_1_24' title="bbox 280 3091 1433 3176; baseline 0.001 -20"><span class='ocrx_word' id='word_1_202' title='bbox 280 3092 427 3156; x_wconf 87' lang='lat' dir='ltr'>secundo</span> <span class='ocrx_word' id='word_1_203' title='bbox 442 3091 485 3155; x_wconf 93' lang='lat' dir='ltr'>de</span> <span class='ocrx_word' id='word_1_204' title='bbox 496 3091 638 3156; x_wconf 88' lang='lat' dir='ltr'>Anima¹</span> <span class='ocrx_word' id='word_1_205' title='bbox 652 3094 775 3156; x_wconf 87' lang='lat' dir='ltr'>nitatur</span> <span class='ocrx_word' id='word_1_206' title='bbox 783 3093 966 3169; x_wconf 89' lang='lat' dir='ltr'>ostendere,</span> <span class='ocrx_word' id='word_1_207' title='bbox 977 3094 1067 3176; x_wconf 90' lang='lat' dir='ltr'>quod</span> <span class='ocrx_word' id='word_1_208' title='bbox 1083 3092 1311 3158; x_wconf 90' lang='lat' dir='ltr'>universaliter</span> <span class='ocrx_word' id='word_1_209' title='bbox 1319 3112 1433 3157; x_wconf 90' lang='lat' dir='ltr'>sensus</span> 
     </span>
    </p>
   </div>
   <div class='ocr_carea' id='block_1_3' title="bbox 281 3194 1537 3285">
    <p class='ocr_par' dir='ltr' id='par_1_3' title="bbox 281 3194 1537 3285">
     <span class='ocr_line' id='line_1_25' title="bbox 281 3194 1537 3285; baseline 0.002 -26"><span class='ocrx_word' id='word_1_210' title='bbox 281 3204 334 3259; x_wconf 88' lang='lat' dir='ltr'>est</span> <span class='ocrx_word' id='word_1_211' title='bbox 356 3196 399 3259; x_wconf 94' lang='lat' dir='ltr'>de</span> <span class='ocrx_word' id='word_1_212' title='bbox 419 3216 541 3279; x_wconf 83' lang='lat' dir='ltr'>genere</span> <span class='ocrx_word' id='word_1_213' title='bbox 555 3194 713 3261; x_wconf 90' lang='lat' dir='ltr'>virtutum</span> <span class='ocrx_word' id='word_1_214' title='bbox 730 3197 947 3279; x_wconf 84' lang='lat' dir='ltr'>passivamm,</span> <span class='ocrx_word' id='word_1_215' title='bbox 967 3207 1002 3263; x_wconf 92' lang='lat' dir='ltr'>et</span> <span class='ocrx_word' id='word_1_216' title='bbox 1017 3219 1084 3261; x_wconf 92' lang='lat' dir='ltr'>non</span> <span class='ocrx_word' id='word_1_217' title='bbox 1099 3195 1198 3262; x_wconf 87' lang='lat' dir='ltr'>docet</span> <span class='ocrx_word' id='word_1_218' title='bbox 1212 3217 1345 3262; x_wconf 87' lang='lat' dir='ltr'>sensum</span> <span class='ocrx_word' id='word_1_219' title='bbox 1362 3218 1434 3262; x_wconf 91' lang='lat' dir='ltr'>esse</span> <span class='ocrx_word' id='word_1_220' title='bbox 1528 3266 1537 3285; x_wconf 56' lang='lat'>‚</span> 
     </span>
    </p>
   </div>
   <div class='ocr_carea' id='block_1_4' title="bbox 280 3300 1435 3907">
    <p class='ocr_par' dir='ltr' id='par_1_4' title="bbox 280 3300 1435 3907">
     <span class='ocr_line' id='line_1_26' title="bbox 280 3300 1435 3387; baseline 0.002 -24"><span class='ocrx_word' id='word_1_221' title='bbox 280 3300 447 3374; x_wconf 83' lang='lat' dir='ltr'>activum3</span> <span class='ocrx_word' id='word_1_222' title='bbox 470 3300 648 3364; x_wconf 91' lang='lat' dir='ltr'>dicendum</span> <span class='ocrx_word' id='word_1_223' title='bbox 671 3310 733 3380; x_wconf 92' lang='lat' dir='ltr'>est,</span> <span class='ocrx_word' id='word_1_224' title='bbox 755 3303 844 3384; x_wconf 92' lang='lat' dir='ltr'>quod</span> <span class='ocrx_word' id='word_1_225' title='bbox 874 3300 939 3366; x_wconf 91' lang='lat' dir='ltr'>hoc</span> <span class='ocrx_word' id='word_1_226' title='bbox 961 3302 1022 3365; x_wconf 85' lang='lat' dir='ltr'>fuit</span> <span class='ocrx_word' id='word_1_227' title='bbox 1051 3302 1269 3366; x_wconf 89' lang='lat' dir='ltr'>necessarium</span> <span class='ocrx_word' id='word_1_228' title='bbox 1299 3311 1435 3387; x_wconf 90' lang='lat' dir='ltr'>propter</span> 
     </span>
     <span class='ocr_line' id='line_1_27' title="bbox 282 3402 1432 3489; baseline 0.002 -22"><span class='ocrx_word' id='word_1_229' title='bbox 282 3405 481 3487; x_wconf 89' lang='lat' dir='ltr'>positionem</span> <span class='ocrx_word' id='word_1_230' title='bbox 506 3405 555 3468; x_wconf 90' lang='lat' dir='ltr'>sui</span> <span class='ocrx_word' id='word_1_231' title='bbox 580 3405 727 3489; x_wconf 84' lang='lat' dir='ltr'>magistri</span> <span class='ocrx_word' id='word_1_232' title='bbox 753 3404 909 3483; x_wconf 87' lang='lat' dir='ltr'>Platonis,</span> <span class='ocrx_word' id='word_1_233' title='bbox 924 3416 958 3470; x_wconf 89' lang='lat' dir='ltr'>et</span> <span class='ocrx_word' id='word_1_234' title='bbox 979 3406 1158 3471; x_wconf 91' lang='lat' dir='ltr'>multorum</span> <span class='ocrx_word' id='word_1_235' title='bbox 1180 3402 1432 3471; x_wconf 90' lang='lat' dir='ltr'>Platonicorum.</span> 
     </span>
     <span class='ocr_line' id='line_1_28' title="bbox 283 3508 1435 3594; baseline 0.002 -23"><span class='ocrx_word' id='word_1_236' title='bbox 283 3508 372 3572; x_wconf 89' lang='lat' dir='ltr'>Nam</span> <span class='ocrx_word' id='word_1_237' title='bbox 394 3509 567 3593; x_wconf 88' lang='lat' dir='ltr'>vulgatum</span> <span class='ocrx_word' id='word_1_238' title='bbox 588 3509 648 3575; x_wconf 84' lang='lat' dir='ltr'>luit</span> <span class='ocrx_word' id='word_1_239' title='bbox 678 3509 763 3573; x_wconf 91' lang='lat' dir='ltr'>inter</span> <span class='ocrx_word' id='word_1_240' title='bbox 793 3532 861 3587; x_wconf 90' lang='lat' dir='ltr'>eos,</span> <span class='ocrx_word' id='word_1_241' title='bbox 884 3512 976 3594; x_wconf 88' lang='lat' dir='ltr'>quod</span> <span class='ocrx_word' id='word_1_242' title='bbox 997 3511 1085 3574; x_wconf 90' lang='lat' dir='ltr'>visus</span> <span class='ocrx_word' id='word_1_243' title='bbox 1111 3512 1345 3575; x_wconf 91' lang='lat' dir='ltr'>tantummodo</span> <span class='ocrx_word' id='word_1_244' title='bbox 1374 3509 1435 3573; x_wconf 88' lang='lat' dir='ltr'>luit</span> 
     </span>
     <span class='ocr_line' id='line_1_29' title="bbox 282 3609 1434 3697; baseline 0.001 -22"><span class='ocrx_word' id='word_1_245' title='bbox 282 3612 418 3689; x_wconf 88' lang='lat' dir='ltr'>activus,</span> <span class='ocrx_word' id='word_1_246' title='bbox 434 3624 468 3677; x_wconf 92' lang='lat' dir='ltr'>et</span> <span class='ocrx_word' id='word_1_247' title='bbox 483 3615 573 3696; x_wconf 92' lang='lat' dir='ltr'>quod</span> <span class='ocrx_word' id='word_1_248' title='bbox 590 3614 758 3679; x_wconf 87' lang='lat' dir='ltr'>emitteret</span> <span class='ocrx_word' id='word_1_249' title='bbox 773 3615 919 3697; x_wconf 90' lang='lat' dir='ltr'>speciem</span> <span class='ocrx_word' id='word_1_250' title='bbox 935 3611 1095 3680; x_wconf 91' lang='lat' dir='ltr'>visibilem</span> <span class='ocrx_word' id='word_1_251' title='bbox 1111 3617 1153 3680; x_wconf 91' lang='lat' dir='ltr'>ad</span> <span class='ocrx_word' id='word_1_252' title='bbox 1171 3609 1282 3680; x_wconf 91' lang='lat' dir='ltr'>omnia</span> <span class='ocrx_word' id='word_1_253' title='bbox 1296 3613 1434 3678; x_wconf 88' lang='lat' dir='ltr'>visibilia</span> 
     </span>
     <span class='ocr_line' id='line_1_30' title="bbox 281 3718 1434 3793; baseline 0.003 -14"><span class='ocrx_word' id='word_1_254' title='bbox 281 3719 485 3793; x_wconf 87' lang='lat' dir='ltr'>contuenda,</span> <span class='ocrx_word' id='word_1_255' title='bbox 508 3719 596 3782; x_wconf 90' lang='lat' dir='ltr'>unde</span> <span class='ocrx_word' id='word_1_256' title='bbox 617 3718 730 3783; x_wconf 89' lang='lat' dir='ltr'>subito</span> <span class='ocrx_word' id='word_1_257' title='bbox 759 3720 801 3782; x_wconf 90' lang='lat' dir='ltr'>ad</span> <span class='ocrx_word' id='word_1_258' title='bbox 825 3728 915 3783; x_wconf 89' lang='lat' dir='ltr'>astra</span> <span class='ocrx_word' id='word_1_259' title='bbox 936 3720 1025 3783; x_wconf 86' lang='lat' dir='ltr'>visus</span> <span class='ocrx_word' id='word_1_260' title='bbox 1047 3720 1228 3784; x_wconf 91' lang='lat' dir='ltr'>secundum</span> <span class='ocrx_word' id='word_1_261' title='bbox 1251 3739 1309 3782; x_wconf 93' lang='lat' dir='ltr'>eos</span> <span class='ocrx_word' id='word_1_262' title='bbox 1332 3718 1434 3783; x_wconf 89' lang='lat' dir='ltr'>mittit</span> 
     </span>
     <span class='ocr_line' id='line_1_31' title="bbox 282 3818 1434 3907; baseline 0.002 -23"><span class='ocrx_word' id='word_1_263' title='bbox 282 3822 429 3904; x_wconf 88' lang='lat' dir='ltr'>speciem</span> <span class='ocrx_word' id='word_1_264' title='bbox 450 3821 610 3887; x_wconf 89' lang='lat' dir='ltr'>visibilem</span> <span class='ocrx_word' id='word_1_265' title='bbox 634 3823 692 3906; x_wconf 94' lang='lat' dir='ltr'>qui</span> <span class='ocrx_word' id='word_1_266' title='bbox 723 3832 898 3888; x_wconf 87' lang='lat' dir='ltr'>contuetur</span> <span class='ocrx_word' id='word_1_267' title='bbox 927 3844 967 3887; x_wconf 89' lang='lat' dir='ltr'>ea</span> <span class='ocrx_word' id='word_1_268' title='bbox 997 3834 1031 3888; x_wconf 96' lang='lat' dir='ltr'>et</span> <span class='ocrx_word' id='word_1_269' title='bbox 1061 3818 1169 3888; x_wconf 91' lang='lat' dir='ltr'>reddit</span> <span class='ocrx_word' id='word_1_270' title='bbox 1196 3823 1280 3888; x_wconf 88' lang='lat' dir='ltr'>visui</span> <span class='ocrx_word' id='word_1_271' title='bbox 1309 3824 1434 3907; x_wconf 88' lang='lat' dir='ltr'>species</span> 
     </span>
    </p>
   </div>
   <div class='ocr_carea' id='block_1_5' title="bbox 278 4040 1437 4733">
    <p class='ocr_par' dir='ltr' id='par_1_5' title="bbox 281 4040 1436 4417">
     <span class='ocr_line' id='line_1_32' title="bbox 315 4040 1433 4106; baseline 0.002 -17"><span class='ocrx_word' id='word_1_272' title='bbox 315 4040 323 4069; x_wconf 87' lang='lat'><strong>¹</strong></span> <span class='ocrx_word' id='word_1_273' title='bbox 340 4040 367 4101; x_wconf 90' lang='lat' dir='ltr'>J.</span> <span class='ocrx_word' id='word_1_274' title='bbox 384 4042 431 4089; x_wconf 84' lang='lat' dir='ltr'>bas</span> <span class='ocrx_word' id='word_1_275' title='bbox 450 4042 620 4101; x_wconf 78' lang='lat' dir='ltr'>animalibus3</span> <span class='ocrx_word' id='word_1_276' title='bbox 641 4042 688 4092; x_wconf 88' lang='lat' dir='ltr'>but</span> <span class='ocrx_word' id='word_1_277' title='bbox 706 4043 752 4092; x_wconf 89' lang='lat' dir='ltr'>the</span> <span class='ocrx_word' id='word_1_278' title='bbox 772 4043 907 4093; x_wconf 79' lang='lat' dir='ltr'>reference</span> <span class='ocrx_word' id='word_1_279' title='bbox 926 4042 950 4093; x_wconf 85' lang='lat' dir='ltr'>is</span> <span class='ocrx_word' id='word_1_280' title='bbox 971 4043 1068 4106; x_wconf 80' lang='lat' dir='ltr'>clearly</span> <span class='ocrx_word' id='word_1_281' title='bbox 1084 4051 1112 4092; x_wconf 87' lang='lat' dir='ltr'>to</span> <span class='ocrx_word' id='word_1_282' title='bbox 1132 4042 1171 4093; x_wconf 80' lang='lat' dir='ltr'>De</span> <span class='ocrx_word' id='word_1_283' title='bbox 1189 4043 1433 4105; x_wconf 72' lang='lat' dir='ltr'>Arrima‚ii.1e§r</span> 
     </span>
     <span class='ocr_line' id='line_1_33' title="bbox 283 4116 1435 4184; baseline 0.002 -17"><span class='ocrx_word' id='word_1_284' title='bbox 283 4121 311 4181; x_wconf 67' lang='grc' dir='ltr'>(ᾗ</span> <span class='ocrx_word' id='word_1_285' title='bbox 327 4116 439 4181; x_wconf 69' lang='grc' dir='ltr'>αἴσθησίς</span> <span class='ocrx_word' id='word_1_286' title='bbox 452 4120 507 4169; x_wconf 74' lang='lat' dir='ltr'>lore</span> <span class='ocrx_word' id='word_1_287' title='bbox 524 4120 555 4168; x_wconf 71' lang='lat' dir='ltr'>rt</span> <span class='ocrx_word' id='word_1_288' title='bbox 572 4119 684 4169; x_wconf 69' lang='lat' dir='ltr'>&amp;arada</span> <span class='ocrx_word' id='word_1_289' title='bbox 700 4120 750 4169; x_wconf 68' lang='grc' dir='ltr'>τᾶν</span> <span class='ocrx_word' id='word_1_290' title='bbox 766 4120 889 4183; x_wconf 59' lang='lat' dir='ltr'>deturba</span> <span class='ocrx_word' id='word_1_291' title='bbox 905 4120 981 4184; x_wconf 63' lang='lat' dir='ltr'>citur,</span> <span class='ocrx_word' id='word_1_292' title='bbox 994 4130 1021 4171; x_wconf 86' lang='lat' dir='ltr'>et</span> <span class='ocrx_word' id='word_1_293' title='bbox 1038 4124 1115 4183; x_wconf 87' lang='lat' dir='ltr'>seq.).</span> <span class='ocrx_word' id='word_1_294' title='bbox 1150 4122 1207 4170; x_wconf 86' lang='lat' dir='ltr'>The</span> <span class='ocrx_word' id='word_1_295' title='bbox 1224 4137 1334 4184; x_wconf 77' lang='lat' dir='ltr'>passage</span> <span class='ocrx_word' id='word_1_296' title='bbox 1348 4121 1374 4167; x_wconf 91' lang='lat' dir='ltr'>in</span> <span class='ocrx_word' id='word_1_297' title='bbox 1391 4122 1435 4169; x_wconf 90' lang='lat' dir='ltr'>the</span> 
     </span>
     <span class='ocr_line' id='line_1_34' title="bbox 281 4196 1436 4262; baseline -0.002 -15"><span class='ocrx_word' id='word_1_298' title='bbox 281 4198 379 4261; x_wconf 79' lang='lat' dir='ltr'>Topica</span> <span class='ocrx_word' id='word_1_299' title='bbox 398 4198 425 4255; x_wconf 88' lang='lat' dir='ltr'>(i.</span> <span class='ocrx_word' id='word_1_300' title='bbox 441 4213 480 4258; x_wconf 83' lang='lat' dir='ltr'>rs,</span> <span class='ocrx_word' id='word_1_301' title='bbox 495 4198 544 4261; x_wconf 66' lang='lat' dir='ltr'>ta)</span> <span class='ocrx_word' id='word_1_302' title='bbox 559 4198 658 4261; x_wconf 85' lang='lat' dir='ltr'>merely</span> <span class='ocrx_word' id='word_1_303' title='bbox 669 4214 810 4262; x_wconf 82' lang='lat' dir='ltr'>expresses</span> <span class='ocrx_word' id='word_1_304' title='bbox 827 4216 844 4249; x_wconf 88' lang='lat' dir='ltr'>a</span> <span class='ocrx_word' id='word_1_305' title='bbox 859 4201 928 4249; x_wconf 81' lang='lat' dir='ltr'>view</span> <span class='ocrx_word' id='word_1_306' title='bbox 943 4201 1030 4249; x_wconf 82' lang='lat' dir='ltr'>which</span> <span class='ocrx_word' id='word_1_307' title='bbox 1047 4201 1130 4262; x_wconf 80' lang='lat' dir='ltr'>might</span> <span class='ocrx_word' id='word_1_308' title='bbox 1146 4200 1179 4249; x_wconf 94' lang='lat' dir='ltr'>be</span> <span class='ocrx_word' id='word_1_309' title='bbox 1195 4200 1256 4249; x_wconf 88' lang='lat' dir='ltr'>held</span> <span class='ocrx_word' id='word_1_310' title='bbox 1273 4198 1338 4249; x_wconf 80' lang='lat' dir='ltr'>with</span> <span class='ocrx_word' id='word_1_311' title='bbox 1355 4214 1370 4245; x_wconf 84' lang='lat' dir='ltr'>a</span> <span class='ocrx_word' id='word_1_312' title='bbox 1387 4196 1436 4245; x_wconf 80' lang='lat' dir='ltr'>sair</span> 
     </span>
     <span class='ocr_line' id='line_1_35' title="bbox 282 4276 1435 4341; baseline -0.001 -16"><span class='ocrx_word' id='word_1_313' title='bbox 282 4276 380 4339; x_wconf 76' lang='lat' dir='ltr'>degree</span> <span class='ocrx_word' id='word_1_314' title='bbox 397 4276 428 4325; x_wconf 81' lang='lat' dir='ltr'>oi</span> <span class='ocrx_word' id='word_1_315' title='bbox 441 4277 604 4340; x_wconf 72' lang='lat' dir='ltr'>probability,</span> <span class='ocrx_word' id='word_1_316' title='bbox 621 4278 703 4327; x_wconf 83' lang='lat' dir='ltr'>based</span> <span class='ocrx_word' id='word_1_317' title='bbox 723 4294 759 4327; x_wconf 87' lang='lat' dir='ltr'>on</span> <span class='ocrx_word' id='word_1_318' title='bbox 775 4279 821 4328; x_wconf 87' lang='lat' dir='ltr'>the</span> <span class='ocrx_word' id='word_1_319' title='bbox 838 4279 951 4341; x_wconf 73' lang='lat' dir='ltr'>analogy</span> <span class='ocrx_word' id='word_1_320' title='bbox 967 4279 997 4328; x_wconf 86' lang='lat' dir='ltr'>ol</span> <span class='ocrx_word' id='word_1_321' title='bbox 1010 4280 1055 4328; x_wconf 89' lang='lat' dir='ltr'>the</span> <span class='ocrx_word' id='word_1_322' title='bbox 1073 4294 1153 4329; x_wconf 85' lang='lat' dir='ltr'>sense</span> <span class='ocrx_word' id='word_1_323' title='bbox 1171 4279 1201 4327; x_wconf 85' lang='lat' dir='ltr'>ol</span> <span class='ocrx_word' id='word_1_324' title='bbox 1219 4278 1290 4339; x_wconf 75' lang='lat' dir='ltr'>sight</span> <span class='ocrx_word' id='word_1_325' title='bbox 1306 4276 1370 4325; x_wconf 84' lang='lat' dir='ltr'>with</span> <span class='ocrx_word' id='word_1_326' title='bbox 1389 4277 1435 4325; x_wconf 88' lang='lat' dir='ltr'>the</span> 
     </span>
     <span class='ocr_line' id='line_1_36' title="bbox 281 4354 527 4417; baseline 0.004 -12"><span class='ocrx_word' id='word_1_327' title='bbox 281 4370 359 4405; x_wconf 82' lang='lat' dir='ltr'>sense</span> <span class='ocrx_word' id='word_1_328' title='bbox 371 4354 401 4403; x_wconf 83' lang='lat' dir='ltr'>ol</span> <span class='ocrx_word' id='word_1_329' title='bbox 410 4356 527 4417; x_wconf 81' lang='lat' dir='ltr'>bearing.</span> 
     </span>
    </p>

    <p class='ocr_par' dir='ltr' id='par_1_6' title="bbox 278 4432 1437 4733">
     <span class='ocr_line' id='line_1_37' title="bbox 313 4432 1437 4497; baseline 0.001 -16"><span class='ocrx_word' id='word_1_330' title='bbox 313 4432 372 4482; x_wconf 81' lang='lat' dir='ltr'>&#39;l&#39;be</span> <span class='ocrx_word' id='word_1_331' title='bbox 394 4448 492 4481; x_wconf 79' lang='lat' dir='ltr'>excuse</span> <span class='ocrx_word' id='word_1_332' title='bbox 518 4434 581 4483; x_wconf 87' lang='lat' dir='ltr'>here</span> <span class='ocrx_word' id='word_1_333' title='bbox 606 4434 682 4497; x_wconf 77' lang='lat' dir='ltr'>given</span> <span class='ocrx_word' id='word_1_334' title='bbox 709 4434 750 4483; x_wconf 84' lang='lat' dir='ltr'>lor</span> <span class='ocrx_word' id='word_1_335' title='bbox 770 4434 843 4484; x_wconf 85' lang='lat' dir='ltr'>what</span> <span class='ocrx_word' id='word_1_336' title='bbox 865 4434 954 4484; x_wconf 84' lang='lat' dir='ltr'>Bacon</span> <span class='ocrx_word' id='word_1_337' title='bbox 976 4434 1109 4495; x_wconf 86' lang='lat' dir='ltr'>evidently</span> <span class='ocrx_word' id='word_1_338' title='bbox 1130 4434 1264 4483; x_wconf 88' lang='lat' dir='ltr'>considers</span> <span class='ocrx_word' id='word_1_339' title='bbox 1288 4432 1437 4482; x_wconf 79' lang='lat' dir='ltr'>Aristotle&#39;s</span> 
     </span>
     <span class='ocr_line' id='line_1_38' title="bbox 280 4510 1435 4574; baseline -0.003 -12"><span class='ocrx_word' id='word_1_340' title='bbox 280 4512 423 4574; x_wconf 78' lang='lat' dir='ltr'>obseurity,</span> <span class='ocrx_word' id='word_1_341' title='bbox 438 4510 763 4572; x_wconf 63' lang='lat' dir='ltr'>ilnoterroniscurious.</span> <span class='ocrx_word' id='word_1_342' title='bbox 797 4512 860 4562; x_wconf 77' lang='lat' dir='ltr'>Tuis</span> <span class='ocrx_word' id='word_1_343' title='bbox 875 4514 937 4562; x_wconf 85' lang='lat' dir='ltr'>time</span> <span class='ocrx_word' id='word_1_344' title='bbox 954 4514 974 4562; x_wconf 89' lang='lat' dir='ltr'>it</span> <span class='ocrx_word' id='word_1_345' title='bbox 987 4512 1129 4562; x_wconf 83' lang='lat' dir='ltr'>isnotbad</span> <span class='ocrx_word' id='word_1_346' title='bbox 1144 4512 1303 4561; x_wconf 72' lang='lat' dir='ltr'>translation.</span> <span class='ocrx_word' id='word_1_347' title='bbox 1341 4511 1382 4573; x_wconf 89' lang='lat' dir='ltr'>By</span> <span class='ocrx_word' id='word_1_348' title='bbox 1395 4511 1435 4560; x_wconf 88' lang='lat' dir='ltr'>his</span> 
     </span>
     <span class='ocr_line' id='line_1_39' title="bbox 280 4589 1433 4652; baseline -0.003 -11"><span class='ocrx_word' id='word_1_349' title='bbox 280 4607 329 4641; x_wconf 84' lang='lat' dir='ltr'>ase</span> <span class='ocrx_word' id='word_1_350' title='bbox 346 4591 377 4639; x_wconf 82' lang='lat' dir='ltr'>ol</span> <span class='ocrx_word' id='word_1_351' title='bbox 391 4593 438 4638; x_wconf 89' lang='lat' dir='ltr'>the</span> <span class='ocrx_word' id='word_1_352' title='bbox 461 4590 535 4639; x_wconf 85' lang='lat' dir='ltr'>word</span> <span class='ocrx_word' id='word_1_353' title='bbox 552 4590 636 4651; x_wconf 76' lang='lat' dir='ltr'>Slor&#39;cs&#39;,</span> <span class='ocrx_word' id='word_1_354' title='bbox 654 4592 718 4640; x_wconf 89' lang='lat' dir='ltr'>here</span> <span class='ocrx_word' id='word_1_355' title='bbox 740 4591 792 4640; x_wconf 88' lang='lat' dir='ltr'>aud</span> <span class='ocrx_word' id='word_1_356' title='bbox 814 4592 970 4652; x_wconf 89' lang='lat' dir='ltr'>elsewhere,</span> <span class='ocrx_word' id='word_1_357' title='bbox 989 4591 1080 4641; x_wconf 73' lang='grc' dir='ltr'><strong>Βιεοιι</strong></span> <span class='ocrx_word' id='word_1_358' title='bbox 1096 4591 1187 4641; x_wconf 83' lang='lat' dir='ltr'>shows</span> <span class='ocrx_word' id='word_1_359' title='bbox 1203 4589 1259 4639; x_wconf 85' lang='lat' dir='ltr'>that</span> <span class='ocrx_word' id='word_1_360' title='bbox 1275 4589 1309 4639; x_wconf 87' lang='lat' dir='ltr'>he</span> <span class='ocrx_word' id='word_1_361' title='bbox 1326 4590 1370 4638; x_wconf 89' lang='lat' dir='ltr'>did</span> <span class='ocrx_word' id='word_1_362' title='bbox 1386 4598 1433 4639; x_wconf 86' lang='lat' dir='ltr'>not</span> 
     </span>
     <span class='ocr_line' id='line_1_40' title="bbox 278 4668 804 4733; baseline -0.002 -13"><span class='ocrx_word' id='word_1_363' title='bbox 278 4669 440 4733; x_wconf 72' lang='lat' dir='ltr'>distinguisb</span> <span class='ocrx_word' id='word_1_364' title='bbox 452 4668 574 4719; x_wconf 81' lang='lat' dir='ltr'>between</span> <span class='ocrx_word' id='word_1_365' title='bbox 587 4670 632 4719; x_wconf 86' lang='lat' dir='ltr'>the</span> <span class='ocrx_word' id='word_1_366' title='bbox 644 4676 698 4719; x_wconf 86' lang='lat' dir='ltr'>two</span> <span class='ocrx_word' id='word_1_367' title='bbox 710 4668 804 4720; x_wconf 87' lang='lat' dir='ltr'>Zenos.</span> 
     </span>
    </p>
   </div>
   <div class='ocr_carea' id='block_1_6' title="bbox 830 4768 890 4819">
    <p class='ocr_par' dir='ltr' id='par_1_7' title="bbox 830 4768 890 4819">
     <span class='ocr_line' id='line_1_41' title="bbox 830 4768 890 4819; baseline 0.017 -1"><span class='ocrx_word' id='word_1_368' title='bbox 830 4768 890 4819; x_wconf 77' lang='lat' dir='ltr'>Ea</span> 
     </span>
    </p>
   </div>
   <div class='ocr_carea' id='block_1_7' title="bbox 0 0 1788 5359">
    <p class='ocr_par' dir='ltr' id='par_1_8' title="bbox 0 0 1788 5359">
     <span class='ocr_line' id='line_1_42' title="bbox 0 0 1788 5359; baseline 0 0"><span class='ocrx_word' id='word_1_369' title='bbox 0 0 1788 5359; x_wconf 95' lang='lat' dir='ltr'> </span> 
     </span>
    </p>
   </div>
  </div>
 </body>
</html>
