3542 5359
389 611 716 671 PERSPECTIVAE
739 610 855 671 PARS
879 610 1043 671 PRIMA:
1075 612 1185 673 DISY.
1211 614 1265 674 IV.
1371 630 1411 689 27

254 784 394 859 propter
419 796 548 851 uveam,
570 796 647 839 nam
669 774 696 839 si
718 795 801 839 uvea
819 784 869 840 est
892 774 1020 859 glauca,
1042 774 1157 840 oculus
1178 786 1229 841 est
1251 776 1390 860 glaucus
1402 802 1411 855 ;

255 880 283 943 si
317 880 420 963 nigra,
453 879 568 945 oculus
600 890 652 945 est
683 880 783 963 niger.
849 879 914 943 Vel
947 888 1058 962 potest
1093 881 1219 945 causari
1250 880 1412 965 glaucitas

257 993 396 1067 propter
420 984 584 1060 humores,
613 985 769 1067 quoniam
793 984 820 1047 si
843 982 965 1048 suerint
994 983 1208 1049 humiditates
1237 986 1354 1059 clarae,
1377 996 1412 1050 et

256 1088 376 1153 suerint
412 1089 539 1172 positae
569 1110 673 1175 prope
704 1099 809 1165 extra,
840 1099 875 1153 et
907 1088 1003 1153 suerit
1038 1090 1248 1172 crystallinus
1286 1091 1411 1155 multae

256 1194 463 1275 quantitatis,
481 1204 517 1259 et
530 1194 726 1278 albugineus
740 1195 784 1259 sit
799 1194 958 1275 modicus,
976 1196 1037 1258 erit
1053 1194 1170 1260 oculus
1184 1195 1334 1277 glaucus,
1349 1196 1411 1259 nisi

255 1299 388 1363 accidat
416 1300 616 1363 contrarium
648 1320 670 1363 a
703 1299 825 1364 tunica.
895 1300 942 1363 Et
975 1299 1003 1363 si
1041 1297 1158 1364 suerint
1196 1300 1412 1364 humiditates

256 1404 428 1477 obscurae,
443 1413 478 1467 et
493 1403 703 1484 crystallinus
718 1404 760 1468 sit
775 1404 918 1469 tendens
932 1405 974 1469 ad
991 1404 1126 1469 interius
1147 1403 1243 1481 oculi,
1259 1415 1293 1469 et
1314 1402 1410 1467 suerit

256 1526 379 1590 parvus
398 1518 432 1571 et
452 1507 647 1590 albugineus
669 1508 804 1588 multus,
825 1508 872 1573 ita
896 1509 987 1591 quod
1014 1506 1113 1573 iaciat
1135 1507 1410 1584 obscurationem,

254 1613 342 1675 sicut
363 1630 451 1695 aqua
472 1610 615 1676 multum
637 1611 801 1695 profunda
816 1633 904 1696 quae
924 1613 1107 1695 submergit
1127 1621 1161 1677 et
1180 1613 1328 1697 cooperit
1350 1634 1412 1691 res,

254 1724 338 1780 tunc
355 1716 471 1779 oculus
489 1717 550 1780 erit
571 1716 670 1800 niger.
717 1716 793 1781 Hoc
815 1717 922 1782 voluit
944 1716 1153 1796 Aristoteles,
1175 1727 1210 1782 et
1236 1716 1410 1782 Avicenna

252 1820 389 1885 decimo
408 1840 499 1885 nono
514 1822 557 1886 de
573 1821 792 1887 Animalibus.

690 2090 919 2158 Currruuuu
938 2091 984 2154 11.

495 2265 549 2329 De
564 2264 818 2350 proprietatibus
832 2262 1003 2331 anterioris
1017 2263 1171 2347 glacialis.

301 2438 461 2504 Anterior
480 2448 593 2512 autem
612 2438 759 2521 glacialis
774 2438 883 2530 'habet
905 2438 1027 2503 multas
1047 2440 1273 2523 proprietates,
1320 2442 1409 2504 Nam
1422 2439 1549 2493 lbelens.

254 2544 364 2625 prima
384 2554 418 2607 et
441 2543 627 2627 principalis
648 2553 708 2623 est,
723 2544 814 2627 quod
837 2543 941 2607 virtus
960 2544 1060 2607 visiva
1083 2554 1134 2608 est
1157 2553 1288 2608 tantum
1307 2545 1339 2607 in
1358 2565 1408 2619 eo,

254 2648 440 2711 secundum
455 2647 607 2711 Alhazen
624 2659 658 2712 et
673 2657 830 2713 caeteros.
876 2648 956 2711 Alia
974 2648 1061 2712 enim
1076 2649 1187 2712 omnia
1208 2660 1285 2712 ante
1301 2650 1408 2731 ipsum

255 2762 337 2815 sunt
373 2752 589 2817 instrumenta
625 2753 706 2837 ejus,
740 2763 775 2818 et
811 2763 949 2838 propter
984 2754 1101 2835 ipsum.
1147 2754 1236 2817 Nam
1273 2754 1300 2817 si
1339 2754 1409 2837 ipse

256 2857 418 2931 laedatur,
434 2858 504 2921 aliis
526 2858 635 2933 salvis,
658 2859 837 2922 destruitur
859 2858 951 2935 visi0,
966 2867 1001 2921 et
1022 2858 1049 2920 si
1072 2856 1142 2939 ipse
1164 2858 1206 2919 sit
1228 2857 1350 2931 salvus,
1374 2869 1407 2921 et

255 2962 331 3026 aliis
345 2962 474 3027 accidat
489 2962 599 3041 laesio,
614 2964 798 3027 dummodo
814 2974 947 3028 maneat
963 2981 1077 3025 eorum
1093 2960 1329 3044 diaphaneitas,
1341 2982 1407 3025 non

256 3068 441 3131 destruitur
462 3066 551 3145 visin,
573 3066 653 3150 quin
677 3066 758 3145 fiat;
789 3087 867 3131 nam
896 3068 978 3130 dum
1008 3074 1156 3129 remanet
1181 3064 1409 3149 diaphaneitas

257 3170 345 3234 inter
366 3170 538 3253 glacialem
562 3171 756 3235 continuata
775 3191 852 3235 cum
876 3170 1122 3255 diaphaneitate
1147 3170 1239 3246 aeris,
1262 3190 1329 3235 non
1349 3171 1408 3236 de·

256 3276 395 3338 struitur
415 3274 505 3353 visio,
521 3276 706 3340 dummodo
726 3274 837 3339 salvus
852 3276 895 3339 sit
910 3276 980 3359 ipse
998 3274 1142 3339 anterior
1155 3274 1313 3358 glacialis.
1360 3276 1407 3341 Et

255 3379 404 3444 anterior
417 3379 563 3462 glacialis
578 3391 629 3444 est
644 3381 809 3457 humidus,
825 3391 863 3444 ut
878 3380 973 3445 citius
994 3379 1139 3465 patiatur
1155 3401 1175 3444 a
1195 3381 1304 3461 specie
1324 3380 1407 3443 lucis

255 3494 290 3548 et
307 3483 437 3560 coloris,
453 3504 529 3549 nam
547 3483 633 3548 bene
647 3485 732 3549 sicca
747 3504 813 3548 non
829 3486 871 3549 de
886 3482 972 3549 sacili
988 3484 1146 3566 recipiunt
1158 3484 1387 3564 impressiones
1400 3510 1408 3562 ;

255 3600 291 3653 et
315 3599 367 3653 est
389 3589 528 3665 subtilis,
542 3589 621 3672 quia
644 3589 810 3655 subtilitas
832 3590 979 3671 corporis
1007 3589 1085 3652 sacit
1113 3588 1156 3652 ad
1189 3588 1407 3654 subtilitatem

255 3712 398 3773 sensus;
427 3703 462 3758 et
483 3705 535 3760 est
556 3693 801 3778 aliquantulum
824 3694 1022 3778 diaphanus,
1050 3703 1088 3757 ut
1118 3692 1256 3776 recipiat
1285 3691 1408 3758 formas

255 3796 341 3863 lucis
370 3808 405 3863 et
435 3796 562 3876 coloris,
582 3809 617 3863 et
646 3819 706 3882 per
735 3798 844 3884 ipsum
874 3807 1043 3861 transeant
1073 3816 1179 3881 usque
1206 3799 1250 3861 ad
1273 3818 1408 3863 nervum

254 3922 488 3981 communem3
517 3914 552 3969 et
577 3912 628 3969 est
654 3903 896 3987 aliquantulum
921 3902 1054 3986 spissus,
1077 3911 1115 3965 ut
1142 3902 1281 3966 retineat
1307 3902 1340 3965 in
1366 3924 1408 3967 eo

255 4006 313 4071 diu
344 4008 480 4089 species,
509 4017 675 4091 quatenus
708 4017 893 4091 appareant
922 4005 1034 4070 virtuti
1068 4005 1202 4081 visivae,
1234 4017 1269 4071 et
1302 4008 1408 4091 possit

255 4110 325 4175 fieri
345 4110 516 4193 judicium.
562 4112 650 4176 Nam
672 4112 699 4176 si
721 4121 809 4175 esset
832 4110 949 4175 nimiae
972 4109 1208 4193 diaphaneitas‚
1229 4121 1310 4175 tunc
1333 4132 1407 4194 per·

255 4218 436 4283 transirent
458 4218 585 4301 species
607 4217 640 4280 in
660 4236 710 4291 eo,
726 4228 761 4282 et
784 4236 850 4281 non
873 4224 1078 4281 remanerent
1100 4226 1138 4281 ut
1159 4214 1253 4280 fieret
1271 4215 1407 4297 aliquod

252 4322 426 4407 judicium,
442 4330 477 4385 et
492 4322 568 4386 ideo
584 4330 717 4405 oportet
733 4330 771 4385 ut
786 4321 829 4383 sit
844 4320 1085 4403 aliquantulum
1096 4320 1228 4405 spissus,
1242 4328 1408 4401 quatenus

255 4428 402 4512 patiatur
424 4448 446 4492 a
468 4426 639 4507 speciebus
662 4428 849 4508 passionem
871 4444 957 4508 quae
978 4434 1030 4489 est
1055 4426 1099 4490 de
1126 4442 1247 4507 genere
1275 4422 1407 4489 doloris

253 4530 418 4595 Videmus
436 4530 524 4595 enim
539 4532 630 4614 quod
646 4530 746 4596 sortes
765 4530 855 4595 luces
870 4542 906 4597 et
919 4530 1047 4595 colores
1057 4536 1237 4613 augustant
1251 4526 1359 4592 visum
1372 4538 1408 4594 et

255 4636 402 4714 laedunt,
417 4644 452 4701 et
468 4634 618 4701 dolorem
634 4636 785 4701 inierunt.
831 4634 900 4701 Sed
914 4636 1023 4700 omnis
1038 4633 1127 4700 actio
1144 4630 1227 4697 lucis
1241 4643 1292 4697 est
1308 4633 1405 4697 unius
