3542 5359
255 3603 322 3665 Rayr
334 3616 390 3665 pro·

256 3670 315 3718 ceed
326 3668 389 3715 lrom

255 3735 291 3783 all
301 3734 385 3799 points

256 3802 281 3849 in
293 3800 335 3850 the

255 3873 337 3931 agent.

254 3932 317 3981 This
328 3932 350 3979 is

254 3997 340 4045 shown
354 3998 387 4061 by

253 4064 379 4112 examinu-

254 4130 306 4177 tiun
319 4129 349 4178 ol

254 4194 379 4245 shadows,

427 590 489 651 494
700 576 1037 635 MvtTIPLJCATJO
1061 577 1315 636 sanciendus.

428 739 586 804 foramen
632 740 699 805 Sed
737 741 801 805 hoc
839 752 889 805 est
923 741 1171 823 intelligendum
1205 743 1237 803 in
1273 740 1430 805 distantia
1463 742 1581 820 debita,

428 846 586 926 quoniam
608 845 706 909 valde
728 868 835 930 prope
860 845 1007 910 foramen
1032 867 1097 909 non
1121 846 1284 911 accideret
1306 846 1378 921 hoc,
1401 848 1460 909 sed
1486 847 1579 909 inter-

428 949 530 1015 sectio
545 951 712 1014 radiorum
728 970 804 1013 cum
819 949 933 1014 debita
948 952 1104 1015 distantia
1121 960 1172 1014 est
1188 971 1287 1014 causa
1302 950 1412 1032 hujus.

474 1054 519 1116 Et
545 1055 819 1118 considerandum
846 1056 1010 1139 estquod
1039 1076 1168 1138 semper
1191 1064 1242 1119 est
1273 1055 1378 1136 majus
1407 1054 1519 1118 lumen
1548 1067 1577 1118 et

427 1158 543 1220 lortius
567 1160 599 1221 in
624 1160 732 1223 medio
756 1158 837 1223 lucis
859 1160 1027 1233 cadentis;
1059 1169 1092 1223 et
1115 1180 1214 1223 causa
1236 1158 1335 1241 hujus
1357 1169 1417 1233 est,
1438 1160 1515 1240 quia
1538 1161 1576 1223 ad

426 1261 508 1325 illud
525 1265 671 1327 medium
688 1266 882 1347 pertingunt
898 1264 979 1328 radii
998 1284 1064 1326 nou
1085 1264 1194 1328 solum
1210 1265 1446 1327 intersecantes
1462 1286 1506 1337 se,
1522 1265 1575 1327 sed

428 1368 506 1432 recti
524 1370 567 1431 ad
585 1366 881 1432 circumferentiam
903 1387 970 1430 non
991 1369 1160 1449 attingunt
1181 1369 1241 1430 nisi
1263 1369 1508 1448 intersecantes,
1524 1369 1576 1451 qui

426 1481 505 1535 sunt
526 1492 626 1536 causa
647 1472 890 1537 debilitationis.
937 1472 1103 1555 Quoniam
1119 1493 1197 1535 vero
1221 1474 1252 1535 in
1276 1473 1417 1556 sphaera
1440 1485 1574 1555 possunt

424 1596 541 1639 omnes
563 1577 686 1659 figurae
707 1577 895 1660 corporales
918 1586 951 1641 et
975 1576 1141 1658 regulares
1163 1575 1309 1661 intelligi,
1327 1586 1360 1639 et
1383 1578 1415 1639 in
1438 1578 1575 1659 sphaera

425 1692 565 1762 possunt
591 1701 708 1745 omnes
736 1682 847 1746 circuli
877 1682 1084 1760 circumduci,
1109 1683 1140 1744 in
1165 1682 1283 1764 quibus
1310 1703 1427 1745 omnes
1454 1682 1574 1766 figurae

426 1783 648 1865 superficiales
675 1785 841 1868 regulares
868 1796 1008 1867 possunt
1035 1786 1184 1849 similiter
1208 1786 1349 1863 inscribi,
1372 1797 1476 1867 atque
1502 1787 1574 1851 licet

426 1890 557 1973 proprie
568 1890 697 1952 inscribi
712 1889 797 1953 aliae
812 1910 878 1953 non
892 1900 1028 1971 possunt
1042 1910 1099 1971 per
1111 1889 1334 1953 definitionem
1347 1891 1574 1973 inscriptionis,

425 2004 539 2057 tamen
568 1994 680 2057 valent
716 1994 848 2075 figurari
882 1994 914 2056 in
949 1992 1088 2076 sphaera
1125 2014 1249 2058 omnes.
1295 1994 1513 2077 Quapropter
1543 1996 1574 2057 in

426 2098 697 2179 multiplicatione
723 2098 894 2181 sphaerica
921 2100 1031 2161 omnia
1057 2118 1178 2180 genera
1208 2098 1445 2181 figurationum
1476 2100 1574 2163 inclu-

424 2202 567 2265 duntur:
591 2213 624 2265 et
645 2203 719 2265 ideo
739 2204 845 2265 omnis
867 2202 1097 2284 multiplicatio
1120 2202 1238 2283 speciei
1262 2205 1445 2266 secundum
1462 2225 1575 2286 quam·

426 2303 506 2369 libet
522 2306 661 2389 figuram
677 2316 786 2388 potest
802 2307 935 2389 reperiri
952 2308 985 2368 in
1005 2305 1277 2389 multiplicatione
1290 2306 1461 2387 sphaerica
1476 2328 1574 2389 quarn

426 2411 511 2474 facit.
559 2409 625 2474 Sed
656 2420 817 2494 quantum
855 2414 898 2475 ad
936 2412 1054 2474 sortem
1094 2410 1364 2474 illuminationem
1401 2412 1577 2492 cujuslibet

425 2516 537 2599 puncti
575 2516 620 2577 rei
658 2515 860 2590 tenebrosae,
900 2515 970 2579 sola
1008 2514 1113 2597 figura
1151 2516 1365 2599 pyramidalis
1404 2517 1577 2597 requiritur

425 2621 639 2696 naturaliter;
662 2631 696 2682 et
712 2640 778 2683 non
793 2620 969 2703 quaelibet,
986 2620 1045 2682 sed
1064 2619 1120 2683 illa
1135 2620 1229 2701 cujus
1247 2619 1335 2684 basis
1353 2629 1405 2683 est
1424 2641 1526 2702 super
1540 2640 1576 2684 os

426 2724 578 2787 luminosi
608 2725 760 2807 corporis,
785 2736 819 2788 et
845 2723 918 2806 ejus
947 2744 1049 2787 conus
1075 2725 1165 2787 cadit
1196 2725 1228 2787 in
1254 2734 1383 2807 partem
1410 2725 1576 2789 tenebrosi

423 2829 579 2912 corporis.
618 2829 707 2892 Nam
723 2829 755 2891 in
772 2829 834 2893 hac
849 2828 920 2893 sola
937 2828 1044 2911 figura
1059 2829 1205 2892 salvatur
1221 2826 1365 2910 perlecta
1380 2828 1576 2893 illuminatio

424 2944 458 2996 et
474 2933 559 2998 actio
574 2942 721 3009 naturae,
738 2944 776 2997 ut
793 2941 981 3016 exponetur
996 2931 1129 2995 inferius
1145 2952 1205 2996 suo
1222 2932 1305 2996 loc0.

844 3251 1070 3317 Cssrruuun
1096 3250 1155 3314 IX.

802 3424 940 3490 Habens
954 3437 1022 3490 tres
1037 3424 1200 3488 veritates.

469 3582 596 3645 Habito
617 3582 650 3644 in
674 3580 847 3644 universali
871 3583 913 3645 de
936 3581 1130 3664 figuratione
1153 3580 1343 3665 specierum,
1360 3600 1448 3643 nunc
1472 3579 1574 3663 magis

422 3686 455 3748 in
492 3685 679 3770 particulari
711 3685 987 3751 considerandum
1018 3694 1153 3768 propter
1182 3686 1346 3766 quaedam
1378 3704 1525 3767 corpora,
1555 3704 1574 3745 a

423 3793 542 3874 quibus
560 3800 610 3855 est
634 3790 817 3875 principalis
840 3789 1070 3873 multipficatio
1094 3790 1125 3851 in
1149 3787 1212 3853 hoc
1235 3790 1336 3852 modo
1359 3788 1573 3863 considerata,

423 3907 460 3959 ut
491 3907 542 3959 est
571 3896 604 3959 in
634 3896 822 3979 sphaericis,
848 3894 1034 3977 cujusmodi
1067 3902 1144 3956 sunt
1174 3892 1290 3956 stellae
1323 3902 1357 3957 et
1386 3892 1483 3956 oculi.
1530 3892 1574 3956 Et

423 4011 548 4066 certum
563 4011 613 4064 est
629 4002 720 4082 quod
735 4000 779 4063 ab
795 4020 861 4063 una
877 4009 972 4081 parte
993 4000 1121 4080 agentis
1142 4007 1271 4061 tantum
1291 4018 1357 4060 non
1379 3996 1422 4059 sit
1442 3998 1574 4080 species,

421 4126 481 4169 nec
505 4126 524 4169 a
547 4107 678 4169 duabus
701 4105 816 4181 solum,
837 4105 896 4167 sed
919 4106 961 4166 ab
985 4103 1148 4179 omnibus,
1169 4102 1259 4185 quod
1283 4101 1500 4166 certificatum
1525 4111 1574 4165 est

422 4230 481 4291 per
495 4210 583 4273 dicta
598 4208 714 4289 Jacobi
731 4208 871 4271 Alkindi
893 4208 935 4270 de
951 4207 1160 4289 Aspectibus.
1206 4204 1375 4287 Quoniam
1397 4207 1423 4268 si
1444 4207 1487 4269 ab
1510 4225 1574 4268 una

422 4326 524 4399 parte,
541 4323 577 4377 ut
598 4332 762 4396 ponamus
784 4332 804 4375 a
824 4321 937 4375 centro
958 4314 1000 4373 de
1015 4331 1083 4393 quo
1104 4310 1251 4373 maxime
1271 4311 1451 4374 credebant
1473 4308 1572 4392 aliqui

422 4419 565 4499 speciem
590 4417 756 4481 radiosam
780 4416 887 4479 solum
911 4415 988 4491 fieri,
1008 4425 1088 4479 tunc
1111 4416 1217 4478 omnis
1239 4416 1357 4478 umbra
1380 4414 1574 4479 dilataretur

422 4532 548 4603 quanto
564 4522 668 4603 magis
685 4522 885 4603 procederet,
902 4531 938 4583 ut
956 4520 1064 4603 arguit
1087 4520 1275 4602 praedictus
1298 4518 1517 4603 philosophus
1540 4530 1573 4581 et

422 4635 516 4708 patet
532 4624 694 4706 infigura.
741 4625 787 4687 Et
802 4626 944 4689 destruit
965 4644 1168 4707 consequens
1189 4643 1234 4686 ex
1254 4623 1328 4697 hoc,
1343 4624 1434 4705 quod
1456 4623 1573 4685 umbra
