3542 5359
755 600 836 660 62
1199 603 1510 662 OPERIS
1559 603 1686 661 MA
1681 603 1936 673 JORIS
1987 601 2216 661 PARS
2270 603 2481 676 QUIN
2487 604 2540 660 T
2531 603 2612 661 A.

1451 1000 2007 1067 DISTINCTIO
2071 1001 2369 1065 NONA.

851 1152 1128 1238 Habens
1159 1184 1446 1257 quatuor
1486 1173 1793 1258 capitula.
1889 1175 2177 1240 Primum
2210 1185 2310 1239 est
2340 1176 2425 1239 de
2455 1172 2784 1238 densitate
2814 1182 2881 1237 et
2913 1173 3067 1235 rari-

758 1287 896 1342 tate
931 1278 1195 1360 objecti.

1642 1434 2094 1499 CAPITULUM
2147 1436 2197 1499 I.

423 1604 603 1681 Fifthu
849 1589 1170 1672 Quintum
1235 1600 1352 1668 est,
1397 1592 1575 1674 quod
1630 1600 1896 1673 oportet
1949 1599 2022 1653 ut
2074 1590 2347 1669 visibile,
2394 1592 2573 1673 quod
2635 1590 3069 1654 communiter

420 1670 731 1798 {Pssffgssfgct
757 1716 1072 1758 vocamus
1123 1695 1455 1777 objectum
1508 1698 1702 1772 visuS,
1750 1698 2038 1761 excedat
2092 1696 2489 1760 densitatem
2543 1696 2709 1759 aeris
2760 1705 2827 1758 et
2880 1696 3070 1771 coeli,

426 1812 555 1851 must
579 1802 638 1850 be
758 1807 832 1862 ut
863 1801 1060 1863 docet
1092 1800 1416 1863 Alhazen.
1482 1801 1775 1881 Ideoque
1804 1801 2103 1864 videmus
2133 1820 2375 1881 aquam
2407 1800 2591 1878 bene,
2624 1800 2778 1882 quia
2807 1791 3072 1864 de'nsior

420 1869 597 1983 ἔξω
613 1866 732 1916 than
759 1913 860 1967 est
889 1925 1057 1979 aere,
1091 1915 1157 1967 et
1185 1925 1483 1987 vapores
1514 1914 1581 1968 et
1624 1906 1850 1978 nubeS,
1882 1915 1951 1969 et
1979 1906 2149 1969 vitra
2188 1913 2256 1967 et
2296 1904 2674 1986 hujusmodi
2706 1905 3070 1987 perspicua,

426 2000 656 2048 medium.
758 2029 928 2091 quae
965 2030 1194 2093 parum
1234 2010 1483 2073 habent
1518 2010 1603 2074 de
1642 2011 1849 2074 denso
1890 2020 2190 2091 respectu
2234 2029 2460 2072 eorum
2504 2029 2673 2091 quae
2713 2008 3069 2091 perfectam

757 2112 1004 2176 habent
1028 2114 1448 2177 densitatem.
1513 2113 1648 2179 Sed
1674 2124 1896 2178 tamen
1930 2113 2269 2177 sciendum
2304 2123 2424 2189 est,
2447 2114 2627 2194 quod
2655 2112 3069 2176 Ptolemaeus

759 2216 920 2282 dicit
945 2218 1011 2280 in
1035 2219 1329 2282 secundo
1355 2217 1525 2282 libro
1551 2217 2028 2299 Perspectivae‚
2053 2219 2233 2299 quod
2263 2238 2382 2281 nos
2404 2218 2704 2281 videmus
2730 2237 2943 2280 aerem
2965 2216 3066 2282 vel

760 2322 1175 2405 perspicuum
1207 2322 1495 2386 coeleste
1526 2343 1566 2385 a
1597 2321 1795 2405 longe
1833 2333 1901 2386 et
1934 2324 1998 2386 in
2040 2320 2369 2404 superflua
2408 2322 2738 2395 distantia,
2771 2322 3070 2404 quamvis

761 2445 896 2488 non
942 2426 1006 2489 in
1054 2427 1456 2509 propinqua3
1508 2426 1793 2490 multum
1843 2427 2013 2490 enim
2068 2428 2152 2489 de
2201 2426 2545 2510 perspicuo
2595 2425 2962 2489 cumulatur
3004 2428 3066 2488 in

764 2550 1005 2614 magna
1049 2531 1364 2595 distantia
1416 2540 1483 2595 et
1535 2553 1607 2595 se
1653 2531 1858 2596 habet
1906 2532 1991 2594 ad
2038 2532 2251 2595 visum
2301 2532 2474 2596 sicut
2522 2532 2680 2595 illud
2735 2532 2911 2614 quod
2970 2541 3071 2593 est

764 2634 1050 2716 perfecte
1101 2634 1384 2698 densum
1432 2635 1496 2698 in
1550 2656 1756 2719 parva
1808 2636 2136 2700 distantia.
2230 2635 2523 2699 Multum
2575 2652 2734 2718 ergo
2787 2637 2875 2699 de
2926 2656 3070 2719 per·

763 2724 996 2820 spicuo
1027 2740 1437 2804 cumulatum
1469 2742 1534 2803 in
1579 2733 1822 2822 magna
1863 2741 2176 2804 distantia
2207 2739 2282 2804 fit
2314 2741 2718 2819 umbrosum,
2753 2742 2920 2804 sicut
2951 2760 3072 2803 nos

667 2902 672 2912 ,
762 2844 1068 2908 videmus
1113 2845 1178 2907 in
1225 2866 1398 2927 aqua
1440 2845 1782 2927 profunda,
1819 2865 1937 2928 per
1972 2845 2159 2926 cujus
2205 2846 2498 2909 medium
2548 2865 2679 2909 non
2720 2864 3072 2928 possumus

762 2947 989 3012 videre
1045 2960 1290 3013 terram
1356 2950 1527 3014 sicut
1589 2970 1707 3032 per
1771 2968 2015 3031 aquam
2076 2970 2307 3033 parum
2368 2948 2783 3031 profundam.
2895 2948 3071 3011 Nam

764 3062 983 3134 partes
1042 3073 1258 3135 aquae
1317 3053 1679 3137 profundae
1730 3053 2084 3138 projiciunt
2136 3055 2439 3116 umbram
2494 3053 2746 3136 priores
2799 3052 2864 3115 in
2920 3073 3071 3134 pos·

764 3156 1059 3234 teriores,
1090 3167 1157 3221 et
1188 3157 1262 3220 fit
1293 3157 1661 3222 obscuritas
1701 3178 1875 3240 quae
1907 3157 2377 3242 proprietatem
2410 3155 2699 3221 raritatis
2738 3156 3074 3232 absorbet,

765 3269 839 3323 ut
867 3260 960 3323 sic
990 3271 1311 3342 tanquam
1354 3260 1622 3344 aliquod
1656 3263 1933 3327 densum
1977 3269 2296 3345 appareat
2332 3268 2476 3323 tota
2518 3279 2711 3341 aqua,
2742 3268 2811 3323 et
2850 3260 2943 3322 sic
2986 3259 3075 3323 de

761 3384 912 3426 aere
956 3364 1063 3427 vel
1108 3366 1457 3449 perspicuo
1501 3364 1766 3431 coelesti
1812 3366 2194 3450 longinquo,
2238 3374 2508 3447 propter
2551 3364 2730 3445 quod
2778 3363 3075 3427 redditur

761 3466 1033 3546 visibile,
1064 3478 1133 3532 et
1163 3489 1297 3532 non
1338 3466 1422 3533 de
1453 3488 1679 3552 prope.

431 3575 721 3653 Limjtation
855 3570 988 3635 Sed
1047 3581 1115 3635 et
1167 3571 1299 3637 alia
1353 3590 1556 3637 causa
1603 3581 1726 3651 est,
1776 3571 2026 3637 scilicet
2085 3574 2263 3654 quod
2312 3572 2488 3635 visus
2540 3572 2932 3635 terminatur
2985 3570 3071 3634 ad

435 3641 740 3771 ζ’,ίζῖἓξζξω
766 3676 1181 3759 perspicuum
1230 3675 1689 3759 longinquum.
1781 3677 1958 3739 Nam
1997 3686 2068 3739 ut
2105 3677 2269 3740 dicit
2307 3675 2610 3739 Alhazen
2658 3676 2723 3738 in
2769 3676 3074 3760 septimo,

435 3767 479 3871 '13‘ss
501 3789 663 3872 jssssffiffi‘·
769 3781 1004 3842 raritas
1049 3801 1401 3862 corporum
1449 3781 1680 3844 mundi
1734 3778 1920 3843 finita
1974 3790 2094 3857 est,
2141 3791 2205 3843 et
2253 3780 2403 3843 ideo
2458 3780 2803 3862 quodlibet
2848 3799 3073 3842 eorum

437 3855 667 3890 'fimum'
772 3883 974 3947 habet
1004 3883 1252 3967 aliquid
1284 3885 1630 3949 densitatis
1659 3894 1726 3948 et
1759 3885 2059 3961 raritatiS,
2090 3883 2241 3947 licet
2277 3904 2407 3947 non
2448 3885 2619 3948 bene
2652 3883 2978 3949 sensibilis
3008 3893 3076 3947 et

773 3988 1069 4050 maxime
1099 4010 1140 4052 a
1172 3990 1575 4071 propinquo:
1617 4009 1774 4052 nam
1804 3989 2053 4071 species
2082 3988 2259 4051 visus
2291 3987 2366 4052 fit
2397 3989 2482 4051 ab
2516 3990 2661 4070 ipso
2693 3989 2776 4052 ad
2805 3986 3077 4063 visibile,

768 4101 837 4154 et
891 4090 1276 4155 debilitatur
1319 4094 1386 4155 in
1439 4093 1774 4169 distantia,
1821 4094 1913 4154 ita
1966 4101 2040 4154 ut
2092 4090 2247 4155 licet
2305 4102 2575 4174 propter
2625 4092 3077 4156 fortitudinem
3186 4102 3191 4106 ”

768 4194 871 4258 sui
948 4206 1248 4278 penetret
1320 4217 1542 4260 aerem
1618 4197 2079 4280 propinquum,
2146 4217 2278 4259 non
2355 4206 2579 4260 tamen
2655 4196 3078 4277 perspicuum

771 4297 1058 4362 coeleste
1111 4310 1480 4379 remotum3
1543 4312 1610 4365 et
1666 4302 1818 4366 ideo
1870 4301 2260 4365 terminatur
2309 4301 2488 4364 visus
2539 4301 2622 4363 ad
2672 4298 2849 4363 illud.
2941 4298 3079 4363 Sed

771 4402 1118 4468 Avicenna
1149 4405 1312 4470 dicit
1346 4405 1543 4468 tertio
1574 4406 1658 4468 de
1696 4405 1965 4483 Anima,
1996 4405 2176 4487 quod
2220 4404 2379 4468 illud
2412 4415 2513 4469 est
2541 4424 2768 4467 verum
2801 4402 3079 4476 visibile,

771 4508 949 4588 quod
982 4509 1295 4572 terminat
1325 4507 1557 4580 visum,
1591 4517 1659 4571 et
1692 4509 1843 4572 ideo
1874 4509 2001 4572 h'oc
2034 4509 2449 4592 perspicuum
2482 4509 2770 4572 coeleste
2796 4518 2897 4572 est
2925 4526 3080 4570 vere

770 4610 1018 4673 visibile
1078 4633 1119 4675 a
1181 4612 1396 4697 longe.
1487 4612 1580 4676 Et
1630 4632 1809 4695 pono
1868 4613 2253 4696 exemplum
2310 4614 2377 4677 in
2430 4633 2580 4677 aere
2631 4633 2958 4697 vaporoso
3010 4623 3079 4675 et
