3542 5359
391 600 452 661 430
656 583 993 643 MULTJPLICATIO
1017 580 1272 642 spucreuurr.

393 747 515 831 prietas
531 747 707 823 materiae;
730 747 909 813 dicendum
932 757 981 810 est
998 747 1090 829 quod
1106 745 1232 830 species
1248 743 1405 809 materiae
1420 743 1548 827 primae

393 872 459 915 non
477 861 653 916 renovatur
668 854 727 917 sed
743 851 926 935 specificae,
941 861 974 915 et
991 850 1078 914 illius
1093 850 1312 934 proprietates
1328 861 1547 927 renovantur3

393 957 451 1020 sed
475 957 539 1021 hae
561 976 627 1020 non
650 966 727 1020 sunt
749 957 963 1039 corporeitas,
984 965 1018 1019 et
1040 954 1156 1039 figura,
1180 964 1213 1019 et
1238 954 1430 1038 hujusmodi
1454 974 1547 1019 com·

393 1062 515 1136 munia,
542 1081 645 1144 quum
667 1063 734 1125 sint
763 1061 985 1144 proprietates
1015 1060 1174 1124 materiae
1200 1060 1335 1141 primae.
1382 1058 1418 1123 Si
1446 1059 1549 1143 igitur

393 1165 457 1228 ista
483 1165 648 1229 sensibilia
672 1166 858 1230 communia
883 1184 951 1228 non
975 1161 1099 1228 saciant
1129 1165 1263 1248 species,
1291 1163 1397 1227 multo
1428 1161 1546 1227 lortius

393 1289 454 1332 nec
471 1269 556 1334 aliae
578 1291 631 1334 res
650 1269 965 1354 praedicamentales
986 1278 1019 1332 et
1040 1267 1237 1350 corporales,
1253 1277 1290 1332 ut
1308 1269 1402 1342 ratio,
1418 1267 1546 1346 relatio,

392 1375 485 1448 situs,
500 1377 637 1458 quando
660 1385 695 1439 et
716 1373 916 1455 hujusmodi.
956 1372 1133 1437 Sensibilia
1155 1382 1267 1436 autern
1290 1393 1349 1454 per
1367 1372 1543 1436 accidens¹

392 1479 546 1543 dicuntur
571 1489 722 1562 respectu
753 1499 909 1542 sensuum
936 1478 1183 1562 particularium
1209 1488 1243 1542 et
1270 1478 1463 1556 communis,
1487 1478 1545 1561 qui

392 1584 626 1648 autonomatici
654 1593 816 1647 vocantur
837 1604 961 1660 sensus,
984 1582 1042 1646 sed
1065 1591 1176 1645 tamen
1203 1581 1308 1646 multa
1328 1602 1442 1645 eorum
1465 1593 1545 1646 sunt

390 1687 556 1750 sensibilia
577 1708 635 1770 per
653 1708 689 1750 se
708 1689 752 1752 ab
773 1687 991 1765 aestimativa,
1007 1697 1044 1751 ut
1065 1687 1154 1770 prius
1177 1687 1304 1751 dictum
1326 1696 1378 1750 est
1401 1686 1444 1750 de
1463 1687 1545 1750 sub·

390 1791 530 1856 stantiis.
577 1790 644 1856 Sed
668 1792 835 1856 sensibilia
857 1812 918 1874 per
937 1791 1099 1866 accidens,
1114 1791 1180 1854 alia
1199 1811 1220 1852 a
1239 1790 1441 1865 substantiis,
1456 1790 1545 1854 sicut

390 1894 477 1959 filius
492 1905 527 1960 et
543 1905 647 1977 pater,
660 1904 694 1959 et
709 1906 857 1961 caeterae
874 1917 926 1960 res
937 1895 1254 1979 praedicamentales
1269 1916 1290 1958 a
1304 1896 1498 1959 substantiis
1509 1907 1545 1959 et

390 1999 601 2064 sensibilibus
610 2001 752 2084 propriis
764 2010 798 2065 et
808 2001 1040 2065 communibus
1056 2021 1121 2065 non
1136 2009 1213 2064 sunt
1228 2001 1335 2064 activa
1349 2000 1544 2082 specierum,

390 2115 570 2187 postquam
591 2104 757 2169 sensibilia
779 2124 840 2187 per
858 2126 894 2170 se
916 2104 1021 2169 multa
1044 2125 1109 2168 non
1126 2115 1266 2187 possunt
1282 2103 1387 2168 iacere
1407 2104 1545 2187 species,

391 2228 467 2272 cum
506 2219 619 2274 tamen
649 2209 715 2272 sint
744 2210 851 2293 magis
889 2209 998 2274 activa
1034 2229 1136 2292 quam
1168 2209 1248 2274 talia
1285 2209 1454 2274 sensibilia
1483 2228 1546 2292 per

390 2312 551 2379 accidens.

221 2440 243 2484 s.
263 2439 313 2487 Are
434 2417 515 2483 Post
541 2418 622 2484 haec
646 2429 759 2484 autern
783 2416 926 2484 octavo²
948 2419 1087 2503 expedit
1113 2418 1313 2484 considerari
1339 2416 1432 2500 quod
1457 2417 1543 2482 sicut

220 2505 315 2632 ἓξὲξ,
388 2542 497 2588 rerum
526 2524 691 2606 quaedam
727 2532 804 2588 sunt
835 2523 1044 2602 universales,
1074 2524 1239 2606 quaedam
1272 2522 1465 2607 singulares,
1495 2523 1544 2586 sic

220 2637 284 2712 rrqm
389 2627 516 2709 species
532 2626 615 2691 fiunt
631 2628 674 2690 ab
689 2628 741 2692 his
756 2638 789 2691 et
805 2627 877 2692 illis.
926 2629 971 2692 Et
994 2629 1071 2691 ideo
1093 2629 1177 2692 sicut
1197 2627 1323 2711 species
1338 2627 1543 2711 singularum

219 2701 370 2753 umversalsr
389 2740 466 2794 sunt
477 2730 668 2814 singulares,
678 2733 725 2796 sic
737 2732 969 2797 universalium
981 2732 1189 2796 universales.
1214 2732 1345 2795 Etcum
1356 2731 1544 2794 universale

389 2836 510 2899 nonsit
527 2836 587 2899 nisi
604 2836 637 2899 in
648 2836 878 2919 singularibus,
890 2837 975 2901 sicut
988 2846 1157 2900 ostensum
1169 2844 1219 2900 est
1234 2835 1265 2899 in
1278 2833 1544 2918 Metaphysicis³

389 2949 524 3022 propter
546 2943 776 3006 contentiones
802 2941 993 3018 multorum,
1016 2961 1077 3006 nec
1100 2950 1212 3024 potest
1239 2940 1405 3022 singulare
1431 2959 1544 3003 carere

388 3065 449 3107 suo
472 3044 655 3122 universali,
680 3047 741 3110 erit
768 3047 941 3129 proportio
964 3045 1084 3128 speciei
1112 3045 1303 3110 universalis
1329 3045 1372 3109 ad
1397 3045 1542 3127 speciem

389 3148 601 3231 singularem,
616 3151 701 3214 sicut
724 3152 771 3214 rei
796 3148 987 3215 universalis
1010 3152 1053 3214 ad
1076 3170 1146 3214 rem
1168 3149 1382 3232 singularem,
1401 3169 1542 3231 quarum

389 3262 467 3316 sunt
492 3252 556 3317 hae
579 3255 714 3337 species.
761 3255 807 3319 Et
832 3255 909 3319 ideo
935 3273 1010 3318 cum
1043 3253 1223 3337 singularia
1250 3253 1391 3318 hominis
1417 3252 1542 3318 iaciunt

390 3376 466 3419 suas
495 3359 620 3441 species
647 3360 679 3421 in
708 3360 817 3423 medio
843 3367 878 3421 et
909 3358 942 3421 in
972 3379 1070 3423 sensu
1101 3370 1134 3424 et
1161 3357 1341 3436 intellectu,
1364 3359 1411 3423 sic
1438 3358 1542 3422 homo

390 3460 580 3524 universalis
594 3463 692 3526 simul
705 3462 783 3527 facit
798 3483 894 3526 suam
907 3463 1050 3546 speciem
1064 3464 1097 3526 in
1110 3462 1282 3546 speciebus
1297 3461 1520 3545 singularibus
1533 3485 1540 3539 ;

389 3565 435 3628 ita
458 3566 549 3646 quod
573 3566 656 3630 sicut
679 3566 781 3630 homo
808 3567 1000 3631 universalis
1023 3578 1074 3631 est
1097 3588 1162 3632 una
1192 3579 1309 3631 natura
1330 3565 1483 3651 specifica
1506 3568 1540 3629 in

387 3669 538 3754 quolibet
555 3671 712 3752 singulari
733 3681 805 3734 tota
825 3681 859 3735 et
879 3672 1036 3749 totaliter,
1056 3672 1103 3737 sic
1129 3673 1254 3754 species
1276 3672 1465 3736 universalis
1488 3685 1541 3736 est

388 3796 453 3839 una
483 3785 600 3839 natura
628 3775 782 3859 specifica
811 3796 872 3839 suo
907 3777 1007 3841 modo
1038 3786 1072 3840 et
1102 3785 1174 3840 tota
1204 3787 1238 3839 et
1264 3776 1422 3853 totaliter,
1445 3787 1479 3840 et
1508 3778 1541 3840 in

387 3879 535 3961 qualibet
559 3880 670 3962 specie
695 3879 860 3961 singulari,
886 3900 946 3942 nec
973 3880 1188 3944 econtrario.
1234 3879 1280 3943 Et
1311 3891 1449 3964 propter
1477 3880 1541 3946 hoc

386 3985 523 4048 iteratur
544 3985 577 4056 in
602 3984 724 4063 medio,
747 3994 780 4048 et
803 4005 908 4060 sensu,
932 3994 965 4046 et
989 3985 1157 4048 intellectu
1184 3985 1309 4067 species
1337 3985 1542 4062 universalis,

385 4090 522 4170 quando
543 4089 633 4153 venit
656 4110 733 4152 cum
759 4089 869 4171 specie
894 4088 1069 4170 cujuslibet
1096 4089 1278 4170 singularis,
1302 4099 1336 4152 et
1356 4091 1403 4152 sic
1427 4088 1542 4174 ligitur

385 4193 419 4256 in
442 4193 553 4256 anima
570 4203 603 4258 et
626 4193 742 4257 lortius
761 4212 862 4274 quam
882 4193 1009 4273 species
1027 4192 1165 4274 alicujus
1184 4193 1366 4276 singularis.
1413 4193 1460 4258 Et
1476 4195 1541 4257 hoc

386 4297 583 4361 determinat
600 4297 753 4361 Alhazen
769 4297 939 4361 evidenter
954 4298 987 4360 in
1004 4297 1089 4361 libro
1104 4300 1260 4363 secundo

420 4414 428 4443 ¹
445 4415 486 4465 Cf.
496 4417 656 4479 Pmpmiva,
669 4432 712 4479 pp.
727 4431 814 4477 74-75.
1177 4416 1187 4444 ¹
1203 4425 1294 4466 octavo
1307 4419 1417 4468 omitted
1428 4419 1455 4466 in
1469 4420 1503 4468 Ο.

419 4494 429 4522 '
447 4494 525 4543 Some
537 4496 651 4543 remarks
665 4511 699 4543 on
712 4495 823 4543 Batou's
837 4496 945 4544 attitude
960 4497 985 4544 in
998 4497 1042 4544 the
1054 4504 1223 4558 controversy
1234 4511 1262 4545 as
1276 4502 1303 4544 to
1320 4497 1475 4548 Universals
1487 4500 1542 4547 will

386 4571 418 4619 be
434 4571 513 4621 found
531 4573 557 4620 in
572 4572 617 4621 the
633 4573 827 4630 Introduction;
849 4575 900 4622 aud
919 4574 1034 4623 Chnrles'
1046 4577 1216 4637 monogrupb,
1229 4591 1271 4638 pp.
1282 4576 1405 4636 383-384,
1418 4579 1541 4626 contains

386 4654 526 4714 important
537 4655 684 4715 quotations
695 4657 760 4703 from
773 4657 818 4704 the
831 4655 960 4705 Mazarine
973 4657 1028 4708 MS,
1041 4659 1147 4720 bearing
1159 4673 1192 4706 on
1205 4660 1249 4707 the
1261 4659 1367 4720 subject.
