3542 5359
368 618 425 682 132
584 605 740 664 opums
763 604 951 676 MAJORIS
974 602 1089 662 PARS
1115 602 1286 676 QUINTA.

365 765 410 832 ab
427 767 556 850 angulis
579 769 768 834 constitutis
783 788 859 832 cum
878 765 1014 850 speculo
1034 765 1143 849 plano,
1160 776 1256 830 erunt
1271 765 1391 830 residui
1406 765 1517 850 anguli

365 871 489 938 scilicet
499 872 531 956 f
546 883 580 938 et
595 894 625 957 g
643 873 807 956 aequales,
824 874 914 956 quod
939 872 1150 935 intendimus.
1196 870 1328 934 Eodem
1351 872 1452 934 modo
1475 871 1518 935 de

555 1121 806 1634 illi,
979 1041 1416 1702 ᾸᾸ

470 1635 495 1699 d
665 1635 686 1699 Ιι
865 1641 882 1682 ⁰
1327 1661 1345 1703 o

630 1748 690 1797 Frc.
703 1761 742 1810 51.
1135 1747 1197 1795 Flo.
1209 1759 1249 1808 5²·

367 1903 521 1948 convexo
546 1881 689 1966 speculo.
736 1882 824 1945 Nam
850 1904 872 1945 a
901 1882 919 1945 b
945 1902 1020 1946 cum
1047 1882 1182 1965 speculo
1212 1882 1312 1963 plano
1336 1903 1366 1964 g
1385 1883 1417 1964 f
1440 1881 1519 1946 facit

366 1988 505 2070 angulos
521 1987 684 2070 aequales.
731 1988 821 2069 Ergo
837 1988 863 2051 si
880 1987 927 2051 eis
947 1988 1113 2050 addantur
1134 1985 1246 2068 anguli
1266 1987 1519 2069 contingentiae,

366 2093 422 2173 qui
446 2101 523 2156 sunt
546 2112 676 2173 semper
697 2089 862 2173 aequales,
879 2091 960 2156 fient
975 2112 997 2153 a
1011 2089 1034 2153 Ιι
1048 2091 1075 2154 d
1087 2100 1121 2155 et
1142 2091 1160 2154 b
1174 2089 1197 2153 a
1211 2112 1229 2154 c
1248 2089 1410 2173 aequales,
1426 2092 1518 2172 quod

365 2205 416 2259 est
433 2196 645 2278 propositum.
692 2194 747 2260 Sic
771 2195 809 2258 fit
827 2196 1067 2260 demonstratio
1089 2195 1122 2257 in
1145 2195 1228 2259 libro
1246 2195 1289 2258 de
1310 2193 1470 2277 Speculis,
1486 2204 1519 2259 et

358 2302 398 2384 ¹in
413 2301 499 2366 libro
515 2299 656 2364 Alkindi
673 2301 714 2363 de
733 2299 946 2389 Aspectibus.

791 2667 1018 2734 cariturum
1044 2669 1089 2732 11.

198 2875 327 2927 Renexion
412 2853 543 2918 Deinde
577 2855 854 2920 considerandum
889 2865 940 2920 est
970 2856 1145 2938 diligenter
1173 2854 1263 2936 quod
1294 2854 1375 2918 nihil
1405 2865 1456 2919 est
1486 2855 1518 2918 in

196 2942 318 3056 ξὲοέἓξξζ
367 2956 501 3042 speculo
517 2979 576 3023 nec
592 2959 717 3042 aliquid
733 2961 765 3024 in
781 2982 821 3024 eo
837 2961 978 3032 videtur,
996 2970 1033 3024 ut
1047 2959 1166 3041 vulgus
1181 2959 1344 3023 aestimat.
1384 2959 1450 3023 Sed
1469 2981 1519 3022 res

198 3088 230 3148 on
243 3073 285 3123 the
368 3062 500 3144 objecta
522 3083 626 3145 aqua
641 3064 732 3128 venit
754 3066 880 3148 species
895 3065 1035 3142 videtur,
1049 3065 1134 3127 sicut
1156 3064 1269 3127 multis
1292 3065 1399 3126 modis
1422 3065 1520 3127 docet

197 3153 308 3267 sslffiy
370 3165 520 3230 Alhazen
536 3167 570 3230 in
585 3177 703 3249 quarto
715 3168 809 3232 libro.
846 3169 934 3231 Nam
950 3169 1035 3232 sicut
1047 3167 1208 3232 terminus
1218 3167 1324 3232 lineae
1338 3178 1520 3244 rectaeoa,

195 3268 261 3318 ‘10111
273 3267 354 3345 opjeet
602 3272 736 3354 quando
756 3272 794 3336 fit
818 3273 907 3336 visus
929 3293 990 3355 per
1010 3293 1094 3347 eam,
1117 3282 1168 3336 est
1188 3271 1296 3353 ipsum
1320 3271 1457 3347 visibile,
1472 3272 1519 3335 sic

195 3341 346 3449 issffirigus
603 3384 735 3456 oportet
745 3377 835 3457 quod
849 3376 1007 3440 terminus
1020 3376 1125 3440 lineae
1136 3373 1279 3438 reflexae
1290 3376 1415 3438 scilicet
1427 3375 1518 3451 oda,

197 3464 294 3579 pqquh
603 3481 665 3542 erit
681 3501 711 3542 a.
752 3479 924 3544 Praeterea
939 3481 1065 3563 species
1080 3499 1147 3544 non
1159 3479 1288 3542 videtur
1303 3480 1365 3543 nisi
1381 3480 1415 3542 in
1431 3500 1518 3554 casu,

258 3566 264 3579 ⁹
603 3594 637 3646 et
654 3603 712 3664 per
726 3585 886 3662 accidens
903 3593 939 3646 ut
956 3584 1105 3666 superius
1117 3585 1309 3666 expositum
1326 3591 1385 3646 est.
1432 3583 1519 3646 Item

603 3695 682 3750 tunc
705 3697 792 3752 esset
810 3688 852 3751 de
871 3689 982 3772 specie
1001 3689 1086 3752 sicut
1100 3696 1188 3751 esset
1204 3688 1246 3750 de
1265 3688 1393 3750 macula
1408 3688 1519 3769 aliqua

604 3791 763 3874 impressa
787 3793 819 3855 in
842 3792 978 3874 speculo
1000 3792 1053 3856 vel
1076 3792 1119 3854 de
1141 3801 1235 3872 parte
1257 3790 1381 3872 speculi
1407 3792 1520 3874 aliqua

602 3895 741 3976 signata,
772 3897 805 3959 in
838 3917 905 3978 qua
934 3895 1177 3978 imprimeretur
1205 3895 1340 3977 species,
1363 3895 1422 3960 sed
1452 3915 1519 3958 non

369 4039 392 4078 α,
602 4009 736 4080 oportet
773 4002 864 4082 quod
898 3999 1021 4064 habeat
1056 3999 1157 4064 situm
1192 3999 1459 4075 determinatum,
1482 4009 1519 4064 ut

601 4103 712 4167 videat
722 4104 885 4168 maculam
894 4105 927 4168 in
937 4103 1081 4186 speculo,
1090 4104 1142 4167 vel
1151 4103 1295 4186 aliquam
1307 4114 1436 4187 partem
1447 4103 1519 4185 ejus

602 4207 766 4291 signatam
783 4231 790 4286 ;
813 4228 893 4292 ergo
912 4227 972 4271 nec
988 4208 1021 4270 in
1036 4209 1108 4271 visu
1124 4206 1212 4272 facto
1228 4228 1287 4291 per
1304 4206 1519 4272 reflexionem

601 4313 747 4394 exigitur
757 4313 996 4378 determinatus
1007 4312 1091 4376 oculi
1103 4312 1205 4388 situs3
1224 4311 1444 4393 quodfalsum
1457 4322 1519 4375 est.

550 3739 574 3804 d

415 4263 477 4314 Flo.
488 4277 529 4327 53.

367 4412 455 4476 Nam
469 4412 531 4476 nisi
541 4415 655 4478 oculus
665 4415 708 4478 sit
717 4417 750 4479 in
762 4439 789 4493 0,
799 4437 865 4479 non
874 4416 1000 4479 videbit
1008 4415 1132 4498 aliquid
1144 4436 1204 4498 per
1214 4415 1428 4480 reflexionem
1438 4417 1518 4480 ado.

366 4516 403 4582 Si
419 4517 506 4580 enim
529 4528 615 4582 esset
636 4519 715 4582 alibi
733 4520 860 4602 species
882 4519 964 4584 haec
987 4519 1121 4598 reflexa,
1137 4540 1204 4583 non
1222 4520 1351 4583 veniret
1368 4521 1412 4583 ad
1431 4540 1517 4593 eum,

365 4629 501 4703 propter
529 4621 764 4704 aequalitatem
793 4623 991 4707 angulorum
1022 4623 1221 4689 incidentiae
1255 4634 1288 4689 et
1318 4623 1518 4688 reflexionis.
