3542 5359
345 605 403 668 140
562 591 719 650 OPERIS
743 590 932 660 MAJORIS
955 591 1070 650 PARS
1096 591 1266 665 QUINTA.

173 759 307 837 andprox·
343 754 569 837 propositione
584 755 627 816 de
642 752 784 836 speculis
796 752 816 816 ¹.
852 753 1092 818 Visibileenim
1108 755 1494 838 edcaditinspeculurn

174 832 283 940 ζῗζὶζζξ
343 879 402 941 per
422 859 532 923 radios
555 868 786 922 concurrentes
807 858 840 920 in
857 877 884 932 z,
900 858 976 921 licet
999 859 1088 922 enirn
1111 859 1155 923 ab
1177 860 1268 923 omni
1290 869 1414 943 puncto
1437 860 1496 924 fiat

174 958 282 1006 minois.
343 961 493 1040 reflexi0,
515 972 628 1026 tamen
651 962 712 1046 soli
735 981 771 1025 se
793 962 1026 1025 intersecantes
1048 973 1246 1027 concurrunt
1268 985 1288 1027 a
1310 973 1405 1029 tanta
1427 966 1497 1028 dis·

343 1067 450 1132 tantia
471 1067 503 1130 in
526 1066 629 1130 oculo.
673 1065 813 1130 Visibile
836 1065 924 1128 enim
945 1064 1011 1144 kn,
1033 1068 1124 1150 quod
1147 1077 1197 1131 est
1219 1067 1306 1133 intra
1331 1070 1496 1132 radiorum

344 1171 585 1248 confluentiam,
615 1179 753 1254 apparet
790 1169 886 1233 aliter
923 1190 1023 1251 quam
1053 1184 1126 1250 est;
1164 1173 1243 1254 quia
1271 1173 1498 1237 universaliter

1104 1275 1247 1339 altitudo
1270 1286 1303 1342 et
1326 1276 1496 1358 profundi-

1105 1389 1166 1456 taS,
1192 1390 1381 1462 quaesunt
1411 1382 1498 1445 intra

1106 1484 1272 1548 radiorum
1327 1485 1496 1549 confluen-

1103 1590 1197 1667 tiam,
1221 1599 1382 1670 apparent
1407 1611 1497 1653 ever·

1104 1711 1179 1768 sae3
1209 1712 1295 1774 quae
1310 1705 1419 1757 autem
1437 1715 1497 1757 ex-

1104 1805 1164 1871 tra,
1188 1806 1347 1879 apparent
1369 1807 1498 1862 erectae

1105 1901 1189 1962 sicut
1201 1910 1286 1977 sunt,
1297 1910 1333 1963 ut
1346 1901 1427 1965 dicit
1442 1900 1498 1964 illa

1105 2004 1299 2087 propositio.
1398 2004 1498 2087 Quod

1105 2116 1207 2190 patet,
1217 2109 1296 2192 quia
1311 2108 1422 2172 radius
1437 2108 1455 2171 b
1467 2133 1498 2184 o,

1104 2213 1160 2295 qui
1183 2223 1234 2276 est
1260 2212 1427 2290 elevatior,
1450 2234 1499 2276 re-

1105 2316 1247 2380 flectitur
1278 2318 1321 2380 ad
1352 2338 1378 2393 e,
1408 2318 1498 2400 quod

1105 2431 1155 2486 est
1170 2421 1319 2502 superius
1335 2421 1368 2483 in
1381 2442 1415 2484 re
1426 2421 1498 2484 visa

1104 2535 1138 2588 et
1163 2527 1313 2608 superius
1339 2545 1416 2588 cum
1444 2544 1498 2587 ca-

1104 2628 1199 2694 theto
1227 2629 1400 2706 concurrit,
1421 2629 1499 2712 quia

1106 2734 1138 2796 in
1168 2735 1189 2812 l,
1216 2744 1249 2798 et
1280 2733 1337 2814 bg,
1361 2735 1418 2815 qui
1448 2743 1499 2796 est

1105 2836 1237 2902 inferior
1252 2839 1370 2910 radius,
1387 2836 1498 2900 reflec-

1105 2944 1185 3005 titur
1214 2944 1257 3005 ad
1286 2941 1313 3004 d
1339 2953 1497 3023 punctum

1105 3047 1138 3109 in
1164 3047 1286 3109 visibili
1309 3046 1370 3124 ed,
1394 3056 1427 3108 et
1450 3048 1498 3110 in-

1104 3151 1202 3214 ferius
1228 3152 1392 3215 concurrit
1423 3169 1499 3212 cum

1104 3253 1240 3320 catheto
1256 3263 1293 3318 ut
1309 3255 1342 3317 in
1358 3276 1400 3331 m,
1411 3255 1500 3318 unde

1104 3369 1244 3441 apparet
1265 3379 1316 3422 res
1336 3360 1422 3422 sicut
1439 3370 1500 3422 est.

1106 3461 1174 3527 Sed
1184 3462 1234 3545 bg
1244 3464 1355 3526 radius
1367 3463 1501 3527 inferior

1106 3565 1282 3632 reflectitur
1294 3588 1400 3651 usque
1411 3570 1455 3632 ad
1466 3567 1498 3644 k,

1104 3673 1194 3756 quod
1217 3683 1268 3736 est
1292 3672 1442 3755 superius
1466 3674 1499 3735 in

1104 3777 1223 3841 visibili
1254 3777 1277 3840 k
1307 3797 1338 3852 n,
1368 3786 1401 3839 et
1431 3776 1450 3839 b
1479 3797 1502 3839 a

347 3889 457 3952 radius
472 3888 514 3950 ad
532 3908 563 3964 n,
577 3889 664 3952 unde
679 3887 862 3951 necessario
877 3886 900 3951 k
915 3897 1051 3972 apparet
1063 3885 1134 3966 inf,
1149 3895 1183 3948 et
1199 3905 1221 3946 n
1234 3884 1267 3947 in
1277 3881 1327 3961 c²‚
1339 3891 1372 3944 et
1387 3882 1434 3944 ita
1449 3902 1502 3945 res

348 4013 471 4057 eversa.
514 3991 559 4055 Et
575 3993 676 4055 currit
691 3992 773 4055 haec
789 3993 1032 4056 demonstratio
1045 3993 1144 4076 juxta
1163 3990 1226 4052 hoc
1242 3988 1385 4070 primum
1404 3985 1501 4068 primi

653 3752 674 3800 F
677 3763 715 3802 lo.
730 3750 768 3816 56.

380 4153 387 4183 ¹
406 4153 462 4202 The
475 4153 634 4214 proposition
645 4152 790 4202 illustrated
800 4154 863 4202 here
873 4152 896 4202 is
905 4155 1039 4204 discussed
1047 4156 1074 4202 in
1085 4153 1222 4216 Caiopin'co
1230 4149 1371 4200 attributed
1382 4149 1499 4213 (though,

347 4233 487 4292 according
504 4239 532 4281 to
550 4232 674 4294 Helberg,
688 4233 817 4294 wrongly)
835 4239 863 4280 to
881 4232 971 4282 Euclid
989 4234 1075 4296 (prop.
1087 4233 1114 4280 xi
1131 4232 1183 4280 and
1200 4231 1256 4290 xii).
1291 4229 1344 4278 See
1362 4228 1502 4292 Heiberg's

351 4311 539 4370 Prolegomena
556 4317 583 4358 to
601 4310 714 4359 Euclid's
733 4311 827 4374 Optr'ca,
840 4325 865 4371 p.
879 4312 939 4360 xlix„
975 4313 1013 4362 Cs.
1026 4310 1143 4360 Vitello's
1161 4309 1247 4371 Optr'ca
1265 4306 1328 4371 (viii.
1340 4322 1372 4368 52
1384 4309 1436 4356 and
1448 4309 1499 4368 53).

351 4389 463 4438 Bacon's
475 4388 597 4438 criticism
610 4388 639 4436 ol
647 4389 691 4436 the
703 4397 756 4438 two
769 4389 865 4451 figures
878 4392 954 4453 given
973 4390 999 4438 in
1012 4392 1057 4439 the
1070 4389 1205 4452 Caioptn'ca
1218 4388 1240 4434 is
1249 4388 1310 4447 just.
1346 4385 1376 4434 In
1387 4386 1428 4435 his
1441 4402 1501 4435 own

349 4467 431 4528 figure
446 4467 491 4514 the
505 4466 573 4514 lines
584 4467 614 4514 el
623 4468 675 4515 and
687 4467 738 4515 dm
751 4469 858 4532 passing
872 4470 985 4531 through
998 4470 1042 4519 the
1061 4476 1151 4518 centre
1158 4475 1179 4532 p
1188 4481 1233 4516 are
1245 4465 1275 4515 of
1286 4480 1379 4515 course
1394 4466 1500 4516 vertical

350 4554 377 4593 to
389 4546 434 4592 the
446 4544 544 4592 mirror.

382 4619 633 4683 ’Reghasninn
666 4623 804 4684 J.hasnc.
