3542 5359
352 604 414 664 206
594 604 750 663 OPERIS
774 603 964 673 MAJORIS
989 603 1105 661 PARS
1129 601 1279 663 SEXTA.

352 770 532 833 secundum
571 767 825 852 possibilitatem
864 766 1031 852 regiminis
1068 765 1268 831 sufficientis.
1329 764 1397 830 Sed
1433 765 1511 848 quia

352 873 556 956 impossibile
572 873 727 955 estquod
744 873 807 937 hoc
823 874 970 957 regimen
986 880 1134 936 servetur
1155 872 1200 935 ah
1218 871 1339 953 aliquo,
1355 880 1389 933 et
1411 871 1509 953 pauci

352 977 458 1041 immo
473 979 575 1042 etiam
592 978 686 1060 quasi
701 976 809 1040 nullus
821 998 841 1041 a
853 976 1031 1058 juventute
1045 985 1137 1039 curat
1153 976 1196 1039 de
1211 974 1276 1038 hoc
1291 973 1459 1057 regimine,
1475 984 1509 1037 et

351 1082 540 1165 paucissimi
564 1101 658 1145 senes
682 1089 814 1144 servant
838 1081 903 1144 hoc
932 1078 1080 1162 regimen
1108 1087 1145 1142 ut
1167 1077 1326 1162 possibile
1347 1088 1409 1155 est,
1432 1078 1509 1141 ideo

351 1196 485 1268 oportet
499 1186 591 1269 quod
605 1185 738 1250 veniant
753 1184 938 1249 accidentia
952 1183 1131 1248 senectutis
1147 1192 1225 1247 ante
1245 1191 1449 1246 senectutem
1474 1191 1508 1245 et

352 1289 489 1368 senium,
504 1289 630 1353 scilicet
647 1290 679 1352 in
694 1299 847 1370 tempore
861 1289 1072 1362 consistendi,
1088 1308 1175 1370 quae
1190 1297 1241 1350 est
1256 1295 1349 1349 aetas
1365 1284 1507 1368 pulchri-

351 1393 476 1457 tudinis
492 1402 526 1457 et
542 1391 741 1456 fortitudinis
755 1391 931 1472 humanae,
942 1412 1029 1475 quae
1044 1393 1095 1457 his
1110 1390 1318 1475 temporibus
1333 1411 1399 1454 non
1410 1391 1508 1455 durat

352 1497 439 1561 ultra
453 1498 675 1581 quadraginta
691 1497 838 1579 quinque
854 1496 906 1559 vel
922 1497 1166 1579 quinquaginta
1180 1515 1296 1559 annos.

185 1607 327 1686 Fartureof
397 1602 443 1666 Et
466 1601 547 1668 haec
565 1603 677 1665 omnia
695 1602 878 1666 accidentia
901 1601 1080 1665 senectutis
1102 1610 1136 1664 et
1159 1600 1240 1662 senii
1263 1607 1341 1663 sunt
1363 1599 1507 1677 canities,

185 1673 339 1806 ffifflnzn
352 1705 529 1789 palliditas,
551 1706 636 1769 cutis
661 1707 859 1788 corrugatio,
882 1704 1062 1769 multitudo
1092 1704 1310 1787 mucilaginiS,
1332 1712 1509 1767 excreatus

184 1805 300 1855 wicbold
353 1810 515 1893 putridus,
532 1809 697 1891 lippitudo
712 1809 892 1887 oculorum,
909 1816 943 1872 et
966 1809 1159 1873 universalis
1181 1807 1284 1872 laesio
1305 1827 1506 1890 organorum

184 1887 239 1935 Ψ
352 1913 565 1990 sensibilium,
581 1913 758 1977 diminutio
780 1912 950 1996 sanguinis
970 1922 1004 1976 et
1024 1914 1209 1996 spirituum,
1225 1911 1380 1976 debilitas
1396 1921 1507 1974 motus

353 2029 387 2083 et
409 2017 572 2081 anhelitus
598 2027 632 2081 et
658 2017 762 2081 totius
790 2018 945 2100 corporis,
967 2015 1117 2081 defectus
1139 2016 1259 2080 virium
1283 2016 1412 2080 animae
1437 2025 1506 2079 tam

351 2123 545 2186 animalium
568 2141 669 2204 quam
691 2119 899 2195 naturalium,
921 2121 1146 2200 insomnietas
1169 2121 1226 2196 ira,
1248 2130 1282 2185 et
1312 2120 1508 2202 inquietatio

352 2227 463 2304 animi,
485 2237 519 2291 et
542 2227 676 2303 oblivio,
698 2226 741 2289 de
764 2245 830 2307 qua
853 2225 934 2289 dicit
958 2225 1075 2308 Haly¹
1098 2225 1226 2310 regalis,
1242 2225 1332 2307 quod
1355 2234 1507 2289 senectus

353 2342 404 2395 est
428 2333 547 2395 domus
572 2330 765 2394 oblivionis:
795 2338 829 2394 et
856 2329 960 2404 Plato,
987 2330 1077 2411 quod
1104 2339 1155 2393 est
1185 2336 1291 2392 mater
1316 2328 1506 2413 lethargiae.

355 2435 400 2498 Et
417 2445 552 2516 propter
567 2433 734 2498 defectum
751 2434 919 2517 regiminis
934 2433 1088 2497 sanitatis
1102 2432 1183 2497 haec
1199 2433 1381 2497 accidentia
1397 2433 1506 2496 omnia

352 2549 385 2602 et
401 2538 495 2621 plura
511 2537 576 2602 alia
593 2537 729 2601 veniunt
744 2537 934 2601 hominibus
956 2538 990 2600 in
1008 2546 1135 2601 aestate
1157 2537 1366 2611 consistendi,
1382 2537 1507 2601 scilicet

353 2642 535 2706 secundum
553 2642 660 2725 majus
674 2650 708 2705 et
724 2641 853 2706 minus:
877 2654 911 2706 et
926 2641 1107 2705 secundum
1123 2643 1213 2723 quod
1230 2641 1346 2704 melius
1362 2650 1396 2704 et
1410 2640 1507 2722 pejus

354 2767 390 2810 se
426 2746 574 2810 rexerint
605 2745 756 2809 homines
786 2746 819 2808 in
849 2745 1002 2822 sanitate,
1032 2756 1066 2810 et
1096 2746 1278 2810 secundum
1309 2746 1399 2827 quod
1429 2754 1507 2808 sunt

354 2852 499 2915 melioris
521 2860 555 2914 et
578 2849 722 2914 fortioris
745 2849 987 2932 complexionis
1010 2859 1045 2914 et
1067 2850 1248 2915 secundum
1271 2852 1361 2930 quod
1389 2849 1507 2912 melius

353 2955 404 3018 vel
422 2955 516 3039 pejus
531 2966 688 3019 rexerunt
704 2974 739 3018 se
755 2955 787 3016 in
805 2955 961 3019 moribus.
1007 2953 1073 3018 Sed
1090 2975 1141 3019 ars
1162 2953 1346 3018 medicinae
1364 2973 1432 3017 non
1449 2955 1506 3017 dat

353 3060 500 3122 remedia
516 3070 630 3124 contra
646 3060 743 3121 istam
765 3060 1009 3141 corruptionem
1030 3079 1116 3141 quae
1129 3059 1222 3122 venit
1243 3079 1287 3121 ex
1309 3057 1507 3141 impotentia

354 3173 388 3227 et
410 3163 541 3226 defectu
566 3162 742 3245 regiminis,
765 3163 850 3225 sicut
877 3164 985 3227 sciunt
1008 3183 1124 3226 omnes
1147 3162 1267 3226 medici
1293 3163 1326 3224 in
1353 3183 1412 3225 sua
1435 3170 1507 3226 arte

355 3267 495 3348 experti,
522 3286 597 3330 cum
625 3276 736 3330 tamen
763 3266 931 3331 fateantur
957 3266 1142 3330 medicinae
1167 3277 1320 3330 auctores
1343 3268 1431 3348 quod
1456 3285 1506 3328 re·

355 3370 464 3433 media
488 3369 657 3452 possibilia
679 3380 766 3448 sunt,
782 3370 839 3434 sed
864 3391 930 3434 non
954 3372 1082 3434 docent
1130 3370 1225 3434 Haec
1248 3371 1337 3434 enim
1360 3370 1506 3434 remedia

353 3493 485 3554 semper
507 3473 638 3537 fuerunt
661 3473 829 3538 occultata
852 3495 919 3537 non
941 3474 1050 3538 solum
1072 3495 1092 3538 a
1116 3474 1261 3551 medicis,
1280 3474 1338 3538 sed
1362 3495 1383 3538 a
1405 3474 1506 3556 vulgo

354 3577 552 3659 sapientium
580 3577 681 3655 omni,
705 3587 740 3642 et
765 3578 873 3642 solum
898 3578 1111 3642 manifestata
1137 3579 1284 3642 maxime
1306 3579 1401 3654 notis,
1422 3599 1507 3661 quos

386 3695 396 3728 ¹
413 3695 470 3745 The
491 3697 623 3745 reference
642 3697 664 3745 is
684 3705 711 3746 to
731 3698 776 3746 the
793 3698 868 3746 worlr
888 3698 971 3746 called
988 3697 1082 3746 ‘Liber
1098 3698 1177 3747 totius
1197 3698 1340 3746 medicinae
1359 3697 1507 3748 necessaria

352 3773 490 3824 continens
501 3791 577 3836 quem
588 3774 793 3837 sapientissimus
806 3775 877 3837 Haly
888 3776 957 3824 filius
967 3776 1055 3825 Abbas
1067 3776 1209 3838 discipulus
1215 3776 1357 3824 Abimeker
1364 3776 1410 3824 filii
1420 3776 1506 3837 Moysi

353 3853 399 3901 filii
406 3852 480 3902 Seiar
488 3854 569 3902 edidit
577 3854 685 3916 regique
692 3854 821 3917 inscripsit
831 3856 900 3903 unde
907 3863 934 3904 et
943 3855 1038 3916 regalis
1048 3855 1225 3917 dispositionis
1235 3871 1330 3903 nomen
1340 3855 1505 3916 assumpsit'3

352 3931 492 3980 translated
504 3933 569 3982 from
580 3932 674 3982 Arabic
684 3939 711 3982 at
722 3933 844 3993 Antioch,
856 3949 881 3982 n.
892 3947 917 3981 n.
934 3948 1004 3995 1127,
1018 3934 1054 3995 by
1066 3933 1183 3995 Stephen
1200 3933 1241 3982 his
1259 3932 1373 3995 disciple.
1410 3933 1433 3982 It
1450 3949 1506 3983 was

352 4009 454 4072 printed
466 4018 492 4060 at
504 4011 525 4058 F
526 4010 642 4059 rankfurt
653 4011 679 4058 in
694 4025 764 4072 1523.
798 4010 854 4059 The
866 4026 976 4072 passage
992 4011 1107 4059 referred
1118 4019 1146 4060 to
1160 4011 1182 4060 is
1200 4011 1226 4059 iu
1239 4010 1301 4060 Pam
1314 4011 1404 4072 11,1ib.
1419 4011 1436 4060 i.
1449 4026 1505 4074 cap.

353 4105 393 4152 24,
408 4089 447 4138 De
458 4090 685 4153 ngfminesenum.
719 4089 776 4136 The
787 4091 856 4138 rules
868 4089 909 4138 for
919 4090 980 4147 diet,
993 4091 1120 4150 exereise,
1132 4091 1184 4138 and
1203 4091 1309 4152 general
1326 4099 1506 4152 management

352 4168 382 4216 of
390 4169 478 4217 health
491 4169 564 4217 there
575 4169 652 4230 given
664 4183 709 4217 are
720 4169 865 4231 extremely
876 4169 998 4232 sensihle‚
1011 4169 1063 4216 and
1075 4170 1146 4230 quite
1163 4169 1190 4217 in
1208 4169 1368 4218 accordance
1379 4169 1444 4219 with
1462 4170 1507 4219 the

352 4247 410 4295 best
421 4247 528 4295 modern
540 4247 660 4308 practice.

385 4325 516 4374 Whether
525 4325 577 4373 this
589 4324 661 4386 Haly
674 4325 716 4390 (or
726 4324 781 4380 Ali)
793 4325 816 4374 is
827 4325 948 4374 identical
959 4324 1021 4373 with
1033 4325 1078 4374 the
1090 4324 1162 4386 Haly
1172 4325 1274 4387 spoken
1286 4325 1321 4384 of,
1329 4324 1403 4374 voli.
1415 4341 1439 4387 p.
1449 4327 1506 4388 389,

352 4404 405 4451 and
424 4403 578 4466 elsewhere,
597 4419 627 4452 as
644 4419 660 4452 a
678 4411 865 4452 commentator
883 4418 917 4451 on
935 4403 979 4450 the
997 4403 1164 4467 Cmtilogium
1183 4403 1213 4452 of
1228 4403 1357 4464 Ptolemy,
1377 4405 1443 4452 does
1462 4411 1509 4454 not

352 4497 423 4530 seem
443 4483 555 4537 senaim
578 4483 624 4531 but
643 4483 663 4530 it
682 4483 704 4530 is
724 4482 853 4544 probable.
889 4481 1001 4530 Bacon's
1020 4483 1135 4540 treatise,
1153 4481 1193 4529 De
1211 4481 1367 4530 nordanae
1383 4483 1510 4532 maturo

352 4560 518 4608 accidentibus
531 4560 629 4624 (edited
641 4567 667 4609 at
680 4559 781 4609 Oxford
794 4561 828 4622 by
839 4560 910 4620 John
923 4559 1053 4608 Williams
1065 4561 1091 4608 in
1104 4561 1188 4622 1590),
1201 4561 1233 4620 is,
1243 4577 1273 4610 as
1285 4561 1320 4610 he
1331 4575 1394 4622 says
1409 4560 1515 4610 himself

352 4638 379 4686 in
391 4639 434 4687 the
442 4653 534 4688 course
546 4638 576 4687 of
583 4639 635 4688 this
647 4639 759 4703 treatise,
772 4638 871 4701 largely
883 4637 1007 4688 indchted
1019 4644 1046 4687 to
1059 4637 1153 4701 Haly's
1163 4639 1245 4690 work.
