3542 5359
363 628 424 707 466
626 625 962 685 MULTIPLICATIO
987 625 1240 685 SPECIERUM.
1562 628 1571 669 ἱ

366 793 413 855 ita
434 790 525 873 quod
548 810 613 853 non
636 792 680 854 ad
702 789 812 854 aliam.
860 789 906 853 Et
928 788 1003 852 idco
1026 788 1053 849 si
1080 787 1195 852 oculus
1218 788 1261 851 sit
1288 788 1321 851 in
1344 785 1400 850 illa
1423 796 1522 869 parte

364 895 501 972 videbit,
518 894 546 957 si
569 915 648 957 vero
671 895 704 957 in
727 894 801 972 alia,
821 913 889 956 non
909 892 1036 956 videbit
1048 913 1056 969 ;
1080 892 1168 973 quod
1192 893 1313 956 dicitur
1334 892 1437 955 videri
1461 912 1525 976 per

366 999 589 1064 reflexionem.
636 998 703 1062 Sed
727 998 754 1061 si
780 998 864 1061 visio
891 996 1111 1079 compleretur
1136 1018 1196 1080 per
1221 995 1434 1061 reflexionem
1461 1018 1524 1079 per

367 1104 615 1187 impressionem
638 1103 758 1185 speciei
782 1102 815 1164 in
835 1114 931 1184 parte
951 1102 1172 1165 determinata
1189 1101 1313 1184 speculi
1335 1120 1400 1163 non
1421 1120 1524 1182 opor·

367 1219 451 1272 teret
462 1208 567 1271 visum
578 1228 650 1269 esse
666 1208 699 1270 in
712 1206 785 1268 loco
801 1206 1031 1284 determinato,
1043 1226 1104 1268 nec
1121 1206 1153 1267 in
1167 1203 1307 1269 termino
1324 1204 1524 1281 reflexionis‚

367 1314 523 1396 quoniam
551 1312 739 1393 ubicunque
765 1321 952 1393 poneretur,
979 1311 1162 1373 dummodo
1186 1310 1315 1373 videret
1340 1307 1525 1393 speculum,

367 1418 495 1481 videret
525 1416 615 1480 illam
646 1415 786 1478 sormam
820 1415 1025 1497 impressam,
1055 1414 1139 1479 sicut
1169 1414 1333 1477 maculam
1363 1414 1397 1476 in
1427 1423 1525 1496 parte

368 1521 600 1598 determinata,
623 1530 681 1582 aut
712 1520 795 1583 sicut
822 1520 930 1601 ipsam
956 1518 1082 1601 speculi
1105 1528 1257 1601 partem;
1284 1528 1317 1581 et
1341 1518 1416 1582 ideo
1438 1518 1525 1581 salsa

367 1636 418 1689 est
439 1624 495 1686 illa
514 1624 626 1707 opinio
644 1622 744 1704 vulgi,
761 1624 817 1705 qui
839 1623 991 1687 aestimat
1011 1622 1133 1686 formas
1154 1643 1211 1686 seu
1232 1624 1360 1705 species
1380 1623 1525 1704 imprimi

369 1730 400 1791 in
423 1725 560 1810 speculo
583 1728 626 1789 ad
650 1725 724 1804 hoc,
748 1738 785 1791 ut
808 1727 896 1790 visus
923 1726 1128 1809 compleatur
1148 1747 1207 1810 per
1228 1725 1439 1791 reflexionem
1465 1748 1527 1809 per

370 1832 460 1896 illam
478 1831 630 1894 sormam.

415 1936 461 1999 Et
476 1955 542 1999 non
562 1935 670 1999 solum
685 1937 733 2000 sic
750 1936 936 2005 ostenditur
951 1956 1010 2020 per
1025 1936 1178 1999 eflectum
1195 1935 1405 2019 aequalitatis
1419 1956 1527 2019 angu-

371 2042 477 2104 lorum
504 2040 701 2103 incidentiae
728 2049 761 2103 et
789 2039 987 2117 reflexionis,
1011 2042 1068 2104 sed
1095 2060 1155 2122 per
1180 2039 1282 2103 alium
1309 2037 1464 2104 eflectum
1490 2040 1527 2103 in

370 2143 574 2210 coelestibus.
620 2143 710 2227 Quia
734 2146 821 2207 enirn
847 2145 924 2209 talis
951 2144 1135 2226 aequalitas
1161 2155 1212 2207 est
1235 2145 1424 2223 necessaria,
1448 2145 1527 2208 ideo

371 2249 430 2314 lux
453 2247 587 2313 veniens
610 2269 630 2312 a
654 2248 731 2313 luna
754 2247 943 2313 illuminans
965 2260 1074 2313 totum
1097 2248 1374 2331 hemisphaerium
1397 2247 1528 2313 habita·

371 2353 470 2417 tionis
491 2353 694 2437 impossibile
716 2352 789 2417 est¹
805 2356 896 2435 quod
920 2354 962 2417 sit
985 2354 1045 2416 lux
1068 2354 1148 2417 solis
1172 2353 1332 2417 reflexaa
1354 2352 1529 2436 superficie

370 2456 475 2521 lunae.
522 2456 558 2521 Si
574 2456 660 2520 enim
676 2466 764 2521 esset
782 2457 843 2521 lux
858 2458 938 2521 solis
954 2458 1077 2521 reflexa
1093 2459 1154 2521 iret
1168 2460 1211 2522 ad
1228 2470 1357 2539 partem
1373 2458 1530 2521 determi-

372 2572 485 2625 natam
501 2561 679 2632 horizontis
696 2571 832 2645 propter
853 2562 1089 2645 aequalitatem
1110 2561 1308 2645 angulorum
1329 2561 1530 2626 incidentiae

372 2676 407 2729 et
431 2665 626 2729 reflexionis
675 2665 743 2730 Sed
766 2686 833 2731 non
856 2677 907 2730 est
931 2668 986 2741 ita,
1009 2687 1085 2730 cum
1108 2677 1217 2731 totum
1239 2667 1330 2750 quod
1353 2676 1405 2730 est
1427 2686 1531 2751 supra

372 2770 583 2833 horizontem
611 2770 784 2835 illuminat.
840 2770 908 2836 Sed
939 2773 982 2834 de
1012 2771 1074 2837 hoc
1105 2769 1162 2835 fiet
1192 2792 1301 2835 sermo
1335 2769 1464 2853 plenior
1495 2772 1530 2834 in

372 2874 596 2956 sequentibus.

788 3140 1013 3207 Cnnrrunun
1036 3140 1116 3205 V11.

703 3313 843 3378 Habens
865 3316 949 3379 duas
971 3315 1203 3379 conclusiones

206 3506 361 3579 Divergqnoe
421 3484 467 3550 Et
482 3485 618 3550 ulterius
640 3487 809 3551 sciendum
831 3486 988 3569 estquod
1013 3488 1095 3551 radii
1119 3487 1228 3551 adhuc
1244 3486 1463 3550 diversimode
1481 3506 1532 3550 re·
1621 3530 1631 3541 ·

206 3571 300 3701 {largest
311 3584 337 3618 ¹¹¹
376 3589 551 3654 flectuntur
570 3612 591 3655 a
609 3592 749 3674 speculis
765 3592 911 3656 diversis.
958 3591 1004 3654 Et
1025 3612 1090 3655 una
1111 3590 1268 3655 notabilis
1291 3592 1465 3656 diversitas
1481 3601 1533 3654 est

206 3703 331 3776 minora,
376 3695 448 3773 ista,
463 3695 586 3760 scilicet
601 3716 687 3777 quae
702 3695 834 3777 ponitur
849 3697 882 3759 in
905 3695 990 3759 libro
1013 3695 1229 3779 Speculorum
1246 3694 1533 3768 Comburentium‚

206 3766 364 3882 &alme
377 3811 411 3864 et
423 3808 473 3862 est
489 3800 579 3882 quod
596 3799 706 3865 radius
721 3801 777 3881 qui
792 3802 996 3864 convertitur
1011 3821 1032 3863 a
1046 3798 1182 3883 speculo
1197 3799 1297 3883 plano
1311 3800 1354 3862 ad
1372 3810 1533 3882 punctum

411 3970 420 3999 ¹
437 3970 490 4019 See
501 3970 551 4019 vol.
564 3970 579 4020 i.
592 3986 618 4032 p.
633 3985 688 4031 129,
700 3971 789 4018 where
806 3971 851 4018 the
869 3985 940 4019 same
951 3977 1091 4019 statement
1103 3970 1125 4019 is
1136 3971 1219 4019 made.
1253 3968 1306 4017 Yet
1318 3968 1361 4017 the
1377 3969 1533 4031 description

377 4048 455 4112 given
468 4048 529 4111 (vol.
542 4048 569 4097 ii.
582 4062 626 4110 pp.
641 4052 813 4110 109-113)on
829 4049 874 4097 the
885 4050 981 4111 phrases
993 4048 1023 4098 oi
1038 4050 1082 4097 the
1096 4064 1182 4109 moon,
1199 4048 1289 4096 shows
1306 4047 1362 4095 that
1378 4046 1466 4095 Bncon
1478 4062 1535 4096 was

378 4127 439 4176 well
449 4142 536 4176 aware
544 4126 574 4175 oi
582 4128 627 4176 the
637 4127 807 4189 dependence
815 4127 846 4174 oi
851 4128 896 4175 the
909 4128 1008 4175 moon's
1017 4128 1154 4189 phaseson
1166 4126 1234 4175 solur
1243 4126 1314 4187 light.
1339 4124 1382 4173 He
1391 4126 1446 4173 also
1455 4126 1536 4175 knew

378 4205 506 4269 periectly
516 4205 576 4254 well
585 4205 641 4253 that
653 4206 777 4254 reflexion
789 4205 818 4253 oi
825 4222 859 4253 an
872 4206 955 4265 image
971 4206 1108 4268 depended
1120 4221 1154 4253 on
1165 4205 1328 4253 smoorhness
1339 4203 1421 4252 nithe
1432 4204 1535 4263 minor,

379 4286 424 4334 the
434 4284 499 4347 light
513 4284 604 4345 falling
615 4299 649 4332 on
662 4301 678 4332 a
697 4285 780 4345 rough
797 4284 900 4333 suriace
915 4284 1001 4345 being,
1014 4300 1043 4333 ns
1061 4284 1197 4333 described
1210 4298 1243 4331 on
1256 4298 1281 4344 p.
1299 4296 1353 4344 130,
1364 4282 1465 4331 broken
1483 4282 1536 4331 and

379 4364 499 4413 diffused.
528 4363 580 4411 But
591 4363 611 4411 it
621 4362 708 4422 was,l
726 4363 848 4424 imagine,
860 4362 1007 4424 impossible
1025 4361 1132 4411 sothim
1148 4368 1176 4410 to
1193 4361 1315 4410 conceive
1327 4360 1371 4410 the
1388 4360 1492 4410 suriace
1510 4362 1543 4411 oi

379 4442 425 4490 the
442 4457 518 4491 moon
535 4456 566 4490 or
582 4440 612 4489 os
624 4454 678 4502 any
688 4442 800 4490 celestini
818 4441 888 4502 body
904 4456 933 4489 as
951 4441 1027 4489 other
1044 4441 1104 4489 than
1123 4440 1250 4503 polished.
1285 4440 1484 4503 Consequently
1502 4458 1540 4490 no

380 4522 458 4568 other
467 4520 581 4568 solution
594 4535 649 4568 was
661 4518 707 4568 lest
724 4526 751 4568 to
763 4520 815 4567 him
833 4520 895 4567 than
908 4520 953 4567 the
970 4534 1021 4567 one
1037 4526 1083 4580 put
1099 4519 1211 4567 iorward
1227 4533 1261 4566 on
1273 4518 1326 4567 vol.
1338 4518 1354 4567 i.
1365 4533 1389 4580 p.
1405 4534 1470 4579 129;
1488 4521 1537 4569 viz.

379 4598 436 4647 thet
447 4599 492 4647 the
504 4612 592 4657 moon,
599 4598 651 4647 and
662 4598 706 4647 the
718 4599 793 4646 other
803 4604 878 4658 stars,
890 4597 941 4645 had
954 4596 1040 4645 innate
1053 4612 1084 4646 or
1094 4598 1176 4646 latent
1185 4597 1250 4661 light
1261 4596 1292 4646 ot'
1298 4596 1366 4645 their
1377 4612 1440 4646 own
1450 4599 1541 4649 which

379 4691 436 4725 was
447 4677 529 4726 called
541 4676 596 4725 into
607 4678 714 4739 activity
723 4676 759 4738 by
770 4677 815 4725 the
827 4676 892 4738 light
903 4675 932 4724 oi
941 4677 985 4725 the
997 4692 1055 4726 sun.
