3542 5359
368 579 429 659 258
582 582 739 642 OPERIS
762 581 952 652 MAJORIS
977 580 1093 640 PARS
1116 580 1316 640 SEPTIMA.

370 766 442 810 esse
463 746 495 810 in
517 748 614 811 rebus
632 745 865 830 operabilibus,
880 755 915 811 et
929 747 1111 810 secundum
1132 745 1223 828 quod
1245 743 1320 808 finis
1338 761 1455 808 eorum
1469 748 1522 806 est

370 851 506 915 bonum.
553 850 599 915 Et
625 851 673 915 sic
698 870 832 933 quoque
856 861 934 914 sunt
964 851 1112 926 virtutes,
1136 849 1260 913 scilicet
1289 848 1427 931 quando
1457 845 1522 910 ista

371 956 512 1018 tendunt
527 956 571 1019 ad
587 954 728 1019 salutem
744 957 894 1030 animae;
917 966 952 1019 et
972 954 1036 1020 hoc
1058 965 1108 1018 est
1124 955 1259 1037 quando
1275 953 1423 1016 feruntur
1436 951 1523 1014 circa

371 1057 496 1122 cultum
512 1059 672 1134 divinum,
687 1069 721 1122 et
736 1060 821 1123 circa
839 1059 965 1122 bonum
981 1058 1151 1141 publicum
1169 1059 1255 1121 inter
1273 1057 1369 1131 cives,
1384 1065 1419 1118 et
1437 1055 1524 1118 circa

370 1163 459 1226 vitae
485 1171 520 1226 et
544 1181 674 1227 morum
701 1162 923 1241 honestatem,
944 1173 977 1226 et
1004 1162 1091 1227 circa
1114 1161 1413 1226 considerationem
1435 1158 1524 1222 vitae

371 1276 503 1330 eternae
519 1277 552 1332 et
567 1266 765 1349 hujusmodi.
812 1265 857 1329 Et
874 1265 1060 1330 intellectus
1074 1277 1126 1330 est
1141 1265 1273 1329 habitus
1288 1263 1523 1349 principiorum

372 1371 405 1433 in
422 1370 647 1454 operabilibus
662 1379 696 1434 et
708 1371 845 1436 scientia
860 1379 910 1434 est
922 1370 1055 1434 habitus
1070 1369 1328 1434 conclusionum.
1362 1366 1429 1431 Ars
1444 1385 1524 1429 vero

372 1483 422 1536 est
451 1474 570 1539 notitia
600 1476 762 1539 bonorum
780 1469 953 1556 'operum1
977 1474 1010 1535 in
1041 1472 1171 1550 effectu,
1200 1483 1234 1537 et
1267 1469 1441 1555 prudentia
1473 1478 1527 1532 est

372 1573 504 1638 habitus
519 1574 697 1639 directivus
713 1575 840 1637 horum.
886 1573 1059 1655 Sapientia
1077 1593 1155 1636 vero
1175 1583 1227 1636 est
1244 1572 1390 1655 perfecta
1406 1569 1527 1634 notitia

372 1677 534 1741 bonorum
558 1678 776 1760 spiritualium
801 1699 876 1742 cum
904 1677 1025 1741 amoris
1051 1677 1222 1754 suavitate,
1238 1677 1271 1738 in
1294 1697 1361 1758 qua
1382 1683 1433 1738 est
1456 1693 1526 1756 pax

373 1781 492 1844 mentis
512 1780 677 1846 humanae
695 1794 820 1865 quanta
840 1781 1007 1866 possibilis
1027 1793 1079 1846 est
1101 1781 1132 1844 ei
1152 1781 1185 1844 in
1208 1780 1271 1845 hac
1287 1781 1377 1857 vita;
1399 1787 1433 1842 et
1450 1777 1527 1840 ideo

372 1884 455 1950 haec
470 1895 520 1950 est
536 1885 732 1969 principium
744 1885 911 1950 felicitatis
926 1886 1063 1956 futurae,
1079 1894 1113 1948 et
1129 1884 1195 1948 fere
1209 1885 1298 1949 idem
1314 1883 1406 1966 quod
1422 1879 1527 1945 felici·

373 1999 436 2067 tas,
452 1999 488 2053 ut
504 1990 584 2054 dicit
599 1989 802 2053 Aristoteles
817 2000 916 2054 sexto
933 1989 1125 2053 Ethicorum
1136 1985 1158 2050 ².

204 2117 346 2170 hassones
418 2093 464 2156 Et
489 2093 522 2157 in
550 2095 668 2163 eodem
694 2094 774 2158 dicit
800 2094 892 2177 quod
919 2094 952 2156 in
977 2094 1068 2157 omni
1090 2114 1211 2176 genere
1233 2092 1363 2157 virtutis
1386 2101 1437 2155 est
1460 2110 1529 2154 una
1579 2134 1583 2140 ·

204 2186 349 2300 &stqnetion
373 2197 542 2277 naturalis,
568 2207 602 2262 et
634 2198 699 2262 alia
737 2219 794 2280 per
824 2197 1090 2279 adquisitionem,
1124 2207 1161 2261 ut
1198 2198 1385 2260 invenimus
1423 2214 1528 2257 unum

204 2265 314 2366 ηαίιίίιῃ
373 2301 543 2365 hominem
573 2311 702 2366 castum
734 2321 792 2382 per
821 2312 973 2365 naturam
1001 2310 1035 2366 et
1060 2302 1233 2379 audacem,
1259 2310 1293 2364 et
1319 2300 1366 2364 sic
1388 2301 1432 2363 de
1454 2297 1529 2362 aliis

204 2382 321 2510 llguioed
372 2405 556 2469 virtutibus.
603 2405 649 2468 Et
670 2403 820 2468 similiter
838 2406 871 2468 in
892 2404 958 2469 fine
977 2405 1098 2470 decimi
1116 2405 1309 2488 distinguit3
1332 2412 1366 2469 et
1383 2404 1428 2466 ibi
1445 2400 1529 2467 dicit

206 2513 293 2562 vnrue.
374 2511 464 2591 quod
487 2508 625 2572 virtutes
649 2509 814 2573 naturales
841 2529 907 2572 non
932 2519 1010 2574 sunt
1036 2530 1057 2573 a
1081 2509 1188 2586 nobis,
1212 2508 1270 2572 sed
1298 2528 1357 2591 per
1384 2506 1530 2591 gratiam

374 2612 541 2689 divinam3
563 2613 653 2696 quod
677 2623 728 2676 est
750 2613 888 2678 verbum
911 2613 1072 2676 mirabile.
1120 2612 1211 2695 Ergo
1226 2613 1325 2696 longe
1341 2611 1448 2694 magis
1463 2610 1532 2673 vir-

374 2726 461 2781 tutes
477 2737 564 2799 quae
579 2716 798 2800 adquiruntur
811 2727 891 2781 sunt
905 2737 925 2779 a
939 2717 1021 2792 Deo,
1037 2725 1213 2798 quaesunt
1229 2715 1330 2799 longe
1339 2715 1532 2794 nobiliores,

374 2821 526 2902 quamvis
542 2822 749 2884 consuetudo
765 2820 906 2885 actionis
916 2820 1083 2885 virtuosae
1093 2841 1150 2884 eas
1162 2829 1334 2884 conservet
1348 2829 1383 2883 et
1395 2819 1532 2884 roboret

374 2933 407 2987 et
430 2924 607 3007 exprimat,
629 2935 766 3007 propter
790 2927 879 3006 quod
907 2923 1199 2988 consuetudinales
1228 2934 1400 3000 vocantur,
1423 2933 1458 2987 et
1484 2942 1531 2986 ex

375 3027 624 3109 operationibus
640 3028 760 3091 nostris
775 3027 962 3110 dependere
978 3028 1140 3093 dicuntur.

207 3137 312 3212 chient
421 3130 467 3193 Et
489 3151 588 3193 omne
613 3130 735 3193 bonum
766 3129 909 3194 hominis
939 3131 972 3193 in
1003 3131 1065 3194 hac
1094 3131 1162 3195 vita
1192 3140 1226 3195 et
1258 3130 1366 3197 solum
1398 3141 1532 3212 ponunt

206 3201 336 3330 *³22¹ssss
375 3233 541 3310 virtutem,
563 3235 746 3296 secundum
767 3235 856 3315 quod
874 3234 1001 3298 Seneca
1023 3234 1056 3296 in
1079 3233 1165 3298 libro
1186 3234 1229 3298 de
1252 3233 1357 3298 Beata
1373 3233 1456 3298 Vita
1472 3256 1533 3316 per

205 3283 356 3446 lelphvinqe
375 3347 481 3399 totam
495 3337 593 3400 docet
604 3337 625 3414 ³,
636 3347 668 3400 et
681 3336 810 3400 Tullius
826 3338 859 3400 in
873 3339 990 3419 quinto
1004 3339 1047 3403 de
1058 3338 1319 3422 Quaestionibus
1331 3339 1533 3402 Tusculanis

205 3411 355 3526 {20de
377 3441 508 3522 ubique.
563 3439 678 3521 Atque
708 3442 849 3521 ipsemet
873 3442 906 3504 in
929 3441 1011 3506 libro
1041 3443 1084 3506 de
1108 3443 1292 3507 Paradoxis
1312 3442 1532 3524 jurejurando

375 3543 547 3607 confirmat
562 3544 652 3625 quod
669 3565 837 3628 uunquam
852 3544 976 3628 aliquid
994 3547 1095 3609 ducet
1114 3546 1260 3611 inbonis
1278 3546 1340 3610 nisi
1360 3548 1532 3611 virtutem.

376 3645 477 3729 Quod
505 3657 539 3710 et
566 3648 762 3712 auctoritate
784 3649 879 3712 unius
901 3649 944 3713 de
961 3661 1090 3733 septem
1106 3650 1318 3733 sapientibus
1340 3650 1532 3716 confirmat.

375 3749 443 3832 Qui
459 3771 532 3816 cum
551 3771 665 3814 omnes
683 3751 725 3816 de
736 3749 815 3816 locis
828 3754 896 3815 suis
908 3752 1056 3836 fugerent
1069 3764 1205 3837 propter
1214 3766 1447 3837 expugnantes
1462 3775 1533 3833 eos,

374 3855 528 3917 dicebant
540 3855 580 3932 ei,
593 3852 704 3936 Quare
721 3875 785 3918 non
801 3875 852 3918 res
868 3876 943 3920 suas
958 3877 1070 3920 secum
1082 3857 1272 3922 transferret
1286 3857 1372 3922 sicut
1383 3860 1533 3923 caeteri?

407 3973 413 4001 ¹
431 3989 546 4036 operum,
559 3988 609 4024 om.
622 3973 736 4024 0,et1>.

406 4050 416 4079 ¹
431 4053 489 4102 Era
509 4051 561 4099 Nr'r.
579 4053 610 4100 vi.
632 4066 660 4100 12
680 4057 692 4110 5
706 4067 722 4113 5
738 4051 820 4101 ἔπειτα
832 4051 874 4100 καί
886 4053 979 4101 ποιοῦσι
991 4051 1044 4115 μίν,
1056 4052 1085 4101 οὗ
1088 4071 1106 4114 χ
1118 4054 1149 4102 ὣς
1163 4056 1180 4115 ἠ
1196 4053 1294 4118 ίατρυςή
1308 4054 1334 4104 δὲ
1349 4053 1457 4118 ὑγίειαν,
1468 4055 1531 4106 ἀλλ’

374 4129 403 4177 ὡς
414 4132 431 4191 ἡ
442 4129 529 4192 ὑγίεια,
541 4128 616 4178 οὕτως
627 4131 642 4191 ἡ
653 4129 727 4192 σοφία
744 4129 903 4191 εὐδαιμονίαν
920 4129 990 4191 μέρος
1006 4130 1055 4194 γὰρ
1069 4128 1130 4180 οὖσα
1143 4132 1189 4193 τῆς
1205 4130 1266 4194 ὅλης
1280 4133 1366 4195 ἀρετῆς
1377 4134 1413 4195 r&
1424 4133 1532 4196 ἔχεσθαί

374 4209 438 4255 ποιεῖ
451 4207 491 4256 καί
507 4209 543 4268 τῷ
557 4208 662 4270 ἐνεργεῖν
678 4207 813 4268 εὐδαίμονι
847 4209 903 4256 The
915 4209 1061 4258 references
1073 4211 1098 4258 in
1110 4211 1157 4259 the
1167 4211 1304 4273 following
1319 4215 1466 4275 paragraph
1483 4231 1532 4264 are

375 4294 401 4334 to
413 4286 446 4333 vi.
460 4299 490 4347 13
503 4291 515 4345 t
530 4301 551 4345 1,
565 4301 588 4346 α,
600 4287 652 4334 and
663 4301 687 4334 ι
699 4302 716 4348 9
729 4291 741 4344 5
753 4289 777 4336 6.
813 4286 869 4334 The
879 4288 968 4336 words
979 4286 1009 4334 nl
1020 4286 1065 4348 pir
1075 4286 1119 4336 οὖν
1130 4289 1175 4350 τῆς
1184 4287 1281 4352 φύσεος
1295 4289 1373 4350 δῆλον
1384 4291 1417 4339 ὥς
1427 4292 1476 4340 οὐκ
1490 4293 1532 4355 ἐφ’

375 4363 432 4422 ἡμῖν
443 4361 553 4426 ὑπάρχει,
566 4361 633 4410 ἀλλὰ
645 4362 682 4410 διά
694 4380 760 4412 τινας
777 4363 839 4410 θείας
855 4364 931 4412 αίτίας
947 4365 997 4413 ταῖς
1012 4367 1044 4414 ὡς
1059 4365 1154 4429 ulmo&
1169 4366 1300 4431 εὐτυχέσιν
1311 4368 1424 4432 ὑπάρχει,
1437 4373 1533 4421 would

378 4440 503 4500 naturally
515 4441 594 4488 strike
608 4440 694 4489 Bucon
705 4455 734 4489 aa
745 4441 847 4488 verbum
859 4442 977 4492 nurubrle.
997 4438 1000 4441 ’

407 4515 417 4543 ¹
435 4515 459 4564 lt
476 4516 530 4564 will
550 4517 582 4565 be
601 4533 665 4566 seen
684 4517 740 4567 that
758 4519 809 4566 this
826 4518 900 4566 work
918 4519 940 4568 is
958 4521 1058 4583 largely
1076 4524 1173 4583 quoted
1189 4522 1256 4572 from
1274 4523 1439 4576 atteramus
1475 4527 1534 4578 See

376 4605 408 4653 Pl
429 4605 551 4652 sas-347·
