3542 5359
201 2177 342 2228 Reiractlon

200 2243 229 2292 of
238 2260 293 2308 rays

200 2309 289 2373 falling

200 2375 326 2440 obliqnely

199 2456 232 2488 on
243 2442 287 2492 the
298 2457 349 2505 eye.

370 603 428 680 146
586 604 741 664 OPERIS
765 604 954 674 MAJORIS
977 602 1092 662 PARS
1117 600 1287 675 QUINTA.

369 777 525 846 mutatur,
541 767 620 850 quia
642 765 732 832 locus
748 766 819 850 ejus
839 767 872 830 in
896 787 995 850 quem
1018 765 1219 849 recipiuntur
1241 765 1389 830 diversus
1410 773 1470 843 est,
1485 775 1521 830 et
1624 821 1632 840 ,

368 882 491 957 puncta
515 871 731 936 reflexionum
754 882 831 936 sunt
855 871 984 936 diversa
1007 881 1041 934 et
1063 872 1097 935 in
1120 870 1257 936 diversis
1280 869 1371 948 locis,
1393 880 1428 933 et
1442 869 1520 933 ideo

368 977 516 1042 diversae
531 985 692 1061 apparent
707 976 880 1062 imagines.

645 1468 926 1538 DISTINCTIO
954 1467 1198 1536 SECUNDA.

412 1643 547 1710 Tertiae
567 1645 678 1728 partis,
693 1664 780 1727 quae
801 1655 852 1710 est
872 1645 915 1707 de
932 1644 1004 1706 visu
1020 1641 1133 1721 fracto,
1147 1641 1249 1706 habet
1270 1653 1413 1724 quatuor
1432 1643 1522 1728 capi-

368 1747 447 1813 tula.
486 1748 634 1813 Primum
649 1759 699 1814 est
715 1749 749 1813 in
766 1747 939 1813 universali
956 1750 999 1812 de
1013 1746 1140 1811 visione
1156 1767 1215 1829 per
1228 1746 1422 1811 fractionem
1435 1747 1457 1810 ¹.

808 1992 1033 2090 Cnpmuuuur
1060 1989 1084 2056 Ι.

414 2163 629 2231 Manifestato
644 2166 813 2249 quomodo
832 2165 916 2229 visio
932 2164 990 2228 fiat
1006 2186 1065 2247 per
1080 2165 1185 2232 lineas
1201 2176 1308 2231 rectas
1323 2175 1357 2230 et
1373 2163 1523 2238 reflexas,

370 2281 456 2334 nunc
471 2269 570 2334 tertio
591 2269 868 2334 manifestandum
888 2279 947 2347 est,
963 2270 1134 2352 quomodo
1154 2269 1213 2334 fiat
1229 2291 1288 2354 per
1302 2270 1431 2334 fractas.
1477 2267 1523 2331 Et

371 2373 449 2438 licet
460 2374 548 2438 istud
561 2375 605 2438 sit
616 2373 781 2439 difficilius
793 2373 981 2458 praedictis,
990 2383 1102 2438 tamen
1112 2374 1183 2456 jam
1195 2373 1356 2438 habemus
1367 2393 1522 2455 magnam

372 2479 622 2560 dispositionem
645 2479 688 2543 ad
713 2477 883 2542 sciendum
906 2498 965 2561 per
983 2478 1161 2561 praedicta,
1177 2499 1218 2543 eo
1241 2478 1330 2561 quod
1352 2479 1386 2541 in
1409 2477 1523 2542 multis

370 2583 525 2647 convenit
546 2583 609 2647 hoc
633 2603 707 2647 cum
728 2581 801 2661 illis,
817 2592 855 2647 ut
875 2583 908 2646 in
924 2594 1018 2667 parte
1039 2583 1095 2646 illa
1115 2602 1202 2666 quae
1221 2592 1272 2646 est
1288 2584 1329 2646 de
1343 2580 1415 2644 visu
1432 2589 1523 2645 recto

369 2689 494 2752 dictum
521 2696 580 2752 est.
626 2686 807 2770 Quomodo
831 2707 964 2753 necesse
992 2697 1043 2752 est
1066 2688 1176 2752 radios
1198 2687 1303 2771 frangi
1327 2687 1360 2750 in
1381 2688 1523 2750 humore

368 2792 473 2856 vitreo
495 2811 612 2856 omnes
634 2803 765 2876 praeter
787 2811 886 2856 axem
911 2791 1093 2876 pyramidis
1116 2792 1275 2867 radiosus,
1297 2812 1384 2875 quae
1405 2791 1522 2855 transit

368 2919 427 2981 per
453 2907 565 2961 centra
595 2897 781 2962 tunicarum
813 2905 846 2962 et
872 2897 1059 2974 humorum,
1080 2905 1115 2961 et
1145 2898 1234 2980 quod
1266 2916 1333 2959 non
1364 2894 1525 2979 frangitur

368 3000 487 3084 aliquis
502 3001 612 3065 radius
629 3000 811 3084 pyramidis
826 3000 961 3065 visualis
981 3021 1080 3084 super
1095 3021 1260 3076 corneam,
1276 3021 1336 3064 nec
1351 2999 1523 3063 humorem

368 3105 590 3189 albugineum,
607 3126 667 3170 nec
689 3126 789 3189 super
808 3106 954 3170 anterius
975 3105 1134 3187 glacialis,
1152 3103 1310 3188 quoniam
1329 3113 1403 3168 tota
1422 3124 1521 3187 pyra·

368 3208 431 3272 mis
451 3208 540 3273 cadit
555 3209 872 3293 perpendiculariter
891 3229 990 3292 super
1007 3209 1072 3273 ista
1092 3209 1155 3274 tria
1178 3229 1326 3291 corpora.
1373 3208 1420 3271 Et
1440 3208 1525 3273 irent

367 3311 449 3376 radii
472 3311 506 3376 in
530 3321 679 3376 centrum
703 3333 826 3390 eorum,
844 3315 907 3378 nisi
928 3323 1137 3379 occurrerent
1158 3313 1278 3377 humor
1298 3313 1423 3377 vitreus
1445 3321 1524 3376 ante

367 3425 527 3498 punctum
543 3416 636 3493 illud,
648 3428 682 3482 et
697 3418 774 3482 ideo
790 3418 997 3482 abscinditur
1012 3417 1197 3483 necessario
1212 3438 1315 3482 conus
1330 3416 1524 3500 pyramidis,

368 3530 402 3585 et
428 3519 466 3585 fit
496 3531 589 3586 curta
614 3523 761 3604 pyramis
792 3533 826 3588 et
856 3525 1060 3588 detruncata.
1108 3521 1250 3587 Possunt
1275 3532 1386 3586 autem
1418 3520 1524 3584 multa

367 3626 471 3689 videri
490 3636 621 3707 praeter
643 3647 682 3690 ea
705 3647 725 3689 a
747 3629 865 3710 quibus
887 3628 978 3692 venit
1001 3628 1084 3692 haec
1104 3628 1272 3711 pyramis;
1295 3628 1354 3691 sed
1377 3646 1444 3690 non
1466 3645 1525 3709 per

368 3729 479 3793 radios
500 3729 643 3794 reflexos
662 3752 761 3814 super
781 3731 923 3809 oculum,
939 3731 1017 3815 quia
1034 3742 1113 3796 tunc
1132 3732 1323 3795 recederent
1342 3731 1386 3794 ab
1406 3749 1466 3805 θος
1489 3738 1525 3793 et

368 3834 443 3898 ideo
458 3854 518 3916 per
532 3832 664 3899 fractos.
711 3835 798 3899 Nam
819 3838 860 3899 sit
880 3858 930 3899 ac
943 3837 1089 3901 anterius
1106 3836 1246 3919 glaciale
1265 3844 1299 3900 et
1320 3834 1373 3898 bd
1391 3853 1518 3907 cornea,

367 3947 401 4003 et
415 3938 448 4021 s
460 3959 513 4002 eo
535 3939 683 4022 pyramis
707 3941 850 4019 radialis,
866 3951 988 4023 tuncp
1010 3962 1032 4004 n
1055 3941 1167 4005 radius
1189 3941 1280 4004 venit
1301 3960 1322 4003 a
1345 3959 1379 4002 re
1400 3937 1520 4002 visibili

397 4073 406 4101 ¹
425 4076 583 4140 Rehactiom
597 4079 695 4140 always
711 4078 812 4140 spoken
829 4077 858 4126 ol
869 4078 905 4140 by
917 4078 1004 4127 Bacon
1018 4093 1048 4127 as
1056 4076 1158 4139 sractr'o,
1170 4079 1193 4127 is
1213 4078 1346 4127 discussed
1360 4077 1387 4125 in
1401 4077 1447 4125 the
1463 4075 1519 4125 fisth

364 4154 499 4204 discourse
510 4156 540 4204 os
554 4155 694 4219 Ptolemy's
711 4156 805 4219 Optr'ca,
818 4157 870 4206 and
886 4157 913 4204 in
931 4157 977 4205 the
991 4157 1103 4206 seventh
1115 4157 1185 4205 book
1201 4157 1231 4206 os
1243 4155 1370 4205 Alhazen.
1402 4155 1522 4204 Thereis

365 4249 399 4282 no
412 4235 526 4284 mention
539 4233 569 4284 oi
583 4236 601 4284 it
613 4235 638 4282 in
652 4235 743 4284 Euclid
756 4251 787 4284 or
797 4238 823 4283 in
835 4251 889 4297 any
899 4235 929 4283 oi
936 4237 981 4284 the
992 4236 1081 4285 works
1097 4236 1184 4286 which
1198 4250 1261 4298 pass
1276 4234 1360 4283 under
1377 4235 1518 4294 blame,

365 4313 464 4374 though
481 4329 510 4362 as
528 4314 576 4362 has
594 4315 661 4363 been
678 4315 783 4376 already
799 4315 863 4375 said,
881 4315 926 4362 the
943 4315 1017 4362 word
1035 4312 1168 4378 restringere
1183 4316 1235 4363 and
1252 4313 1286 4362 its
1302 4313 1457 4362 derivative·
1473 4328 1520 4362 are

365 4391 428 4439 used
443 4391 470 4440 in
486 4393 530 4441 the
545 4392 688 4441 mediaeval
700 4393 854 4441 translation
871 4389 900 4440 oi
914 4391 1052 4454 Catoptn'oa
1069 4400 1097 4441 to
1114 4391 1233 4442 describe
1245 4392 1367 4441 reflected
1381 4407 1458 4453 rays;
1474 4393 1520 4440 the

365 4467 451 4518 Greek
465 4471 574 4532 original
585 4471 664 4533 being
676 4470 793 4532 ἀναλιῑν,
802 4469 940 4530 ἀνάκλασις,
954 4473 1002 4520 duc.
1037 4469 1079 4533 By
1087 4471 1208 4532 Ptolemy
1221 4471 1267 4519 the
1284 4470 1374 4520 words
1383 4469 1477 4532 smdth
1493 4484 1524 4518 or

455 4563 491 4596 *re
503 4550 568 4597 used
578 4549 609 4597 οἱ
616 4550 678 4598 both
691 4549 817 4598 reflexion
828 4547 881 4598 and
894 4549 1049 4600 refraction:
1067 4550 1114 4599 the
1128 4549 1184 4600 suat
1199 4549 1280 4611 being
1291 4549 1482 4611 distinguished
1493 4563 1522 4598 aa

475 4626 522 4674 uu>
533 4623 605 4689 radii,
618 4627 664 4676 the
676 4627 774 4676 second
784 4642 814 4676 aa
821 4626 956 4688 pmetmt'o
967 4625 1040 4677 radat.
