3542 5359
173 1071 241 1119 Rest.

175 1137 251 1184 From

173 1201 287 1252 Seneca's

174 1267 292 1330 dialogne

175 1334 215 1382 De
226 1334 294 1392 Otio,

173 1399 237 1463 Cap.
254 1415 272 1446 r.

339 641 400 720 348
553 641 708 701 OPERIS
731 641 920 711 MAJORIS
944 641 1060 700 PARS
1084 638 1283 700 SEPTIMA.

732 917 960 982 Cnrmunun
984 918 1072 981 XIX
1083 916 1104 982 ¹.

388 1056 495 1119 ‘Nam
514 1054 599 1119 inter
613 1064 743 1119 caetera
759 1055 847 1119 mala
862 1054 943 1119 illud
961 1057 1142 1138 pessimum
1159 1055 1310 1138 estquod
1324 1053 1404 1116 vitia
1422 1052 1493 1134 ipsa

345 1171 564 1224 mutamus..
585 1169 777 1243 ‚vexatque
798 1181 860 1223 nos
882 1160 946 1224 hoc
969 1181 1101 1242 quoque
1124 1158 1213 1242 quod
1235 1159 1360 1240 judicia
1383 1165 1496 1219 nostra

344 1286 410 1329 non
426 1276 556 1330 tantum
575 1286 678 1347 prava
693 1265 751 1327 sed
767 1265 866 1327 etiam
883 1262 969 1327 levia
984 1275 1068 1328 sunt.
1100 1263 1325 1337 Fluctuamus
1341 1259 1496 1342 aliudque

343 1391 388 1433 ex
403 1369 468 1432 alio
483 1369 804 1451 comprehendimus,
821 1368 927 1451 petita
939 1366 1162 1451 relinquimus,
1179 1367 1292 1431 relicta
1308 1365 1495 1448 repetimus.

344 1473 504 1537 Alternae
536 1474 620 1536 inter
651 1473 868 1556 cupiditatem
901 1484 1047 1536 nostram
1080 1484 1112 1536 et
1144 1471 1381 1554 poenitentiam
1408 1469 1496 1532 vices

344 1590 430 1642 sunt.
478 1578 664 1641 Pendemus
680 1577 767 1639 enim
783 1577 846 1640 toti
862 1599 906 1640 ex
925 1577 1039 1640 alienis
1060 1577 1200 1658 judiciis,
1216 1587 1250 1640 et
1273 1577 1306 1639 id
1330 1576 1494 1657 optimum

345 1682 440 1745 nobis
455 1682 585 1745 videtur
602 1681 691 1762 quod
713 1683 871 1762 petitores
892 1680 1149 1764 laudatoresque
1165 1681 1288 1743 multos
1304 1679 1413 1755 habet,
1428 1697 1496 1739 non

344 1784 377 1848 id
403 1779 524 1872 [quod]
550 1784 752 1849 laudandum
776 1788 1025 1868 petendumque
1047 1795 1107 1849 est.
1153 1785 1225 1848 Nec
1255 1783 1342 1847 viam
1373 1783 1496 1846 bonam

344 1900 402 1953 aut
427 1890 549 1953 malam
575 1888 648 1972 [per
672 1885 722 1976 se]
743 1889 966 1962 aestimamus,
987 1891 1045 1954 sed
1069 1890 1201 1954 turbam
1225 1888 1438 1971 vestigiorum
1463 1887 1496 1947 in

345 1995 466 2076 quibus
481 1993 570 2056 nulla
586 2005 663 2057 sunt
680 1992 908 2058 redeuntium'

391 2098 526 2163 ‘Homo
541 2099 582 2162 ad
601 2098 837 2162 immortalium
853 2091 1077 2182 cognitionem
1094 2097 1192 2161 nimis
1209 2095 1356 2160 mortalis
1376 2088 1481 2180 [est].’

391 2202 436 2266 Et
451 2204 529 2285 quia
552 2203 699 2266 studium
722 2202 902 2286 sapientiae
921 2212 954 2265 et
969 2203 1099 2266 virtutis
1118 2201 1228 2265 adhue
1248 2199 1497 2283 reprehenditur

345 2327 365 2370 a
381 2308 493 2370 multis
509 2307 587 2390 quia
603 2306 738 2390 negotia
754 2307 886 2391 publica
902 2306 1034 2384 deserit,
1046 2307 1122 2370 ideo
1134 2306 1256 2389 allegat
1265 2314 1380 2369 contra
1390 2302 1495 2366 otium

345 2413 520 2493 sapientis:
545 2412 625 2475 dicit
649 2431 737 2492 ergo,
753 2416 760 2443 ‘
776 2411 904 2474 Natura
928 2421 1105 2494 utrumque
1130 2432 1182 2475 me
1205 2409 1310 2473 facere
1332 2408 1446 2486 voluit,
1462 2417 1496 2470 et

345 2536 443 2599 agere
461 2525 495 2578 et
511 2515 781 2596 contemplationi
796 2511 932 2579 vacares

273 2672 278 2681 .
389 2621 645 2702 ‘Imperfectum
661 2642 700 2684 ac
715 2619 909 2705 languidum
930 2620 1055 2683 bonum
1076 2630 1126 2683 est
1146 2620 1179 2683 in
1199 2619 1303 2683 otium
1328 2619 1398 2681 sine
1418 2626 1496 2679 actu

345 2725 493 2808 projecta
508 2727 622 2800 virtus,
637 2746 806 2809 nunquam
822 2725 855 2789 id
875 2724 965 2807 quod
981 2725 1098 2789 didicit
1113 2724 1291 2788 ostendens
1319 2769 1325 2784 .
1355 2769 1362 2784 .
1389 2770 1395 2783 .
1423 2721 1496 2784 Nec

345 2841 475 2894 tanturn
491 2830 572 2913 quid
589 2829 775 2893 laciendum
792 2828 836 2893 sit
847 2830 995 2911 cogitare
1010 2828 1118 2901 debet,
1131 2831 1188 2892 sed
1202 2827 1302 2892 etiam
1315 2826 1496 2909 aliquando

346 2954 480 2998 manum
496 2955 650 2997 exercere
671 2981 678 2997 .
705 2981 712 2995 .
737 2981 743 2994 .
768 2933 826 2996 Ad
843 2934 946 2996 otium
963 2933 1093 3014 sapiens
1108 2932 1241 3009 secedit,
1257 2941 1293 2994 ut
1309 2931 1391 2995 sciat
1406 2950 1445 2993 ea
1461 2951 1498 2993 se

347 3084 378 3102 ..
397 3087 404 3102 .
420 3049 580 3111 acturum,
603 3059 663 3120 per
684 3059 770 3120 quae
793 3038 933 3121 posteris
956 3037 1069 3120 prosit.
1122 3036 1194 3098 Nos
1209 3045 1297 3099 certe
1313 3055 1426 3098 sumus
1441 3034 1498 3117 qui

346 3142 486 3205 dicimus
508 3154 541 3205 et
565 3143 733 3206 Zenonem
758 3153 791 3204 et
816 3141 1040 3224 Chrysippum
1065 3141 1192 3222 majora
1215 3141 1321 3223 egisse
1344 3159 1445 3222 quam
1468 3138 1495 3202 si

345 3244 519 3308 duxissent
542 3246 716 3323 exercitus,
732 3247 911 3330 gessissent
934 3247 1084 3324 honores,
1103 3245 1193 3328 leges
1216 3244 1370 3308 tulissent
1383 3265 1390 3320 ;
1414 3262 1498 3325 quas

346 3369 412 3411 non
428 3349 484 3411 uni
500 3350 624 3412 civitati
641 3352 697 3414 sed
714 3353 777 3415 toti
793 3352 940 3415 humano
961 3351 1071 3434 generi
1090 3343 1278 3437 [tulerunt]
1332 3347 1422 3431 Quid
1446 3359 1497 3411 est

346 3473 435 3534 ergo,
459 3475 560 3536 quare
585 3455 652 3518 tale
679 3456 784 3519 otium
814 3475 880 3518 non
907 3456 1083 3519 conveniat
1108 3454 1198 3519 bono
1220 3453 1291 3517 viro
1321 3474 1380 3535 per
1406 3453 1497 3536 quocl

346 3556 455 3620 futura
470 3557 600 3621 saecula
616 3559 755 3635 ordinet,
772 3580 831 3621 nec
847 3560 937 3641 apud
954 3580 1076 3641 paucos
1092 3559 1306 3621 concionetur
1329 3557 1387 3621 sed
1406 3557 1495 3638 apud

347 3682 464 3724 omnes
482 3709 488 3722 .
506 3709 513 3722 .
529 3711 536 3724 .
553 3663 676 3745 quique
694 3673 770 3726 sunt
789 3665 913 3746 quique
932 3662 1075 3726 erunt2?
1090 3713 1097 3726 .
1115 3711 1121 3724 .
1138 3713 1144 3726 .
1161 3663 1365 3734 invenerunt,
1381 3680 1497 3743 quem-

346 3765 530 3829 admodum
567 3768 641 3848 plus
677 3769 771 3850 quies
804 3768 937 3832 illorum
971 3767 1162 3832 hominibus
1193 3769 1366 3850 prodesset
1395 3785 1497 3848 quam

347 3870 486 3933 aliorum
513 3870 681 3935 discursus
705 3881 739 3935 et
765 3874 873 3936 sudor.
922 3871 1014 3954 Ergo
1045 3871 1258 3934 nihilominus
1289 3871 1323 3934 hi
1354 3870 1498 3933 multum

347 3975 454 4057 egisse
468 3975 528 4037 visi
552 3986 639 4052 sunt,
654 3977 806 4058 quamvis
827 3975 908 4039 nihil
930 3975 1062 4057 publice
1083 3985 1294 4058 agerent...
1315 3974 1370 4037 Ad
1394 3993 1496 4056 quam

347 4079 584 4162 rempublicam
601 4081 734 4162 sapiens
750 4100 941 4144 accessurus
957 4090 1007 4143 est
1019 4085 1051 4142 Ρ.
1068 4128 1075 4141 .
1094 4127 1100 4140 .
1117 4079 1174 4142 Ad
1187 4076 1454 4156 Atheniensium,
1466 4078 1499 4139 in

347 4202 413 4264 qua
444 4182 599 4248 Socrates
629 4187 814 4259 damnatur,
838 4183 1047 4256 Aristoteles,
1071 4204 1112 4246 ne
1142 4185 1364 4256 damnaretur,
1388 4180 1500 4265 sugit?

348 4286 381 4348 in
407 4307 474 4368 qua
488 4288 647 4370 opprimit
662 4288 785 4351 invidia
802 4284 955 4376 [virtutes
966 4283 995 4374 ?]
1013 4337 1020 4352 .
1040 4335 1046 4348 .
1064 4337 1070 4352 .
1092 4286 1150 4350 Ad
1177 4286 1499 4370 Carthaginiensium

380 4439 387 4467 ¹
405 4439 462 4488 The
478 4441 598 4503 dialogue
609 4440 649 4489 De
660 4441 724 4505 ona,
744 4443 770 4490 in
788 4443 834 4491 the
853 4443 928 4491 older
948 4443 1060 4492 editions
1080 4443 1110 4492 of
1131 4441 1241 4502 Seneca,
1258 4455 1313 4489 was
1333 4439 1453 4488 attached
1472 4447 1501 4488 to

346 4517 386 4566 De
399 4519 454 4565 Vita
464 4519 551 4567 Beata.

379 4595 391 4626 ¹
408 4596 476 4656 ‘Qui
493 4605 554 4645 sunt
571 4597 702 4646 discursus
719 4597 850 4657 siderum,'
862 4600 884 4647 is
902 4599 946 4648 the
958 4599 1067 4659 reading
1078 4598 1108 4647 ol
1116 4598 1161 4647 the
1175 4597 1268 4658 MSS.;
1284 4597 1408 4646 eitheran
1422 4597 1502 4645 inter-

347 4673 469 4735 polation,
481 4689 538 4723 ora
549 4677 696 4737 corruption
707 4677 737 4725 ol
744 4677 788 4726 the
800 4684 865 4727 text.
