3542 5359
386 620 405 660 2
610 599 765 659 OPERIS
789 595 978 668 MAJORIS
1002 593 1117 653 PARS
1141 590 1314 665 QUINTA.

385 774 464 828 sunt
486 762 676 836 translatae,
692 772 725 826 et
747 760 898 825 similiter
920 778 1022 842 penes
1044 754 1336 827 mathematicam
1358 770 1443 814 nunc
1463 748 1540 812 volo

386 870 512 933 radices
545 868 672 950 aliquas
704 867 876 942 discutere,
906 884 991 947 quae
1028 883 1072 926 ex
1109 868 1276 945 potestate
1314 854 1540 939 perspectivae

386 973 545 1035 oriuntur.
591 971 637 1034 Et
657 971 684 1033 si
704 969 841 1053 pulchra
861 978 896 1032 et
918 964 1121 1031 delectabilis
1141 973 1192 1027 est
1212 961 1432 1026 consideratio
1454 979 1539 1042 quae

384 1077 474 1139 dicta
489 1085 549 1153 est,
563 1075 646 1137 haec
662 1074 761 1157 longe
782 1072 950 1155 pulchrior
969 1080 1003 1133 et
1019 1066 1256 1143 delectabilior,
1270 1064 1426 1147 quoniam
1446 1082 1538 1145 prae·

384 1179 482 1263 cipua
506 1179 684 1243 delectatio
711 1190 824 1241 nostra
853 1185 904 1240 est
934 1176 966 1238 in
994 1175 1075 1251 visu,
1099 1183 1132 1235 et
1159 1171 1218 1234 lux
1243 1180 1277 1233 et
1300 1169 1393 1233 color
1415 1167 1539 1230 habent

383 1282 561 1365 specialem
591 1280 870 1365 pulchritudinem
903 1278 990 1342 ultra
1020 1277 1086 1341 alia
1118 1295 1205 1358 quae
1237 1272 1388 1336 sensibus
1420 1270 1539 1332 nostris

384 1387 571 1463 inseruntur,
593 1397 627 1449 et
650 1405 717 1448 non
739 1385 846 1448 solum
870 1382 1081 1466 pulchritudo
1101 1378 1266 1453 elucescit,
1280 1378 1338 1440 sed
1357 1376 1483 1438 utilitas
1505 1383 1539 1436 et

383 1491 561 1553 necessitas
581 1488 686 1570 major
704 1497 898 1572 exsurgunt.
942 1487 1033 1550 Nam
1047 1483 1250 1549 Aristoteles
1272 1482 1353 1545 dicit
1375 1480 1409 1543 in
1432 1479 1540 1563 primo

384 1593 636 1676 Metaphysicae
651 1593 742 1675 quod
758 1593 847 1656 visus
862 1591 953 1656 solus
968 1590 1116 1654 ostendit
1134 1587 1232 1651 nobis
1252 1606 1359 1650 rerum
1383 1582 1538 1648 differen-

382 1698 463 1760 tias:
487 1696 653 1779 perillum
677 1696 766 1759 enim
795 1696 1001 1779 exquirimus
1022 1704 1128 1758 certas
1149 1690 1370 1775 experientias
1390 1689 1538 1752 omnium

383 1801 516 1883 quaein
532 1800 633 1864 coelis
654 1812 731 1865 sunt
747 1810 782 1864 et
802 1800 836 1863 in
857 1811 955 1864 terra.
1002 1799 1091 1862 Nam
1115 1819 1154 1861 ea
1176 1817 1263 1878 quae
1285 1796 1317 1858 in
1340 1794 1540 1859 coelestibus

383 1914 460 1968 sunt
479 1906 730 1969 considerantur
751 1925 810 1988 per
829 1905 1048 1969 instrumenta
1064 1902 1213 1979 visualia,
1228 1910 1265 1964 ut
1282 1897 1491 1963 Ptolemaeus
1505 1909 1539 1961 et

384 2010 505 2073 caeteri
522 2010 642 2073 docent
657 2008 848 2071 astronomi.
895 2008 941 2071 Et
961 2007 1113 2071 similiter
1130 2026 1170 2070 ea
1187 2025 1271 2088 quae
1293 2004 1324 2065 in
1346 2023 1422 2065 aere
1439 2022 1539 2085 gene·

384 2122 505 2191 rantur,
528 2113 612 2175 sicut
637 2123 788 2177 cometae
809 2121 842 2176 et
864 2113 963 2176 irides
985 2122 1020 2176 et
1042 2110 1240 2193 hujusmodi.
1285 2109 1375 2172 Nam
1398 2105 1540 2170 altitudo

384 2237 495 2280 earum
512 2237 612 2299 super
632 2216 817 2296 horizonta,
832 2227 866 2280 et
889 2217 1093 2300 magnitudo,
1109 2225 1142 2278 et
1165 2213 1280 2298 figura,
1295 2222 1330 2276 et
1350 2211 1540 2286 multitud0,

383 2332 417 2385 et
436 2321 545 2384 omnia
563 2341 649 2402 quae
671 2322 702 2383 in
722 2322 769 2385 eis
790 2332 877 2397 sunt,
892 2321 1114 2386 certificantur
1133 2340 1193 2402 per
1216 2318 1334 2381 modos
1352 2316 1485 2380 videndi
1507 2316 1539 2378 in

384 2424 617 2489 instrumentis.
663 2424 759 2507 Quae
785 2446 865 2489 vero
895 2425 949 2490 hic
978 2426 1011 2488 in
1040 2434 1129 2489 terra
1158 2432 1235 2486 sunt
1264 2422 1455 2503 experimur
1481 2441 1540 2504 per

383 2530 500 2603 visum,
517 2530 595 2609 quia
615 2548 732 2593 caecus
751 2529 832 2593 nihil
855 2539 967 2612 potest
989 2530 1032 2592 de
1054 2529 1118 2593 hoc
1141 2529 1266 2592 mundo
1289 2527 1378 2607 quod
1402 2527 1537 2608 dignum

383 2633 428 2698 sit
457 2634 608 2715 experiri.
656 2633 701 2697 Et
731 2636 865 2699 auditus
896 2634 975 2698 iacit
1005 2654 1066 2696 nos
1094 2632 1236 2707 credere,
1266 2631 1344 2713 quia
1374 2630 1540 2693 credimus

383 2738 584 2815 doctoribus,
603 2739 661 2801 sed
684 2760 752 2801 non
779 2758 957 2823 possumus
982 2738 1125 2822 experiri
1145 2757 1232 2819 quae
1257 2735 1459 2799 addiscimus
1477 2734 1539 2797 nisi

383 2917 578 2979 perspectivam,
603 2918 671 2967 scias
693 2927 814 2968 auctores
836 2918 932 2967 multos
954 2924 1067 2966 tractare
1089 2917 1189 2965 dehac
1211 2915 1327 2964 scientia.
1363 2914 1416 2962 Sed
1436 2914 1538 2975 quidam

384 2995 459 3043 nimis
472 3010 562 3057 parum
575 3003 604 3044 ut
620 2996 741 3045 Euclides
758 3005 786 3045 et
801 2998 917 3057 Jacobus
928 2996 1041 3055 Alkindi,
1055 3004 1083 3045 et
1099 2996 1202 3058 quidam
1220 2995 1263 3043 alii
1281 2994 1399 3042 diversos
1417 3000 1539 3041 tractatus

383 3081 542 3134 componunt
553 3075 586 3122 de
597 3075 711 3136 partibus
721 3076 909 3139 perspectivae,
921 3077 988 3124 sicut
999 3083 1040 3124 est
1055 3075 1122 3123 liber
1134 3074 1166 3123 de
1178 3075 1243 3133 visu,
1256 3081 1282 3121 et
1290 3072 1362 3132 ‚liber
1377 3073 1409 3120 de
1426 3071 1540 3133 speculis

383 3150 464 3200 etalii
476 3158 579 3213 praeter
591 3152 664 3201 istos.
699 3153 815 3202 Alhazen
827 3170 891 3203 vero
908 3154 984 3203 nimis
1000 3155 1131 3216 superflue
1149 3153 1267 3201 tractavit
1278 3160 1304 3199 et
1321 3152 1346 3199 in
1358 3150 1501 3199 substantia
1513 3159 1540 3199 ct

383 3230 410 3277 in
421 3230 507 3279 modo.
537 3230 701 3280 Ptolemaeus
712 3247 775 3281 veno
787 3233 851 3281 satis
862 3233 1028 3282 mediocriter
1038 3233 1160 3295 procedit.
1185 3231 1260 3279 Nunc
1271 3246 1335 3291 ergo
1345 3231 1379 3277 ad
1391 3230 1539 3277 instantiam

383 3316 453 3357 tuam
461 3310 585 3369 quaedam
596 3310 743 3359 medullaris
750 3312 798 3360 sub
805 3312 959 3375 compendio
967 3312 1126 3360 exomnibus
1133 3311 1281 3358 auctoribus
1287 3308 1364 3371 cupio
1370 3324 1540 3371 congregare·

384 3386 438 3435 Sed
449 3402 553 3448 semper
560 3386 695 3437 habendus
705 3397 744 3437 est
758 3406 819 3451 prae
829 3390 947 3439 manibus
956 3398 1080 3439 tractatus
1089 3405 1162 3438 meus
1172 3391 1205 3436 de
1214 3388 1385 3449 generatione
1394 3388 1540 3450 specierum

384 3472 411 3513 et
422 3466 632 3527 multiplicatione
644 3475 671 3515 et
682 3469 785 3517 actione
799 3476 825 3517 et
837 3468 1005 3531 corruptione
1017 3484 1115 3529 earum,
1127 3468 1184 3515 sine
1196 3483 1247 3529 quo
1260 3467 1324 3515 nihil
1337 3466 1441 3527 dignum
1453 3473 1540 3527 potest

384 3544 494 3606 intelligi
506 3546 539 3593 de
550 3546 720 3608 perspectiva.
756 3546 831 3595 Haec
842 3555 930 3596 autem
942 3547 1051 3595 scientia
1062 3554 1102 3595 est
1115 3546 1193 3606 longe
1205 3546 1319 3607 pulcrior
1331 3544 1390 3593 aliis
1401 3553 1429 3593 et
1444 3546 1540 3605 utilior,

384 3628 411 3670 et
422 3624 481 3671 ideo
493 3623 677 3683 delectabilior,
689 3626 811 3686 quoniam
823 3626 965 3687 praecipua
977 3633 1066 3673 nostra
1077 3625 1214 3672 delectatio
1226 3624 1303 3672 estin
1317 3625 1389 3672 visu'

417 3700 455 3748 To
463 3702 551 3749 whom
563 3702 615 3750 this
625 3704 784 3751 remarkable
794 3718 905 3765 passage
914 3720 970 3752 was
977 3704 1126 3765 addressed,
1138 3718 1169 3750 or
1176 3710 1203 3751 at
1211 3704 1283 3751 what
1295 3703 1385 3764 period
1393 3702 1423 3750 ol
1428 3702 1540 3750 Bacon’s

383 3778 427 3826 lise
444 3780 464 3827 it
480 3795 536 3828 was
553 3782 666 3839 written,
680 3798 724 3829 we
741 3782 775 3829 do
793 3790 838 3831 not
855 3784 941 3832 know.
975 3782 1080 3843 Clearly
1091 3782 1110 3829 it
1120 3797 1176 3829 was
1196 3790 1242 3829 not
1261 3782 1400 3829 addressed
1421 3789 1449 3829 to
1470 3781 1540 3841 Pope

384 3857 503 3905 Clement
522 3858 565 3919 IV,
579 3861 642 3907 who
658 3860 679 3907 is
697 3860 795 3922 always
811 3862 975 3923 approached
992 3862 1018 3908 in
1031 3862 1077 3909 the
1095 3860 1167 3923 Opus
1180 3858 1268 3922 Majus
1278 3861 1305 3907 in
1317 3876 1333 3908 a
1343 3875 1408 3921 very
1420 3860 1540 3908 different

383 3936 459 3997 style.
495 3936 548 3985 We
561 3952 628 3999 may,
645 3936 654 3986 l
668 3940 751 4002 think,
765 3940 858 4000 regard
870 3941 890 3987 it
902 3955 932 3987 as
942 3941 987 3987 the
999 3938 1102 4001 presace
1113 3946 1140 3987 to
1152 3955 1168 3987 a
1178 3939 1246 3987 later
1256 3954 1324 4001 copy
1335 3938 1366 3986 os
1373 3939 1418 3986 the
1429 3938 1539 4001 Perspec-

382 4016 441 4073 tr'va,
454 4016 560 4063 written
578 4016 645 4064 after
664 4020 736 4079 12⁶7,
756 4018 802 4065 but
819 4018 909 4066 before
925 4019 970 4066 the
987 4008 1106 4079 rigorous
1123 4018 1277 4079 oppression
1292 4017 1380 4065 which
1398 4017 1539 4081 hampered

382 4093 427 4141 the
439 4101 543 4155 greater
553 4102 612 4155 part
623 4095 654 4142 os
663 4095 774 4144 Bacon's
785 4096 829 4143 lite
839 4111 896 4144 was
908 4097 1031 4145 renewed
1043 4097 1093 4144 and
1108 4096 1256 4144 intensified

416 4172 454 4219 Os
462 4172 507 4220 the
518 4173 608 4221 worls
620 4174 777 4234 mentioned,
792 4173 935 4235 Ptolemy’s
949 4174 1032 4236 opa'cs
1042 4176 1107 4222 have
1120 4175 1189 4222 been
1198 4176 1317 4235 recently
1327 4175 1414 4222 edited
1423 4175 1458 4235 by
1470 4172 1539 4221 Govi

384 4249 482 4313 (Turin,
499 4251 583 4313 1885),
598 4250 710 4301 Drclid‘s
723 4253 759 4313 by
775 4250 895 4314 Helberg
910 4254 1033 4316 (Leipsic,
1048 4255 1129 4314 1895).
1163 4254 1279 4302 Alhazen
1294 4253 1352 4311 tlbn
1366 4254 1499 4316 Albaitan)
1518 4253 1539 4300 is

382 4330 523 4378 accessible
536 4330 561 4378 in
576 4330 694 4379 Risner's
705 4332 802 4379 edition
816 4331 846 4378 os
854 4331 956 4380 Gerard
967 4331 996 4379 ol
1007 4331 1159 4380 Cremona’s
1174 4332 1325 4380 translation
1338 4332 1437 4394 (Basle,
1453 4330 1538 4393 157²)-

382 4407 486 4455 Allrindi
499 4408 546 4457 has
557 4414 612 4467 not,
628 4424 657 4457 so
671 4408 710 4457 sar
720 4424 749 4457 as
762 4409 772 4456 l
786 4410 873 4468 lrnow,
886 4410 954 4458 been
970 4410 1066 4460 edited.
1100 4410 1158 4458 'ibe
1173 4412 1244 4458 book
1258 4410 1298 4458 De
1310 4409 1371 4457 Vr'su
1386 4424 1496 4471 appears
1512 4418 1539 4457 to

381 4486 448 4534 bave
464 4486 531 4533 been
549 4502 582 4534 an
598 4488 778 4548 abridgement
794 4487 824 4535 oi
837 4488 950 4537 Euclid's
965 4488 1066 4550 optim:
1083 4489 1128 4537 the
1142 4488 1303 4551 Despemlr'e
1314 4489 1336 4535 is
1346 4488 1431 4536 better
1442 4490 1538 4536 known

382 4578 411 4611 as
423 4565 468 4612 the
482 4564 626 4626 Catoprn'ra
637 4565 811 4627 erroneously
819 4566 937 4614 ascribed
948 4574 977 4615 to
990 4566 1080 4615 Euclid
1090 4570 1147 4632 (see
1160 4566 1298 4628 Heiberg's
1310 4566 1500 4628 Prolegomena
1511 4573 1539 4615 to

382 4640 494 4691 Euclid's
505 4642 614 4706 Optr'ca).
