3542 5359
373 616 569 676 MORALIS
592 615 891 676 PHILOSOPHIA
904 638 915 672 :
953 616 1069 674 PARS
1096 615 1261 674 TERTIA.
1339 614 1400 691 265

250 778 394 844 hominis
409 778 662 844 contubernium
678 778 736 843 diu
752 798 849 861 passa
864 789 924 843 est.
969 777 1114 842 Accedit
1133 778 1198 843 huc
1219 778 1318 861 quod'
1334 797 1400 842 non

249 893 380 947 tantum
399 884 557 966 exemplo
578 882 694 947 melior
713 882 757 946 sit
774 882 832 965 qui
853 903 929 946 curn
954 881 1076 965 quietis
1095 881 1288 946 hominibus
1309 882 1400 958 vivit,

251 989 311 1050 sed
327 990 418 1070 quod
434 1009 549 1052 causas
564 987 637 1050 vitii
654 1007 720 1051 non
736 986 862 1051 invenit
878 1007 938 1050 nec
953 986 1072 1049 vitium
1087 1007 1185 1049 suum
1204 985 1356 1051 exercet!

295 1092 340 1154 Et
360 1092 392 1155 in
412 1093 531 1155 eodem
553 1091 639 1156 libro
656 1093 700 1156 ad
715 1092 954 1154 correctionem
975 1089 1124 1154 omnium
1142 1090 1298 1154 vitiorum
1318 1088 1400 1153 dicit
1414 1100 1569 1178 Selrexami-

250 1196 340 1276 quod
368 1196 502 1258 ‘omnes
521 1193 658 1258 seusus¹
681 1193 884 1278 perducendi
904 1203 982 1256 sunt
999 1194 1042 1257 ad
1062 1191 1264 1257 firmitatem.
1309 1193 1399 1256 Nam
1414 1177 1506 1217 ”⁸⁰⁰²

249 1299 415 1383 patientes
435 1298 558 1365 suntsi
579 1299 710 1363 animus
732 1297 818 1361 desit
835 1297 909 1362 illos
930 1318 1148 1381 corrumpere,
1168 1297 1226 1380 qui
1249 1297 1402 1379 quotidie

249 1404 293 1467 ad
312 1403 472 1468 rationem
492 1403 705 1470 reddendam,
717 1402 884 1466 vocandus
904 1410 964 1466 est.
1009 1401 1169 1466 Faciebat
1183 1402 1247 1467 hoc
1264 1401 1401 1467 Sextius

250 1517 288 1572 ut
306 1519 537 1572 consummato
553 1507 607 1571 die
625 1527 701 1571 cum
719 1527 755 1571 se
775 1507 817 1572 ad
839 1515 1034 1571 nocturnam
1051 1506 1198 1588 quietem
1213 1506 1400 1589 recepisset,

251 1611 469 1694 interrogaret
495 1613 643 1675 animum
674 1630 782 1691 suum,
809 1610 990 1693 Quomodo
1015 1611 1115 1675 hodie
1145 1611 1271 1675 malum
1302 1622 1399 1676 tuum

250 1717 397 1780 sanasti?
419 1715 472 1780 cui
487 1716 569 1780 vitio
585 1716 774 1780 obstetisti?
797 1736 864 1798 qua
875 1725 970 1797 parte
982 1714 1100 1779 melior
1115 1722 1174 1780 es?
1211 1714 1401 1799 Quicquam

250 1841 330 1905 ergo
364 1831 415 1884 est
445 1820 563 1884 melius
596 1820 805 1903 pulcriusque
838 1818 901 1883 hac
935 1820 1176 1885 consuetudine
1208 1820 1401 1884 excutiendi

249 1934 358 1988 totum
387 1925 500 1990 diem?
556 1923 675 2006 Qualis
702 1924 757 1988 ille
786 1945 921 1988 somnus
952 1934 1030 2007 post
1059 1924 1319 2007 recognitionem
1350 1925 1401 1988 sui

250 2030 416 2112 sequitur;
448 2049 547 2111 quarn
572 2029 769 2113 tranquillus
791 2029 880 2094 altus
902 2038 936 2092 et
959 2028 1043 2092 liber
1065 2049 1141 2092 curn
1164 2039 1224 2092 aut
1245 2029 1401 2092 laudatus

251 2142 301 2196 est
311 2133 440 2196 animus
454 2144 512 2197 aut
523 2132 733 2208 admonitus3
753 2142 786 2196 et
797 2132 985 2216 speculator
999 2131 1117 2215 suique
1127 2153 1243 2198 censor
1256 2142 1402 2197 secretus

250 2237 422 2319 cognoscit
439 2237 483 2301 de
501 2237 649 2302 moribus
672 2234 759 2300 suis.’
806 2237 853 2301 Et
873 2236 945 2320 ipse
965 2236 998 2299 in
1015 2238 1133 2300 eodem
1154 2235 1240 2300 libro
1259 2237 1341 2300 dicit
1358 2237 1401 2299 de

250 2341 370 2424 seipso,
395 2341 503 2406 ‘Utor
529 2341 592 2406 hac
621 2351 797 2426 potestate,
821 2353 854 2406 et
885 2341 1038 2423 quotidie
1063 2340 1153 2424 apud
1185 2361 1238 2404 me
1264 2360 1400 2404 causam

250 2444 348 2509 dico²
362 2465 438 2509 cum
454 2444 622 2509 sublatum
642 2466 660 2509 e
675 2455 854 2527 conspectu
871 2445 983 2508 lumen
1003 2455 1074 2522 est;
1096 2455 1205 2509 totum
1227 2445 1316 2510 diem
1329 2445 1400 2527 jam

252 2567 380 2612 mecum
399 2561 536 2624 scrutor,
551 2550 703 2632 iactaque
723 2570 762 2614 ac
782 2550 873 2614 dicta
895 2570 970 2614 mea
990 2549 1118 2627 metior,
1133 2549 1214 2613 nihil
1231 2550 1311 2613 mihi
1329 2551 1401 2634 ipse

249 2652 428 2728 abscondo,
442 2653 525 2717 nihil
548 2665 691 2719 transeo.
736 2653 849 2737 Quare
870 2654 959 2717 enim
980 2654 1157 2737 quicquam
1176 2675 1221 2717 ex
1236 2656 1401 2718 erroribus

250 2757 333 2822 rneis
363 2759 508 2836 timeam,
537 2777 615 2822 curn
644 2758 768 2842 possim
796 2759 916 2838 dicere,
946 2757 1037 2821 Vide
1066 2777 1108 2822 ne
1138 2758 1227 2823 istud
1256 2757 1401 2841 amplius

248 2862 358 2939 iacias,
373 2882 461 2926 nunc
476 2863 538 2925 tibi
554 2861 708 2946 ignosco!

295 2967 339 3030 Et
351 2967 429 3049 quia
443 2965 583 3031 beatus³
598 2977 649 3029 est
665 2967 720 3029 ille
735 2967 793 3050 qui
809 2965 919 3031 allidit
935 2965 1090 3049 parvulos
1105 2985 1183 3029 suos
1198 2966 1242 3028 ad
1258 2975 1400 3049 petram,
1414 2989 1573 3053 Tminingor

250 3071 323 3134 ideo
343 3072 424 3134 dicit
441 3069 569 3135 Seneca
588 3073 630 3134 ad
652 3071 812 3135 Marciam
829 3069 960 3136 ‘omnia
981 3069 1086 3135 vitia⁴
1106 3069 1237 3153 penitus
1256 3069 1400 3134 insident
1412 3055 1455 3105 “¹⁰
1467 3071 1558 3118 5⁰⁰⁰*

250 3173 313 3237 nisi
336 3175 416 3238 dum
440 3185 578 3258 surgunt
601 3195 760 3259 oppressa
782 3175 858 3251 sint,
880 3175 1005 3238 leniore
1030 3173 1196 3238 medicina
1217 3181 1268 3237 est
1290 3175 1401 3238 oriens

249 3278 358 3343 adhuc
387 3279 615 3361 restringenda
637 3279 695 3358 vis,
716 3280 945 3344 vehementius
968 3289 1084 3344 contra
1110 3278 1292 3342 inveterata
1316 3299 1402 3361 pug-

249 3385 393 3447 nandum
417 3393 479 3447 est.
525 3385 614 3448 Nam
637 3383 809 3448 vulnerum
832 3383 956 3449 sanitas
979 3382 1084 3449 facilis
1105 3395 1156 3448 est
1178 3385 1259 3447 dum
1283 3405 1304 3446 a
1326 3405 1401 3449 san-

248 3488 350 3570 guine
376 3488 518 3552 recentia
543 3486 639 3553 sunt'
685 3489 729 3553 Et
756 3491 834 3572 quia
865 3488 929 3552 hoc
959 3487 1107 3552 maxime
1135 3491 1237 3553 debet
1267 3487 1335 3552 fieri
1366 3491 1401 3552 in

249 3602 360 3656 aetate
377 3591 523 3675 juvenili,
538 3593 613 3656 ideo
631 3593 711 3657 dicit
731 3593 933 3657 Aristoteles
947 3593 1094 3657 secundo
1110 3593 1250 3657 Ethicae
1260 3593 1282 3669 ⁶,
1298 3591 1401 3674 Quod

249 3716 316 3759 non
340 3715 478 3780 parvum
506 3695 615 3760 differt
641 3695 689 3760 sic
716 3706 774 3759 aut
796 3697 843 3760 sic
868 3697 1010 3761 assuesci
1035 3717 1057 3759 a
1079 3696 1263 3778 juventute.
1310 3698 1400 3760 Nam

248 3800 359 3883 virgae
375 3801 506 3876 recenti,
524 3820 611 3884 quae
628 3801 660 3864 in
675 3820 809 3864 omnem
826 3810 955 3882 partem
972 3799 1059 3865 flecti
1080 3810 1191 3882 potest
1207 3802 1299 3865 etde
1314 3800 1401 3864 sacili

248 3924 269 3967 a
284 3906 444 3969 curvitate
461 3905 494 3967 in
510 3905 742 3970 rectitudinem
759 3906 901 3979 ducitur,
916 3914 1088 3988 comparat
1104 3904 1325 3967 innocentiam
1346 3903 1399 3984 ju-

248 4008 399 4072 venilem.
434 4009 479 4072 Et
496 4007 622 4074 Seneca
638 4010 783 4073 secundo
800 4011 842 4073 de
858 4009 912 4072 Ira
927 4008 1018 4083 dicit,
1034 4015 1042 4042 ‘
1057 4007 1190 4071 Facile⁰
1205 4016 1256 4070 est
1268 4017 1400 4070 teneros

248 4112 357 4177 adhuc
375 4113 504 4177 animos
525 4133 745 4198 componere3
768 4112 943 4177 difficulter
962 4113 1051 4176 enim
1072 4110 1302 4175 rescinduntur
1319 4110 1400 4175 vitia

279 4249 289 4279 ¹
306 4249 346 4298 De
355 4249 409 4309 Im,
421 4249 454 4300 iii.
468 4251 508 4312 36.
541 4249 584 4299 All
597 4251 641 4300 the
656 4249 732 4300 MSS.
746 4251 805 4313 give
819 4251 992 4300 infirmitatem
1003 4249 1044 4299 for
1054 4248 1200 4298 finalitatem
1208 4263 1216 4308 ;
1232 4248 1284 4296 aud
1295 4248 1400 4310 saepius

247 4328 287 4377 ior
298 4328 420 4384 Sextium
437 4329 489 4377 and
502 4327 538 4378 ll.
549 4329 572 4378 is
580 4329 652 4391 quite
663 4329 792 4378 incorrect
802 4329 829 4378 in
842 4330 886 4378 the
896 4328 985 4379 whole
995 4329 1137 4390 quotation.

279 4407 288 4435 ¹
305 4408 380 4466 duco,
389 4415 438 4471 pru
451 4408 519 4466 dico,
531 4407 563 4456 Ο.

278 4483 289 4512 ⁸
305 4485 361 4534 The
373 4485 496 4547 meaning
506 4484 536 4533 os
543 4485 594 4534 this
606 4484 739 4534 reference
751 4491 779 4533 to
791 4484 876 4534 Psalm
888 4485 1000 4535 cxxxvii.
1010 4501 1028 4548 9
1038 4486 1102 4533 does
1114 4491 1161 4532 not
1171 4498 1242 4532 seem
1254 4482 1371 4533 obvious.

278 4563 288 4592 ⁴
303 4562 352 4610 Ad
360 4563 494 4624 Marcium,
508 4577 531 4612 r.
566 4562 600 4612 M.
614 4565 662 4613 has
673 4564 811 4626 insurgunt
821 4564 862 4613 ior
873 4565 995 4615 insident.

278 4639 288 4669 ³
304 4640 364 4690 Erh.
376 4639 428 4688 Nic.
441 4641 467 4690 ii.
482 4655 492 4688 ι
508 4645 521 4701 ξ
533 4641 560 4692 8.
969 4642 980 4672 ⁸
995 4640 1035 4689 De
1044 4639 1098 4701 Im,
1108 4639 1135 4690 ii.
1148 4640 1187 4690 18.
