3542 5359
545 607 660 666 PARS
686 606 846 665 PRIMA:
884 607 973 666 cAP.
998 607 1058 667 III.
1318 623 1378 687 433

223 767 338 832 similis
353 770 441 834 actio
462 768 539 833 hinc
562 780 595 833 et
615 771 701 833 inde.
748 770 804 833 Ex
827 790 895 852 quo
918 770 1065 854 sequitur
1087 772 1176 853 quod
1199 771 1378 854 improprie

224 873 344 937 dicitur
372 874 464 956 quod
495 874 615 956 speciei
645 874 816 956 generatio
847 884 899 938 est
936 895 995 956 per
1023 874 1112 938 viam
1143 877 1376 959 impressionis,

223 977 403 1040 secundum
430 980 521 1060 quod
549 979 673 1042 utimur
698 978 761 1042 hoc
786 979 920 1041 nomine
945 989 1043 1061 prout
1070 988 1120 1042 est
1146 979 1318 1062 impressio
1343 980 1377 1044 in

223 1080 332 1162 sigillo
358 1090 392 1145 et
417 1083 617 1162 hujusmodi.
663 1080 720 1146 Sic
744 1082 830 1145 enim
856 1084 899 1144 ad
925 1082 1054 1146 literam
1079 1082 1245 1165 intelligit·
1259 1083 1377 1166 vulgus

223 1187 348 1267 species
378 1186 522 1268 imprimi
549 1186 592 1250 ab
622 1187 806 1270 agentibus,
828 1186 887 1250 sed
918 1206 984 1249 non
1015 1197 1066 1250 est
1096 1187 1153 1250 ita.
1198 1185 1235 1251 Si
1264 1197 1376 1252 tamen

224 1288 347 1371 largius
361 1291 542 1372 accipiatur
555 1291 739 1373 impressio,
755 1301 854 1374 prout
871 1291 1092 1354 communiter
1111 1291 1222 1373 signat
1244 1311 1377 1355 omnem

223 1395 535 1458 transmutationem
565 1395 722 1478 patientis
755 1415 815 1478 per
847 1394 1012 1458 actionem
1042 1396 1180 1477 agentis,
1203 1396 1287 1460 sicut
1317 1396 1377 1458 ali-

223 1498 358 1580 quando
382 1498 591 1561 inveniuntur
613 1497 827 1562 auctoritates
851 1497 955 1578 accipi
983 1499 1072 1579 apud
1105 1498 1194 1582 ipsos
1224 1510 1377 1563 auctores

223 1599 273 1663 vel
291 1603 380 1685 apud
397 1602 601 1684 interpretes,
615 1613 695 1666 tunc
709 1611 822 1685 posset
844 1601 908 1665 dici
931 1603 1023 1683 quod
1047 1622 1105 1684 per
1128 1604 1377 1685 impressionem

225 1704 318 1770 fieret
347 1708 483 1789 species.
539 1708 586 1770 Et
607 1707 656 1771 sic
677 1707 832 1770 convenit
859 1705 1111 1789 quodammodo
1137 1727 1213 1772 cum
1241 1708 1377 1791 impres-

225 1809 315 1873 sione
330 1812 437 1893 primo
453 1812 555 1877 modo
570 1812 679 1887 dicta3
701 1810 779 1873 licet
794 1831 861 1874 non
876 1811 1022 1886 omnin0,
1037 1811 1116 1893 quia
1131 1813 1279 1876 continet
1301 1833 1376 1876 eam

223 1915 309 1978 sicut
333 1915 516 1980 universale
540 1936 637 1979 suum
665 1915 869 1998 particulare,
897 1914 979 1978 haec
1005 1915 1096 1977 enim
1125 1915 1298 1999 impressio
1325 1925 1378 1981 est

225 2022 454 2100 communiter,
467 2021 536 2084 sive
550 2019 609 2085 fiat
627 2021 714 2084 actio
729 2019 762 2082 in
776 2017 950 2101 superficie
970 2019 1037 2081 sive
1056 2019 1088 2080 in
1108 2019 1285 2101 profundo.
1332 2020 1378 2085 Et

223 2124 270 2187 sic
293 2145 372 2188 usus
399 2135 450 2188 est
472 2124 672 2190 Aristoteles
691 2144 767 2188 cum
794 2123 872 2186 dicit
895 2122 1043 2186 secundo
1065 2122 1107 2185 de
1131 2123 1265 2204 Anima,
1288 2124 1378 2207 quod

224 2249 339 2291 sensus
354 2230 491 2311 suscipit
505 2231 631 2311 species
646 2227 860 2303 sensibilium,
875 2227 961 2289 sicut
979 2246 1055 2289 cera
1076 2228 1221 2309 speciem
1244 2229 1356 2291 annuli
1370 2253 1378 2306 ;

226 2333 475 2414 quodammodo
492 2334 578 2396 enim
594 2340 645 2395 est
660 2330 854 2404 similitudo,
864 2330 923 2392 sed
937 2349 1002 2392 non
1015 2328 1131 2412 plena3
1154 2331 1243 2396 etsie
1256 2331 1380 2396 multae

225 2437 440 2500 auctoritates
456 2437 676 2512 inveniuntur,
691 2435 780 2517 quod
797 2433 899 2496 modo
915 2433 1039 2496 habent
1053 2434 1312 2499 similitudinem.
1695 2419 1697 2498 l

270 2539 355 2603 Cum
392 2541 493 2622 igitur
521 2539 614 2603 nullo
644 2539 888 2622 praedictorum
917 2538 1090 2601 modorum
1120 2537 1179 2602 fiat
1208 2540 1378 2621 generatio
1391 2549 1439 2598 But
1451 2547 1489 2613 (5)
1499 2549 1541 2598 the
1695 2507 1697 2606 l

225 2643 357 2724 speciei,
373 2642 583 2707 manifestum
606 2652 657 2705 est
680 2643 770 2724 quod
792 2642 910 2725 quinto
934 2641 1036 2705 modo
1058 2653 1193 2723 oportet
1215 2643 1294 2718 fieri,
1316 2645 1377 2708 sci·
1390 2614 1512 2730 ffitfi„
1694 2607 1697 2682 l

226 2746 303 2809 licet
333 2769 392 2829 per
413 2766 524 2810 veram
555 2747 819 2810 immutationem
849 2755 883 2811 et
914 2745 1125 2809 eductionem
1155 2747 1198 2810 de
1217 2749 1377 2829 ‘potentia
1391 2746 1471 2796 osche

226 2853 335 2916 activa
350 2853 506 2916 materiae
523 2852 686 2934 patientis.
732 2850 809 2914 Non
829 2849 918 2914 enim
936 2849 1056 2931 aliquis
1077 2858 1128 2913 est
1150 2850 1234 2914 alius
1257 2852 1377 2915 modus
1391 2819 1506 2926 meren

226 2954 457 3036 excogitabilis
479 2967 608 3039 praeter
630 2955 826 3037 praedictos
847 2965 881 3017 et
904 2953 985 3016 haec
1009 2963 1059 3016 est
1081 2952 1248 3018 conclusio
1270 2957 1376 3019 tertia„
1391 2943 1525 3057 ΨΜ

228 3057 273 3121 Et
297 3079 363 3122 nou
386 3070 437 3122 est
462 3060 572 3123 solum
594 3079 655 3142 per
677 3059 765 3121 hunc
790 3058 900 3121 locum
914 3079 923 3136 ;
953 3066 1048 3138 patet
1065 3057 1129 3121 hoc
1151 3058 1377 3124 adivisione¹.
1436 3044 1444 3057 ⁰

227 3161 293 3228 Sed
322 3165 541 3227 necessarium
565 3174 616 3228 est
641 3163 715 3239 hoc,
739 3163 896 3243 quoniam
921 3161 1057 3225 effectus
1082 3162 1274 3226 naturaliter
1300 3162 1378 3227 sacti

226 3269 380 3332 dicuntur
392 3269 540 3350 generari
555 3268 736 3332 secundum
752 3265 969 3330 Aristotelem
985 3266 1028 3329 de
1048 3267 1199 3349 potentia
1223 3268 1380 3331 materiae

226 3373 347 3449 activa,
363 3382 400 3434 ut
416 3393 533 3435 omnes
548 3371 694 3436 latentur
708 3371 780 3435 sine
795 3370 1067 3433 contradictione.
1102 3369 1169 3434 Sed
1185 3372 1311 3455 species
1327 3382 1378 3435 est

226 3476 363 3540 effectus
382 3477 512 3560 agentis
532 3476 702 3552 naturalis,
720 3485 754 3539 et
776 3475 972 3538 naturaliter
994 3476 1173 3556 productus
1195 3487 1254 3554 est,
1277 3497 1379 3559 quare

226 3580 354 3661 species
392 3581 463 3662 ipsa
499 3580 600 3645 debet
629 3581 673 3643 de
702 3580 852 3663 potentia
883 3579 1041 3641 materiae
1073 3580 1233 3660 generari.
1293 3579 1380 3643 Item

227 3685 394 3765 potentiae
433 3685 619 3768 receptivae
656 3683 836 3766 respondet
872 3682 971 3745 dator
1007 3682 1144 3760 formae,
1176 3692 1210 3745 et
1245 3683 1299 3746 hic
1329 3695 1380 3747 est

229 3786 386 3864 Creator;
416 3809 518 3872 quare
535 3789 563 3852 si
590 3789 622 3850 in
646 3787 783 3851 materia
806 3797 894 3850 esset
913 3786 1062 3869 potentia
1084 3786 1193 3850 solum
1215 3789 1380 3870 receptiva

226 3893 420 3973 specierum,
449 3900 528 3954 tunc
558 3909 755 3973 poneremus
784 3891 817 3952 in
848 3893 946 3954 rebus
986 3889 1190 3953 naturalibus
1225 3891 1377 3954 datorem

228 3995 418 4071 formarum,
433 4005 548 4058 contra
564 3993 756 4059 Aristotelis
772 3994 958 4059 doctrinam
971 4019 979 4070 ;
1003 4013 1082 4076 ergo
1099 4013 1163 4056 non
1183 3991 1239 4057 fiet
1254 3996 1380 4077 species

228 4100 261 4161 in
277 4099 427 4181 potentia
443 4099 618 4182 receptiva,
630 4099 688 4161 sed
703 4098 747 4161 de
758 4100 909 4181 potentia
923 4097 1031 4162 activa
1048 4099 1202 4161 materiae
1220 4098 1381 4162 naturalis

228 4224 286 4268 seu
310 4203 474 4285 patientis.
531 4201 577 4265 Et
592 4203 711 4266 iterum
730 4211 823 4285 patet
838 4224 882 4266 ex
899 4202 994 4265 dictis
1010 4202 1101 4284 quod
1115 4202 1197 4265 haec
1211 4203 1314 4266 virtus
1328 4212 1379 4266 est

228 4309 344 4372 eadem
375 4326 451 4370 curn
483 4307 600 4370 ellectu
630 4305 809 4388 completo.
858 4305 920 4368 llla
951 4305 1040 4368 enim
1071 4304 1109 4369 fit
1143 4306 1213 4387 ipse
1242 4305 1379 4370 effectus

227 4412 413 4493 completus
427 4410 562 4494 quando
585 4430 688 4493 agens
711 4410 891 4487 invalescit,
907 4420 941 4473 et
965 4409 1040 4472 ideo
1063 4409 1152 4472 idem
1175 4411 1237 4473 erit
1260 4411 1379 4474 modus

228 4515 431 4599 producendi
473 4513 629 4577 effectum
675 4514 776 4577 istum
814 4513 1052 4596 incompletum
1090 4523 1124 4578 et
1163 4515 1378 4596 completum.

552 4648 562 4678 ¹
580 4650 719 4712 additione,
733 4649 810 4712 Reg,
822 4666 839 4698 a
849 4650 984 4713 divisione,
998 4648 1034 4700 Ο.

293 4745 375 4795 voe.
395 4743 434 4795 11.
783 4729 835 4794 ss
