3542 5359
547 664 747 724 sernum
773 664 1164 726 nrpnmnnnrnrrs.
1378 685 1434 744 197

285 824 351 890 Sed
379 827 423 890 ab
449 827 539 891 omni
564 826 729 891 stillicidio
756 848 823 890 non
845 827 883 892 fit
908 828 1045 892 reflexio
1070 830 1102 892 in
1127 831 1245 893 eodem
1271 840 1433 913 tempore,

283 931 364 993 dum
380 930 495 995 oculus
516 939 567 994 est
590 933 623 994 in
645 952 711 994 uno
726 930 809 1008 loc0,
825 942 962 1016 propter
977 934 1212 1016 aequalitatem
1236 934 1432 1017 angulorum

283 1034 479 1098 incidentiae
509 1045 544 1099 et
574 1035 771 1098 reflexionis.
824 1037 883 1101 Ad
913 1040 1094 1101 secundum
1124 1038 1314 1115 dicendum,
1342 1040 1433 1121 quod

282 1139 408 1202 colores
423 1139 545 1222 ubique
560 1160 717 1223 apparere
732 1161 908 1222 possumus
923 1142 1097 1224 imaginari
1110 1163 1154 1206 ex
1171 1143 1299 1207 duabus
1315 1145 1432 1216 causis

282 1261 350 1304 uno
377 1242 478 1305 modo
507 1243 597 1325 quod
624 1243 715 1306 color
743 1253 829 1308 esset
855 1242 952 1320 fixus,
982 1245 1065 1308 sicut
1092 1247 1124 1307 in
1150 1245 1221 1309 aliis
1247 1245 1364 1324 rebus;
1398 1254 1433 1309 et

283 1342 401 1408 faceret
423 1347 566 1428 speciem
590 1367 610 1410 a
633 1367 668 1410 se
690 1348 733 1410 ad
756 1347 897 1424 oculum,
917 1359 952 1411 et
973 1357 1053 1411 tunc
1073 1350 1197 1432 ubique
1216 1360 1311 1421 esset.
1333 1351 1432 1414 etsie

281 1449 471 1532 ubicunque
493 1465 604 1514 essent
626 1453 839 1533 aspersiones,
853 1452 980 1516 videret
1003 1451 1156 1517 colorem.
1202 1453 1270 1519 Sed
1294 1455 1341 1518 sic
1364 1474 1429 1518 non

281 1565 332 1616 est
354 1553 418 1629 hic,
433 1555 511 1637 quia
531 1575 598 1617 non
619 1564 669 1619 est
684 1575 780 1619 verus
794 1555 896 1634 color,
911 1558 969 1620 sed
985 1555 1092 1621 solum
1109 1578 1153 1620 ex
1169 1557 1258 1623 visus
1273 1556 1431 1633 fantasia3

280 1667 314 1720 et
335 1658 411 1721 ideo
427 1678 526 1723 causa
541 1661 755 1742 apparentiae
775 1671 824 1722 est
841 1660 943 1724 solius
960 1661 1050 1724 visus
1070 1681 1242 1725 erroneum
1260 1661 1432 1743 judicium,

280 1771 314 1824 et
328 1761 404 1825 ideo
416 1783 483 1825 non
500 1771 638 1846 apparet
650 1764 710 1827 nisi
722 1765 755 1827 in
768 1765 842 1828 loco
857 1785 877 1826 a
893 1785 960 1846 quo
975 1767 1018 1829 ad
1031 1765 1161 1829 oculum
1175 1765 1212 1830 fit
1225 1765 1359 1830 reflexio
1371 1787 1379 1844 ;
1398 1779 1431 1831 et

281 1885 324 1928 ex
355 1866 418 1929 hac
450 1887 559 1945 causa,
585 1889 651 1931 non
680 1870 796 1953 prima,
825 1879 971 1934 mutatur
1001 1871 1182 1934 secundum
1214 1873 1430 1935 mutationem

278 1971 428 2034 videntis.

322 2074 477 2158 Quinque
495 2097 574 2139 vero
594 2085 672 2140 sunt
690 2077 816 2142 colores
836 2077 1040 2162 principales,
1055 2090 1093 2142 ut
1113 2077 1243 2156 albedo,
1258 2079 1429 2161 glaucitas,
1442 2093 1576 2144 Enumera-

279 2178 414 2253 rubedo,
438 2180 594 2258 viriditas,
618 2189 652 2244 et
682 2181 829 2263 nigredo.
876 2183 1014 2247 Rubeus
1037 2183 1125 2246 enim
1155 2185 1356 2266 aequidistat
1384 2185 1428 2248 ab
1440 2160 1547 2275 {¹512ssss

278 2284 445 2362 extremis,
464 2293 498 2347 et
519 2285 621 2348 habet
644 2304 745 2347 unum
769 2286 915 2349 medium
938 2296 1085 2370 respectu
1109 2286 1185 2363 albi,
1208 2298 1243 2353 et
1264 2287 1354 2351 aliud
1379 2309 1429 2352 re·

277 2396 391 2470 spectu
402 2389 496 2472 nigri.
527 2387 639 2471 Quum
657 2391 743 2452 enim
756 2389 954 2454 Aristoteles
969 2391 1050 2454 dicit
1065 2392 1098 2454 in
1114 2390 1221 2456 Sensu
1237 2402 1271 2456 et
1287 2391 1429 2457 Sensato

278 2501 405 2572 septem
432 2512 504 2556 esse
530 2493 664 2570 colores,
690 2493 754 2556 hoc
785 2504 835 2558 est
860 2515 974 2558 verum
1003 2496 1180 2560 dividendo
1209 2496 1363 2580 glaucum
1394 2499 1428 2560 in

278 2595 387 2677 plures
413 2599 547 2680 gradus,
569 2607 608 2660 ut
633 2598 818 2661 caeruleum
842 2609 875 2661 et
904 2599 1090 2680 puniceum,
1113 2610 1148 2663 et
1173 2600 1322 2663 similiter
1347 2601 1428 2665 divi·

278 2701 388 2765 dendo
403 2702 604 2766 viriditatem
619 2702 652 2764 in
665 2704 788 2784 gradus
804 2703 971 2780 diversos;
995 2705 1053 2766 sed
1071 2705 1215 2785 quinque
1230 2705 1426 2788 principales

276 2805 403 2868 colores
421 2817 499 2869 sunt
514 2826 574 2887 per
588 2815 739 2869 naturam
755 2806 911 2870 distincti.
956 2805 1045 2869 Nam
1061 2807 1228 2889 quinarius
1247 2819 1297 2871 est
1313 2807 1427 2872 melior

277 2909 421 2972 numeris
447 2909 609 2987 omnibus,
636 2918 673 2973 ut
699 2909 899 2973 Aristoteles
926 2911 1007 2975 dicit
1033 2911 1116 2975 libro
1148 2910 1366 2986 Secretorum,
1392 2922 1427 2977 et

275 3011 342 3076 hoc
370 3022 531 3095 quantum
559 3015 601 3077 ad
630 3035 802 3078 numerum
836 3013 1107 3078 certitudinaliter
1133 3014 1426 3098 distinguendum;

274 3115 351 3182 licet
366 3128 526 3199 quantum
542 3119 585 3181 ad
602 3118 838 3202 proprietatem
851 3118 1035 3182 naturalem
1051 3119 1084 3181 in
1099 3118 1246 3201 quolibet
1261 3130 1423 3202 repertam

275 3223 437 3286 ternarius
457 3231 508 3286 est
528 3220 652 3285 melior.
697 3224 785 3286 Nam
806 3221 894 3286 hunc
909 3222 1151 3287 extrahimusa
1172 3233 1290 3288 natura
1307 3245 1424 3298 rerum,

274 3335 310 3388 ut
333 3326 530 3391 Aristoteles
553 3327 632 3390 dicit
655 3327 763 3410 primo
787 3326 879 3392 Coeli
907 3337 942 3392 et
971 3327 1097 3406 Mundi,
1120 3329 1197 3410 quia
1222 3328 1255 3390 in
1277 3329 1367 3391 omni
1389 3349 1425 3391 re

272 3430 401 3494 trinitas
430 3431 588 3508 consistit,
619 3441 655 3495 ut
691 3431 736 3494 ibi
764 3432 874 3508 docet,
905 3441 975 3497 tam
1010 3433 1042 3495 in
1073 3431 1231 3497 Creatore
1260 3453 1361 3515 quam
1392 3434 1426 3496 in

273 3545 432 3598 creatura.
479 3535 525 3600 Et
551 3535 628 3617 quia
654 3555 808 3599 numerus
829 3535 1000 3618 quinarius
1026 3557 1078 3600 res
1104 3538 1224 3600 certius
1249 3537 1424 3619 distinguit

273 3649 307 3702 et
330 3639 456 3716 melius,
475 3648 512 3702 ut
533 3640 660 3703 dictum
681 3649 742 3717 est,
758 3640 833 3703 ideo
854 3649 971 3704 natura
992 3640 1099 3724 magis
1117 3641 1258 3704 intendit
1278 3642 1424 3723 quinque

273 3743 408 3807 colores.
456 3743 501 3809 Et
527 3744 602 3807 ideo
632 3743 685 3807 isti
715 3744 861 3826 quinque
886 3743 1013 3807 colores
1039 3754 1116 3808 sunt
1142 3744 1176 3806 in
1202 3743 1291 3819 iride,
1317 3745 1423 3827 magis

273 3867 374 3930 quam
395 3848 460 3922 alii,
479 3869 523 3911 ex
546 3846 754 3912 ordinatione
776 3848 945 3911 communi
969 3858 1103 3912 naturae
1126 3849 1292 3930 operantis
1313 3860 1348 3912 et
1371 3851 1422 3913 in-

272 3953 437 4017 tendentis
452 3953 543 4034 quod
556 3952 675 4016 melius
690 3961 749 4016 est.
795 3951 897 4016 Color
911 3953 1046 4034 quidem
1062 3952 1168 4031 lazuli,
1183 3973 1282 4035 quem
1301 3964 1422 4017 vocant

272 4055 458 4135 coelestem,
471 4055 562 4139 niger
577 4065 628 4118 est
643 4053 741 4119 cum1
753 4057 899 4139 quadam
915 4055 1099 4140 splendoris
1111 4057 1281 4133 suavitate,
1297 4066 1331 4120 et
1346 4057 1422 4121 ideo

271 4161 334 4222 sub
350 4161 442 4242 nigro
457 4170 678 4243 computatur.

316 4263 361 4328 Et
383 4265 577 4328 aestimatur
598 4265 641 4328 ab
665 4263 811 4346 expertis
834 4266 925 4346 quod
949 4263 1001 4328 isti
1023 4263 1149 4327 colores
1175 4271 1352 4326 causantur
1376 4262 1420 4325 ab
1433 4277 1510 4327 Their
1519 4294 1579 4328 oon-

271 4367 465 4432 humoribus
494 4377 529 4434 et
558 4368 675 4441 tunicis
701 4367 806 4442 oculi;
838 4369 892 4431 isti
917 4368 1005 4432 enim
1031 4376 1108 4431 sunt
1135 4366 1262 4431 colores
1288 4375 1419 4430 tantum
1433 4358 1590 4459 lwffl‘mlfl

270 4481 476 4554 apparentes,
494 4481 528 4536 et
548 4472 635 4536 oculi
656 4481 767 4555 partes
787 4471 913 4535 habent
932 4471 1056 4554 aliquid
1073 4472 1115 4535 de
1135 4481 1253 4536 natura
1271 4469 1419 4535 colorum
1432 4482 1571 4527 sunctum.

269 4576 345 4640 licet
372 4575 532 4652 debiliter,
558 4577 740 4640 secundum
766 4596 907 4658 quorum
938 4596 1009 4640 esse
1039 4587 1200 4658 apparent
1230 4575 1357 4640 colores
1386 4575 1420 4638 in

702 4712 709 4741 ¹
728 4711 752 4760 in
765 4711 882 4774 quadam,
897 4712 922 4772 J.
