3542 5359
377 601 574 662 MORALIS
597 599 916 660 PHILOSOPHIA:
940 599 1056 658 PARS
1081 597 1265 672 QUARTA.
1340 614 1401 675 399

247 791 378 845 caetera
393 789 647 862 consequantur,
659 777 834 844 manifeste
848 787 942 861 patet
958 799 1017 862 per
1025 778 1089 842 hoc
1100 776 1293 842 miraculum
1309 777 1400 859 quod

247 905 362 948 verum
386 895 436 949 est
458 886 549 967 quod
574 883 698 949 Sancta
722 882 873 948 Ecclesia
904 883 1010 946 credit
1033 881 1161 946 dehoc
1191 882 1400 946 nobilissimo

249 989 473 1055 Sacramento.

293 1094 427 1156 Praeter
448 1113 527 1157 vero
549 1092 611 1157 hos
633 1094 753 1156 modos
785 1092 990 1177 probationis
1011 1099 1089 1154 sunt
1118 1090 1261 1154 rationes
1287 1090 1401 1172 hujus·
1414 1091 1533 1142 Rational

249 1198 351 1261 modi.
398 1197 492 1262 Sicut
512 1200 601 1260 enim
620 1195 758 1261 Creator
773 1217 811 1260 se
824 1195 928 1260 habet
948 1196 989 1259 ad
1012 1204 1196 1259 creaturam
1219 1205 1253 1259 et
1268 1196 1401 1277 qualem
1414 1159 1507 1275 ffiss'

249 1303 291 1366 ad
315 1321 388 1365 esse
407 1301 555 1365 Naturae
573 1319 694 1379 rerum,
707 1301 754 1363 sic
776 1300 988 1383 Redemptor
1008 1300 1050 1363 ad
1071 1300 1245 1382 redempta
1266 1300 1335 1363 sive
1358 1301 1400 1362 ad

249 1405 381 1487 eosqui
403 1405 535 1468 suntin
557 1425 630 1467 esse
650 1403 794 1482 Gratiae,
809 1414 843 1467 et
865 1403 1094 1467 abundantius
1140 1403 1229 1467 Nam
1253 1402 1329 1484 plus
1352 1413 1403 1467 est

250 1529 395 1572 recreare
417 1528 519 1590 quam
542 1529 675 1584 creare3
704 1509 762 1571 sed
784 1529 829 1571 ex
853 1507 927 1591 lege
950 1506 1133 1588 majestatis
1157 1506 1322 1572 Creatoris
1353 1516 1403 1571 est

252 1609 519 1700 [quod]¹ubique
531 1632 686 1694 praesens
696 1621 747 1675 est
758 1622 1004 1688 creaturaenec
1016 1610 1183 1693 estaliqua
1192 1631 1313 1694 expers
1324 1633 1404 1676 suae

251 1716 466 1800 praesentiae.
511 1715 602 1800 Ergo
624 1736 669 1780 ex
692 1725 861 1798 potestate
884 1715 1080 1778 Recreantis
1100 1713 1217 1780 infiniti
1233 1717 1295 1780 erit
1310 1718 1403 1799 quod

251 1840 407 1904 praesens
421 1820 464 1883 sit
479 1819 614 1885 cuilibet
629 1830 777 1883 recreato
798 1819 936 1884 habenti
956 1839 1028 1883 esse
1046 1820 1180 1901 gratiae
1226 1818 1293 1884 Sed
1310 1820 1405 1884 aliter

251 1944 317 1988 non
330 1926 428 1987 datur
441 1923 626 2005 praesentia
637 1923 709 2006 ejus
719 1924 817 1987 nobis
831 1924 894 1986 nisi
912 1943 956 1986 ex
967 1922 1031 1986 hoc
1044 1922 1269 1988 Sacramento.
1314 1923 1406 2007 Ergo

251 2048 386 2092 necesse
401 2037 453 2090 est
467 2026 533 2090 hoc
553 2025 808 2091 Sacramentum
824 2048 905 2091 esse.

294 2132 382 2195 Item
419 2133 598 2196 necessitas
634 2142 804 2196 creaturae
841 2130 972 2194 infinita
1014 2131 1149 2212 requirit
1186 2131 1404 2214 praesentiam
1418 2140 1516 2192 Second

252 2235 429 2301 Creatoris.
474 2237 563 2299 Nam
578 2236 675 2299 aliter
689 2234 854 2312 deficeret,
868 2253 911 2297 eo
931 2235 1021 2315 quod
1038 2243 1187 2298 creatura
1201 2234 1234 2296 in
1251 2254 1317 2297 non
1333 2255 1406 2299 esse
1417 2207 1498 2272 ΡΜ·

252 2341 416 2416 tenderet,
433 2340 497 2404 nisi
516 2358 616 2402 manu
634 2349 802 2404 teneretur
821 2359 881 2422 per
902 2339 1122 2420 praesentiam
1144 2337 1344 2419 majestatis:
1368 2350 1406 2404 ut

252 2442 465 2526 philosophia
480 2453 514 2506 et
526 2442 697 2524 theologia
712 2444 926 2506 concordant.
972 2440 1040 2505 Sed
1055 2452 1157 2519 tanta,
1173 2443 1278 2506 immo
1292 2443 1406 2526 major,

253 2556 304 2610 est
322 2547 501 2610 necessitas
522 2546 658 2610 recreati
678 2548 721 2609 ad
747 2547 1034 2628 Redemptorem;
1057 2567 1137 2629 ergo
1160 2555 1292 2630 oportet
1316 2549 1406 2628 quod

255 2650 436 2713 Recreator
451 2651 495 2714 sit
510 2651 543 2715 in
559 2660 707 2714 recreato
721 2661 756 2714 et
770 2652 801 2713 ei
820 2650 879 2714 fiat
902 2670 1064 2732 praesens,
1079 2652 1107 2714 si
1129 2651 1249 2715 debeat
1270 2662 1357 2714 stare
1372 2653 1406 2715 in

253 2775 325 2818 esse
345 2755 491 2833 recreati,
506 2755 540 2816 id
562 2754 669 2816 estin
691 2774 764 2818 esse
786 2755 923 2837 gratiae.
970 2754 1060 2818 Nam
1081 2756 1166 2816 sicut
1181 2775 1254 2818 esse
1268 2769 1405 2818 naturae

252 2878 289 2921 se
303 2857 406 2920 habet
419 2857 463 2921 ad
485 2855 691 2934 Creatorem,
714 2858 761 2921 sic
784 2879 857 2922 esse
871 2859 999 2942 gratiae
1020 2859 1063 2921 ad
1080 2858 1311 2922 Recreantem.
1359 2859 1404 2922 Et

253 2963 330 3027 ideo
344 2963 428 3025 sicut
443 2970 595 3024 creatura
609 2963 742 3026 caderet
757 2963 790 3025 in
802 2983 870 3026 nou
885 2982 960 3026 esse
970 2961 1120 3026 naturale
1134 2962 1195 3025 nisi
1208 2972 1295 3026 esset
1311 2981 1404 3044 prae-

252 3067 360 3130 sentia
376 3064 536 3145 Creantis,
550 3066 598 3129 sic
612 3075 796 3130 recreatum
819 3067 953 3130 caderet
973 3067 1006 3128 in
1026 3086 1092 3129 non
1117 3087 1189 3130 esse
1214 3068 1404 3149 oppositum

253 3171 379 3254 gratiae
395 3171 457 3233 nisi
473 3191 533 3252 per
548 3171 767 3255 praesentiam
785 3171 1025 3254 Redemptoris
1040 3181 1201 3234 teneatur.

298 3276 386 3340 Item
416 3275 567 3357 potentia
589 3273 714 3339 Christi
737 3286 789 3340 est
819 3274 956 3352 infinita,
980 3295 1055 3338 cum
1079 3275 1122 3338 sit
1146 3274 1248 3352 Deus,
1271 3284 1306 3338 et
1335 3275 1408 3357 ejus
1419 3285 1499 3335 Third

254 3381 417 3462 sapientia
439 3390 491 3444 est
513 3378 651 3459 infinita,
671 3390 706 3444 et
724 3380 857 3444 bonitas
875 3380 1037 3444 similiter.
1083 3379 1297 3464 Quapropter
1316 3381 1343 3443 si
1362 3401 1406 3444 ex
1420 3351 1502 3418 ΡΜ·

253 3482 418 3548 infinitate
462 3485 633 3565 potentiae
671 3493 784 3566 potest
820 3485 885 3549 hoc
926 3483 1043 3561 iacere,
1081 3495 1114 3548 et
1160 3505 1204 3547 ex
1244 3483 1408 3549 infinitate

253 3588 435 3670 sapientiae
458 3590 551 3651 novit
575 3588 638 3652 hoc
665 3589 783 3667 facere,
805 3610 885 3672 ergo
907 3610 951 3653 ex
973 3587 1136 3652 infinitate
1156 3588 1313 3652 bonitatis
1336 3587 1407 3653 vult

253 3691 318 3754 hoc
338 3689 467 3764 sacere;
489 3692 569 3772 quia
588 3693 707 3773 optimi
727 3703 779 3756 est
795 3695 924 3774 optima
945 3691 1060 3756 facere.
1107 3692 1153 3755 Et
1173 3693 1259 3770 ideo,
1281 3693 1407 3756 habens

255 3792 440 3857 bonitatem
460 3793 631 3869 infinitam,
643 3795 745 3858 debet
760 3794 867 3860 iacere
878 3798 1002 3859 bonum
1020 3795 1183 3859 infinitum
1194 3807 1227 3859 et
1243 3806 1405 3877 quantum

255 3907 369 3978 potest
384 3895 485 3977 recipi
501 3897 545 3959 ab
561 3917 611 3962 eo.
657 3897 725 3961 Sed
741 3899 806 3962 hoc
820 3899 945 3962 bonurn
965 3901 1066 3981 recipi
1085 3907 1197 3980 potest
1215 3919 1235 3961 a
1252 3911 1407 3976 recreato,

255 4001 352 4064 idest
368 4000 534 4062 existente
550 4001 583 4062 in
598 4020 669 4063 esse
684 4003 820 4084 gratiae,
836 4022 917 4084 ergo
932 4012 1066 4084 oportet
1082 4002 1172 4084 quod
1191 4001 1250 4066 fiat
1266 4004 1305 4066 ei.

301 4103 347 4166 Et
373 4102 482 4165 adhuc
511 4122 571 4184 per
595 4105 703 4167 simile
729 4114 824 4188 patet
849 4106 923 4169 hoc.
981 4107 1071 4170 Nam
1099 4118 1249 4170 creatura
1273 4107 1306 4169 in
1337 4127 1408 4170 esse
1422 4119 1520 4168 Fourrh

256 4217 395 4271 naturae
417 4206 586 4297 quaelibet
608 4209 725 4290 recipit
746 4229 767 4270 a
788 4209 946 4273 Creatore
968 4221 1130 4291 quantum
1155 4222 1267 4292 potest
1290 4231 1408 4292 capere
1420 4187 1501 4251 ΡΜ

256 4313 438 4376 secundum
455 4331 551 4374 suum
567 4321 710 4375 statum:
733 4315 917 4378 secundum
933 4315 1024 4395 quod
1039 4314 1121 4378 dicit
1129 4313 1261 4376 Tullius
1275 4315 1309 4377 in
1324 4315 1408 4378 libro

257 4418 299 4481 de
312 4415 443 4480 Natura
455 4417 616 4489 Deorum,
627 4415 755 4481 Omnes
770 4415 906 4499 partes²
922 4419 1037 4481 mundi
1054 4418 1100 4480 ita
1110 4419 1310 4482 constitutae
1321 4427 1407 4493 sunt,

453 4565 461 4596 ¹
478 4569 554 4629 quod,
568 4568 667 4629 though
680 4575 726 4617 not
738 4570 765 4617 in
777 4570 821 4618 the
834 4569 919 4629 MSS„
932 4585 1018 4619 seems
1030 4569 1110 4619 called
1123 4569 1170 4619 sor.
1184 4637 1187 4644 .

453 4645 463 4674 ²
478 4645 519 4695 De
528 4645 587 4696 Nar.
599 4646 673 4696 Dm.
687 4648 712 4698 it
724 4662 766 4710 34.
