3542 5359
365 592 386 653 8
590 596 745 655 OPERIS
770 594 958 665 MAJORIS
982 596 1097 654 PARS
1123 595 1294 669 QUINYA.

370 758 461 840 Ergo
473 768 523 823 est
534 756 661 840 aliquid
673 757 718 821 ibi
729 758 928 823 sensibiliter
940 758 1197 843 praeterviginti
1209 780 1329 824 novem
1340 758 1520 843 praedicta,

368 870 402 926 et
420 873 550 946 praeter
565 882 605 926 ea
620 882 705 944 quae
721 863 763 927 ad
780 862 837 926 illa
852 863 1062 925 reducuntur.
1109 862 1197 926 Nam
1214 872 1348 946 oportet
1366 864 1456 946 quod
1477 862 1522 926 sit

370 966 495 1048 aliquid
514 967 619 1049 magis
635 967 780 1033 activum
797 975 830 1031 et
844 965 1056 1031 alterativum
1068 968 1214 1051 corporis
1229 968 1403 1032 sentientis
1418 987 1520 1050 quam

369 1071 429 1133 lux
452 1081 486 1135 et
509 1070 608 1145 color,
631 1072 710 1153 quia
733 1091 798 1134 non
822 1069 930 1134 solum
953 1070 1079 1135 inducit
1106 1072 1438 1154 comprehensionem,
1462 1072 1521 1135 sed

370 1174 526 1238 aflectum
545 1176 673 1239 timoris
688 1175 741 1239 vel
753 1177 874 1239 amoris
890 1176 943 1238 vel
959 1174 1057 1258 fugae
1071 1176 1123 1239 vel
1140 1197 1261 1242 morae.
1306 1177 1353 1240 Et
1374 1176 1457 1239 haec
1471 1184 1522 1239 est

308 1349 313 1358 ,
372 1278 516 1361 qualitas
546 1278 788 1362 complexionis
818 1278 993 1362 cujuslibet
1015 1279 1060 1344 rei
1084 1300 1151 1361 qua
1172 1281 1374 1345 assimilatur
1395 1280 1468 1344 aliis
1489 1280 1523 1342 in

372 1393 493 1447 natura
505 1384 639 1466 speciali
653 1384 706 1448 vel
726 1382 880 1467 generali,
896 1404 956 1469 per
974 1404 1074 1467 quam
1098 1385 1298 1450 conveniunt
1319 1386 1362 1449 ad
1383 1385 1523 1448 invicem

373 1486 601 1552 confortantur
618 1496 652 1552 et
667 1488 870 1571 vigorantur,
885 1487 938 1551 vel
962 1509 1022 1570 per
1043 1509 1143 1571 quam
1166 1488 1322 1553 differunt
1342 1498 1376 1553 et
1396 1498 1525 1554 contra·

374 1592 501 1656 riantur
516 1600 550 1655 et
569 1603 685 1656 mutuo
701 1592 763 1657 sibi
780 1592 920 1657 invicem
937 1591 1021 1656 fiunt
1036 1593 1161 1657 nociva.
1209 1594 1310 1659 Unde
1330 1614 1396 1657 non
1417 1591 1525 1656 solum

374 1696 435 1758 lux
451 1706 484 1760 et
507 1695 596 1760 color
611 1696 736 1761 iaciunt
759 1717 836 1761 suas
859 1699 985 1780 species
1005 1707 1039 1762 et
1058 1698 1206 1777 virtutes,
1221 1699 1280 1762 sed
1298 1697 1398 1781 longe
1421 1696 1526 1778 magis

375 1799 553 1882 qualitates
576 1801 868 1885 complexionales‚
891 1803 996 1865 immo
1019 1804 1110 1886 ipsae
1131 1812 1271 1866 naturae
1292 1801 1528 1866 substantiales

375 1923 483 1968 rerum
507 1903 569 1969 sibi
591 1904 732 1970 invicem
751 1906 985 1970 convenientes
1004 1907 1056 1971 vel
1080 1908 1263 1971 contrariae
1282 1905 1407 1969 faciunt
1427 1905 1528 1969 fortes

377 2008 512 2090 species,
551 2029 636 2091 quae
673 2010 854 2075 immutant
891 2011 1037 2075 animam
1075 2011 1266 2075 sensitivam
1311 2008 1450 2087 lortiter,
1490 2017 1529 2072 ut

378 2122 553 2177 moveatur
592 2112 819 2178 affectionibus
861 2114 989 2179 timoris
1027 2126 1062 2180 et
1099 2115 1245 2179 horroris
1284 2123 1318 2178 et
1349 2114 1448 2197 fugae
1476 2112 1529 2175 vel

377 2218 559 2282 contrariis.
606 2218 652 2282 Et
682 2219 745 2282 hae
776 2219 903 2303 species
933 2240 992 2282 seu
1017 2220 1155 2284 virtutes
1181 2219 1351 2283 venientes
1377 2240 1398 2282 a
1424 2217 1531 2296 rebus,

378 2320 455 2387 licet
493 2321 667 2386 immutent
697 2333 731 2387 et
766 2322 908 2388 alterent
943 2344 1058 2387 sensus
1089 2322 1302 2407 particulares
1333 2334 1368 2388 et
1395 2342 1529 2387 sensum

378 2444 591 2489 communem
607 2435 640 2490 et
656 2425 941 2510 imaginationem,
950 2426 1036 2491 sicut
1047 2446 1156 2491 aerem
1170 2447 1229 2511 per
1238 2445 1339 2508 quem
1351 2433 1532 2503 transeunt,

379 2539 491 2592 tamen
522 2528 612 2593 nulla
642 2530 772 2594 illarum
801 2532 963 2595 virtutum
993 2530 1126 2594 animae
1153 2530 1281 2613 judicat
1311 2530 1354 2594 de
1382 2529 1444 2605 his,
1474 2529 1533 2592 sed

379 2642 513 2717 oportet
542 2635 633 2716 quod
664 2634 707 2699 sit
732 2634 837 2700 virtus
859 2636 990 2700 animae
1011 2636 1190 2700 sensitivae
1211 2635 1312 2717 longe
1334 2632 1477 2698 nobilior
1499 2642 1533 2696 et

379 2737 557 2821 potentior,
578 2748 613 2803 et
634 2738 716 2803 haec
738 2749 876 2804 vocatur
897 2740 1088 2804 aestimatio
1108 2760 1166 2803 seu
1189 2740 1293 2804 virtus
1315 2738 1533 2812 aestimativa,

382 2853 419 2908 ut
434 2844 513 2907 dicit
532 2843 706 2907 Avicenna
724 2844 831 2926 primo
854 2845 895 2908 de
917 2843 1049 2918 Anima,
1066 2863 1167 2925 quam
1183 2844 1262 2908 dicit
1277 2844 1398 2908 sentire
1412 2842 1535 2906 formas

383 2949 565 3013 insensatas
601 2948 689 3011 circa
726 2948 911 3013 sensibilem
944 2949 1126 3012 materiam.
1192 2947 1364 3013 Sensibilis
1400 2947 1535 3010 materia

382 3062 520 3116 vocatur
534 3052 587 3115 hic
605 3052 669 3129 illa,
685 3072 770 3134 quae
785 3073 805 3115 a
828 3053 979 3117 sensibus
997 3052 1249 3136 particularibus
1269 3061 1304 3116 et
1324 3072 1423 3116 sensu
1442 3071 1535 3115 com-

383 3155 473 3218 muni
482 3157 701 3239 cognoscitur,
714 3166 749 3219 ut
760 3167 840 3221 sunt
850 3156 968 3238 viginti
979 3176 1099 3221 novem
1109 3157 1287 3240 praedicta.
1317 3156 1363 3219 Et
1372 3156 1537 3219 insensata

383 3260 489 3323 forma
511 3268 649 3323 vocatur
671 3279 757 3342 quae
779 3262 823 3323 ab
846 3258 911 3323 illis
932 3259 1084 3324 sensibus
1110 3281 1177 3324 non
1202 3260 1381 3345 percipitur
1406 3281 1465 3343 per
1490 3279 1538 3337 se,

384 3364 463 3447 quia
484 3363 531 3428 illi
546 3364 647 3447 vulgo
667 3373 829 3428 vocantur
843 3384 967 3441 sensus,
982 3365 1134 3446 quamvis
1150 3363 1236 3429 aliae
1250 3366 1390 3429 virtutes
1408 3366 1538 3429 animae

384 3467 561 3532 sensitivae
592 3468 720 3551 possint
749 3487 856 3550 aeque
887 3469 971 3533 bene
1001 3469 1065 3532 dici
1096 3489 1222 3547 sensus,
1246 3470 1273 3533 si
1303 3467 1462 3533 vellemus
1491 3470 1538 3532 sic

385 3592 512 3651 vocare,
528 3574 685 3657 quoniam
708 3582 786 3637 sunt
808 3584 919 3655 partes
942 3573 1073 3637 animae
1095 3573 1281 3638 sensitivae.
1327 3572 1415 3638 Nam
1432 3571 1539 3636 omnis

385 3697 463 3759 pars
478 3678 608 3742 animae
623 3676 800 3741 sensitivae
815 3685 928 3759 potest
947 3696 1062 3740 sensus
1086 3678 1159 3757 dici,
1175 3676 1254 3760 quia
1272 3676 1306 3739 in
1328 3676 1470 3741 veritate
1489 3686 1538 3739 est

386 3800 511 3859 sensus,
523 3791 556 3846 et
567 3782 672 3846 virtus
687 3780 852 3845 sensitiva.
900 3779 1001 3862 Quod
1015 3802 1096 3866 ergo
1111 3780 1240 3859 dicitur,
1256 3781 1348 3862 quod
1362 3780 1539 3863 qualitates

387 3883 693 3968 complexionales¹
724 3904 790 3948 non
820 3886 1006 3949 sentiuntur
1035 3906 1055 3949 a
1081 3905 1189 3962 sensu,
1213 3884 1463 3967 intelligendum
1490 3892 1540 3947 est

387 3990 478 4071 quod
500 4012 521 4053 a
542 4010 640 4054 sensu
663 3988 850 4072 particulari
873 3998 909 4053 et
934 3989 1112 4066 communi,
1135 3998 1170 4053 et
1199 3989 1458 4072 imaginatione;
1482 3989 1541 4051 sed

387 4095 473 4159 bene
495 4103 635 4176 possunt
656 4094 769 4158 sentiri
791 4094 835 4158 ab
857 4093 1098 4167 aestimatione,
1121 4092 1304 4174 quaelicet
1325 4113 1391 4157 non
1413 4093 1542 4157 dicatur

390 4217 512 4275 sensus,
529 4207 580 4262 est
595 4209 709 4262 tamen
724 4219 801 4281 pars
816 4198 948 4261 animae
963 4197 1149 4261 sensitivae.

220 4304 336 4354 nnimns
435 4302 502 4368 Sed
519 4302 709 4366 aestimatio
725 4322 791 4365 non
807 4302 925 4366 retinet
940 4302 1096 4384 speciem,
1112 4301 1188 4365 licet
1204 4300 1340 4383 recipiat
1363 4320 1436 4363 earn
1458 4300 1542 4364 sicut

220 4374 327 4420 havesn
680 4407 687 4422 .
784 4407 790 4420 .
881 4406 889 4420 .
941 4407 948 4419 .
1063 4406 1070 4418 .
1136 4406 1143 4419 .
1261 4406 1269 4419 .
1363 4406 1370 4419 .

222 4452 299 4501 mg„
311 4435 341 4484 of
391 4427 506 4471 sensus
521 4427 714 4484 communis,
730 4416 764 4469 et
782 4407 857 4469 rdeo
879 4407 1007 4489 indiget
1028 4404 1093 4470 alra
1113 4415 1235 4469 virtute
1259 4426 1292 4468 rn
1311 4404 1428 4469 ultima
1449 4415 1544 4488 parte

423 4544 431 4573 ¹
449 4542 593 4605 Qualitates
604 4542 831 4605 complexionales,
842 4558 872 4591 as
883 4544 960 4605 given
969 4544 994 4591 in
1008 4542 1102 4605 ldagd,
1111 4557 1196 4592 seems
1204 4543 1290 4592 better
1300 4543 1364 4591 than
1376 4542 1541 4604 substantiae,

391 4623 436 4671 the
447 4624 555 4684 reading
565 4622 594 4671 ol
602 4625 647 4671 the
659 4622 734 4671 other
746 4622 822 4673 MSS.
