3542 5359
374 598 435 659 402
588 579 745 640 OPERIS
769 579 959 649 MAJORIS
983 575 1097 638 PARS
1122 579 1321 638 SEPTIMA.

374 746 560 820 ascendere,
580 744 681 807 maria
696 744 844 821 transire,
859 763 920 808 nec
938 763 1043 820 arare,
1059 763 1117 809 nec
1134 752 1258 808 metere
1277 763 1337 826 pro
1352 741 1416 807 hoc
1431 763 1534 826 pane,

374 869 435 913 nec
450 850 562 912 vineas
584 869 644 932 pro
660 847 724 912 hoc
747 857 829 930 potu
848 847 998 931 plantare
1017 867 1077 910 nec
1099 847 1235 917 calcare,
1251 848 1309 912 sed
1329 866 1404 910 cum
1424 847 1528 910 sacili-

375 965 445 1019 tate
455 955 556 1017 verba
571 953 717 1036 quinque
732 950 887 1036 proferre,
904 962 939 1016 ut
956 953 999 1016 sit
1013 953 1186 1016 nobiscum
1204 951 1297 1014 Deus
1312 962 1346 1015 et
1363 950 1528 1016 Dominus

374 1068 487 1123 noster
512 1057 569 1140 qui
596 1066 647 1121 est
670 1057 865 1121 benedictus
893 1056 926 1120 in
955 1056 1095 1120 saecula.
1153 1055 1292 1140 Propter
1316 1055 1381 1119 hoc
1408 1056 1530 1120 dicitur

374 1163 656 1227 Deuteronomiae
676 1182 762 1237 xxx,
778 1161 979 1225 Mandatum
1002 1160 1066 1223 hoc
1087 1161 1177 1244 quod
1199 1181 1263 1242 ego
1283 1160 1450 1244 praecipio
1465 1160 1528 1224 tibi

372 1287 439 1331 non
459 1287 559 1350 supra
577 1276 611 1330 te
628 1275 688 1341 est,
709 1286 772 1344 nec
795 1263 909 1346 procul
933 1265 1088 1347 positum,
1107 1285 1167 1328 nec
1191 1265 1224 1328 in
1246 1263 1342 1329 coelo
1364 1265 1475 1344 situm,
1490 1275 1528 1327 ut

374 1371 481 1455 possis
511 1371 629 1448 dicere,
655 1368 739 1451 Quis
764 1379 916 1432 nostrum
940 1370 983 1432 ad
1012 1367 1142 1431 coelum
1170 1367 1259 1431 valet
1285 1370 1464 1433 ascendere
1491 1379 1528 1430 ut

373 1476 502 1540 delerat
521 1474 603 1539 illud
623 1475 667 1538 ad
690 1494 760 1550 nos,
781 1483 814 1536 et
836 1473 1011 1536 audiamus
1033 1483 1135 1554 atque
1156 1492 1257 1554 opere
1275 1472 1527 1557 compleamus?

372 1600 435 1644 nec
458 1589 548 1643 trans
570 1598 660 1641 mare
683 1579 829 1660 positum
853 1588 890 1641 ut
912 1577 1056 1642 causeris
1075 1587 1108 1640 et
1130 1577 1231 1654 dicas,
1254 1577 1339 1660 Quis
1362 1598 1404 1640 ex
1431 1578 1528 1641 nobis

372 1685 512 1748 transire
534 1684 656 1765 poterit
679 1703 769 1745 mare
792 1692 827 1747 et
851 1683 940 1746 istud
963 1703 1068 1764 usque
1089 1683 1133 1746 ad
1157 1703 1218 1746 nos
1242 1683 1376 1760 deserte,
1391 1693 1428 1745 ut
1451 1703 1527 1765 pos·

373 1788 476 1852 simus
498 1788 611 1851 audire
634 1798 668 1851 et
691 1788 798 1850 facere
817 1787 908 1870 quod
933 1798 1146 1869 praeceptum
1165 1791 1240 1849 est?
1286 1785 1353 1850 Sed
1373 1785 1473 1869 juxta
1492 1798 1527 1850 te

373 1903 425 1956 est
446 1890 545 1955 valde
567 1911 677 1954 sermo
703 1892 736 1954 in
761 1911 818 1954 ore
842 1900 902 1953 tuo
929 1891 1018 1954 etin
1045 1892 1144 1955 corde
1171 1901 1239 1955 tuo.
1285 1890 1363 1954 Non
1393 1901 1528 1973 oportet

374 2018 464 2080 ergo,
482 2008 520 2060 ut
534 1996 637 2059 vitam
658 2005 826 2059 aeternam
841 1995 1034 2075 habeamus,
1049 1996 1109 2058 nisi
1132 1996 1232 2058 corde
1250 1996 1391 2076 credere,
1408 2006 1442 2058 et
1456 2017 1526 2059 ser-

374 2123 508 2166 monem
532 2101 676 2183 prolerre
698 2100 833 2164 brevem
855 2108 890 2164 et
912 2119 1051 2163 numero
1073 2101 1219 2183 quinario
1234 2101 1410 2164 verborum
1433 2121 1526 2164 coar·

371 2217 492 2271 tatum.
540 2205 628 2270 Nam
644 2205 696 2267 hic
712 2225 869 2268 numerus
883 2205 916 2268 in
933 2224 1040 2268 rerum
1053 2207 1215 2268 variarum
1232 2205 1527 2287 comprehensione

372 2313 529 2376 distincta
549 2320 600 2374 est
621 2308 738 2373 melior
759 2310 914 2373 omnibus
932 2309 1085 2387 numeris
1107 2310 1289 2374 secundum
1308 2308 1524 2375 Aristotelem

373 2415 457 2480 libro
474 2416 694 2480 Secretorum.

205 2525 348 2602 Thelme,
418 2520 549 2584 Deinde
572 2518 662 2601 quod
689 2539 710 2581 a
736 2527 849 2583 nostro
874 2539 972 2582 sensu
1003 2518 1186 2584 occultatur
1212 2521 1333 2585 accidit
1360 2522 1457 2585 nobis
1481 2541 1525 2582 ex

204 2590 360 2720 ffilu‘fisyst
371 2623 444 2705 ejus
460 2645 481 2687 a
495 2625 590 2688 nobis
606 2622 1007 2704 incomprehensibilitate.
1047 2624 1136 2687 Nam
1153 2627 1314 2688 sustinere
1328 2624 1526 2689 sensibiliter

204 2722 350 2838 {2332OEoe
373 2728 581 2810 majestatem
606 2747 671 2792 non
695 2747 878 2810 possemus,
903 2729 962 2792 sed
988 2726 1204 2792 deficeremus
1231 2729 1362 2811 penitus
1389 2738 1526 2812 propter

351 2824 589 2899 'reverentiam
612 2844 646 2897 et
668 2833 880 2897 devotionem
902 2842 935 2895 et
955 2833 1231 2897 admirationem:
1259 2836 1343 2898 sicut
1366 2834 1525 2916 Apostoli

372 2950 449 3021 post
464 2939 733 3002 resurrectionem
751 2958 816 3000 non
832 2947 1012 3019 potuerunt
1026 2938 1187 3001 sustinere
1204 2939 1413 3002 Dominicam
1430 2958 1524 3020 prae·

370 3044 514 3107 sentiam
532 3043 733 3106 sensibilem.
778 3042 850 3104 Nec
867 3043 968 3105 etiam
983 3042 1102 3106 beatus
1120 3042 1302 3122 Dionysius
1318 3041 1526 3126 Areopagita

372 3149 481 3230 potuit
497 3146 640 3229 perferre
655 3147 875 3230 praesentiam
892 3145 1039 3228 Virginis
1057 3147 1183 3211 Mariae
1201 3157 1278 3230 post
1298 3148 1524 3212 ascensionem

372 3251 522 3314 Domini.
568 3251 677 3313 lmmo
692 3271 767 3314 cum
786 3251 829 3315 de
846 3250 985 3314 Graecia
1005 3251 1177 3316 interram
1197 3261 1347 3315 sanctam
1370 3252 1525 3316 transiret

373 3366 410 3419 ut
436 3365 577 3418 matrem
607 3354 744 3418 Domini
767 3354 903 3430 videret,
927 3354 1110 3436 ingrediens
1140 3355 1250 3419 locum
1278 3356 1334 3420 ubi
1361 3357 1460 3420 beata
1489 3367 1526 3422 et

370 3458 516 3543 gloriosa
538 3459 631 3542 virgo
660 3459 777 3535 oravit,
808 3459 927 3522 cecidit
956 3469 1117 3541 tanquam
1148 3471 1306 3539 mortuuS,
1332 3461 1525 3524 exclamans

371 3564 462 3645 quod
485 3564 687 3638 educeretur,
703 3561 804 3627 libere
827 3561 987 3627 confitens
1010 3566 1100 3646 quod
1124 3564 1234 3628 nullus
1256 3563 1364 3628 fidelis
1387 3565 1525 3629 deberet

372 3669 484 3732 videre
505 3667 683 3749 gloriosam
702 3665 873 3750 Virginem
901 3677 1038 3751 propter
1061 3667 1131 3748 ejus
1155 3671 1383 3732 reverentiam.
1430 3669 1524 3752 Ergo

370 3773 469 3856 longe
485 3773 591 3854 magis
607 3770 717 3834 nullus
738 3781 851 3852 posset
871 3772 1034 3834 sustinere
1055 3773 1274 3852 praesentiam
1292 3773 1428 3836 Domini
1447 3794 1523 3837 sen-

370 3877 519 3954 sibilem3
550 3887 584 3940 et
605 3875 671 3940 hoc
693 3877 874 3959 probamus
901 3896 958 3957 per
982 3877 1230 3958 experientiam.
1277 3877 1365 3942 Nam
1394 3875 1439 3940 illi
1465 3879 1523 3961 qui

370 3984 557 4045 exercitant
571 4001 609 4045 se
630 3981 664 4044 in
686 3980 753 4044 lide
773 3989 806 4042 et
824 3999 939 4044 amore
958 3979 1274 4046 istius.Sacramenti
1294 4002 1360 4044 non
1384 3991 1524 4065 possunt

368 4087 530 4150 sustinere
545 4085 755 4149 devotionem
770 4103 855 4165 quae
873 4105 917 4148 ex
935 4104 1016 4166 pura
1032 4083 1096 4150 fide
1112 4086 1264 4164 nascitur,
1280 4087 1360 4167 quin
1376 4085 1523 4150 defluant

370 4190 402 4252 in
418 4189 590 4272 lacrymas,
608 4201 642 4256 et
657 4188 832 4253 dulcedine
846 4189 1033 4252 devotionis
1056 4189 1201 4254 totaliter
1215 4188 1375 4272 liquescat
1391 4190 1523 4254 animus

369 4314 469 4377 super
484 4313 519 4357 se
534 4294 689 4370 elevatus,
705 4293 852 4356 nesciens
868 4293 924 4355 ubi
939 4294 981 4356 sit
997 4313 1056 4358 nec
1074 4295 1260 4376 dequibus.
1306 4294 1523 4378 Quapropter

370 4397 559 4461 sensibilem
586 4397 809 4480 praesentiam
835 4397 1041 4478 impossibile
1067 4409 1154 4462 esset
1179 4398 1306 4461 homini
1333 4397 1422 4461 fideli
1450 4419 1523 4462 sus-

368 4502 481 4577 tinere,
498 4511 531 4564 et
554 4502 628 4564 ideo
648 4521 779 4564 summa
802 4501 950 4564 bonitate
969 4502 1143 4566 nobiscum
1165 4503 1392 4585 dispensatum
1413 4514 1463 4567 est
1485 4514 1522 4566 ut

369 4605 553 4668 occultetur
567 4625 588 4667 a
602 4603 700 4668 nobis
715 4605 798 4670 visio
812 4603 987 4669 sensibilis.
