3542 5359
357 580 398 642 32
585 563 741 622 OPERIS
765 561 827 619 MA
825 561 955 633 JORIS
978 563 1092 623 PARS
1117 562 1289 637 QUINTA.

358 729 401 792 de
415 730 523 792 cauda
538 727 684 811 pavonis
730 724 888 791 Similiter
908 724 1034 790 multae
1056 745 1116 803 res,
1131 737 1170 791 ut
1188 747 1347 811 squamae
1362 725 1510 809 piscium,

358 831 411 895 vel
435 852 574 914 quercus
595 830 737 913 putrida,
762 838 797 893 et
816 830 937 894 vermis
956 831 1093 912 quidam
1111 842 1146 896 et
1167 832 1236 895 avis
1262 850 1350 913 quae
1373 840 1511 895 vocatur

360 936 534 1016 noctiluca,
548 936 684 1018 quando
699 935 759 998 lux
774 934 886 1013 oritur,
900 934 1087 999 occultatur
1107 955 1220 999 eorum
1243 934 1311 1010 lux,
1327 943 1360 999 et
1380 936 1511 1000 videtur

359 1040 469 1103 color:
491 1042 626 1124 quando
641 1059 719 1102 vero
734 1050 811 1104 sunt
826 1038 860 1101 in
880 1038 1036 1115 tenebris,
1052 1048 1131 1103 tunc
1151 1039 1213 1103 lux
1230 1059 1345 1103 eorum
1360 1048 1510 1123 apparet.

360 1142 576 1209 Manifestum
592 1153 643 1207 est
658 1143 766 1227 igitur,
781 1141 872 1226 quod
887 1142 1012 1226 species
1036 1142 1118 1207 lucis
1138 1144 1288 1208 maxime
1305 1154 1461 1226 operatur
1477 1144 1509 1206 in

358 1248 477 1312 visum.
523 1248 569 1311 Et
594 1247 664 1312 sine
695 1246 955 1311 contradictione
985 1248 1185 1329 experimur,
1215 1250 1305 1330 quod
1336 1249 1407 1312 sine
1438 1248 1510 1313 luce

360 1352 449 1433 nihil
470 1352 620 1427 videtur3
650 1362 783 1433 oportet
809 1351 897 1414 enim
922 1352 1014 1433 quod
1044 1350 1104 1415 lux
1134 1354 1321 1417 extrinseca
1347 1353 1434 1431 solis,
1456 1352 1509 1416 vel

359 1455 539 1529 stellarum,
553 1456 604 1520 vel
622 1455 707 1539 ignis
722 1454 764 1519 sit
784 1475 937 1539 praesens
961 1455 994 1517 in
1014 1476 1099 1532 aere,
1112 1455 1164 1519 vel
1188 1455 1248 1520 lux
1269 1455 1403 1539 propria
1423 1456 1510 1520 oculi

360 1560 580 1644 multiplicata
595 1561 638 1625 ab
654 1560 761 1640 oculo,
776 1560 859 1625 sicut
874 1560 994 1624 accidit
1009 1560 1051 1624 de
1061 1559 1158 1625 oculo
1174 1561 1249 1626 cati.
1296 1561 1511 1645 Quapropter

359 1674 491 1750 oportet
505 1684 636 1748 semper
654 1664 796 1749 speciem
813 1663 895 1729 lucis
910 1663 1031 1747 requiri
1046 1665 1089 1729 ad
1104 1665 1223 1730 visum.

785 1971 1014 2037 Carnutum
1038 1973 1084 2039 11.

469 2128 570 2213 Quod
585 2128 667 2193 visio
682 2149 750 2193 non
766 2128 973 2214 compleatur
988 2128 1020 2193 in
1036 2129 1149 2204 oculis,
1164 2131 1223 2194 sed
1240 2130 1272 2193 in
1289 2151 1401 2195 nervo.

192 2315 281 2367 vision
405 2300 583 2368 Sciendum
600 2309 659 2379 est,
671 2303 762 2385 quod
778 2301 861 2366 visio
876 2322 943 2364 non
958 2301 1145 2383 completur
1159 2300 1192 2364 in
1208 2299 1311 2365 oculis
1326 2302 1509 2366 secundum

190 2382 347 2513 ξξξζῗῖζζ*
360 2408 450 2490 quod
463 2406 583 2471 docent
593 2416 743 2470 auctores
757 2406 997 2488 Perspectivae.
1029 2406 1118 2470 Nam
1128 2406 1214 2470 duae
1223 2406 1349 2487 species
1359 2407 1510 2470 diversae

193 2514 272 2592 burin
283 2514 325 2565 the
360 2510 496 2575 veniunt
517 2511 560 2574 ad
584 2509 708 2589 oculOS,
726 2520 758 2574 et
782 2509 957 2575 diversitas
974 2510 1096 2593 speciei
1119 2509 1318 2574 diversificat
1336 2508 1510 2591 judicium,

190 2579 269 2631 brun.
360 2615 439 2697 quia
475 2634 534 2697 per
571 2614 716 2679 diversas
752 2615 879 2697 species
905 2614 1108 2697 judicabitur
1137 2635 1202 2679 una
1231 2634 1283 2678 res
1312 2634 1385 2679 esse
1414 2616 1510 2678 duae.

360 2718 519 2784 Similiter
535 2739 594 2803 per
608 2718 832 2783 diversitatem
846 2719 1036 2801 judicantis.
1082 2719 1122 2783 In
1142 2719 1275 2783 duobus
1295 2719 1384 2782 enim
1406 2718 1511 2783 oculis

356 2823 480 2906 judicia
503 2822 585 2888 fiunt
603 2824 741 2887 diversa.
788 2824 881 2905 Ergo
899 2843 966 2887 una
988 2844 1042 2888 res
1060 2824 1130 2887 visa
1150 2822 1381 2887 aestimabitur
1403 2824 1512 2887 adhuc

357 2929 497 2992 diversa.
543 2927 685 3010 Oportet
701 2948 779 3011 ergo
796 2928 886 3011 quod
904 2927 993 2991 aliud
1010 2927 1054 2992 sit
1073 2928 1216 2991 sentiens
1237 2937 1368 3010 praeter
1387 2927 1510 3002 oculos,

358 3032 392 3094 in
422 3052 491 3114 quo
520 3032 705 3115 completur
734 3033 825 3109 visio,
856 3031 948 3114 cujus
979 3033 1200 3096 instrumenta
1228 3042 1308 3096 sunt
1337 3032 1423 3096 oculi
1453 3032 1511 3114 qui

358 3136 501 3200 reddunt
519 3138 549 3199 ei
570 3136 714 3217 speciem
729 3137 915 3216 visibilem;
937 3148 971 3201 et
988 3136 1052 3202 hoc
1071 3147 1122 3202 est
1137 3158 1256 3199 nervus
1278 3137 1463 3201 communis
1478 3137 1510 3200 in

358 3238 529 3321 superficie
545 3240 677 3316 cerebri,
689 3240 746 3303 ubi
762 3251 960 3305 concurrunt
975 3242 1042 3305 duo
1058 3241 1148 3305 nervi
1163 3241 1331 3305 venientes
1346 3261 1366 3304 a
1381 3242 1511 3306 duabus

358 3342 508 3427 partibus
523 3344 696 3408 anterioris
714 3345 849 3417 cerebri,
864 3345 921 3428 qui
942 3354 1019 3427 post
1040 3365 1236 3411 concursum
1260 3345 1461 3419 dividuntur,
1477 3355 1511 3409 et

358 3447 585 3512 extenduntur
598 3449 640 3512 ad
658 3448 781 3513 oculos.
829 3450 879 3513 Ibi
896 3449 997 3534 igitur
1008 3459 1059 3514 est
1070 3450 1173 3513 virtus
1185 3447 1298 3523 visiva,
1309 3458 1346 3512 ut
1361 3450 1395 3512 in
1411 3448 1510 3525 sonte,

359 3560 393 3615 et
408 3552 487 3634 quia
503 3563 581 3617 tunc
595 3552 699 3616 virtus
714 3552 848 3617 fontalis
864 3566 915 3618 est
930 3574 1006 3627 una,
1022 3555 1065 3617 ad
1081 3573 1182 3635 quam
1198 3553 1431 3618 continuantur
1447 3555 1511 3617 vir·

357 3665 447 3720 tutes
462 3656 633 3720 oculorum
650 3677 709 3739 per
730 3658 876 3720 medium
899 3678 1073 3722 nervorum
1096 3656 1294 3740 opticorum,
1310 3656 1385 3721 ideo
1401 3665 1511 3741 potest

358 3778 425 3822 una
441 3779 492 3823 res
507 3780 666 3842 apparere
682 3780 756 3835 una,
772 3769 934 3843 quantum
951 3772 1061 3825 estex
1080 3760 1142 3824 hac
1163 3780 1272 3823 causa.
1319 3760 1387 3824 Sed
1403 3760 1512 3825 adhuc

358 3872 491 3944 oportet
512 3865 604 3944 quod
622 3864 709 3927 duae
729 3864 856 3946 species
873 3864 1043 3928 venientes
1062 3863 1105 3926 ab
1125 3863 1231 3928 oculis
1251 3874 1448 3928 concurrant
1466 3864 1510 3928 ad

358 3985 460 4030 unum
476 3965 585 4029 locum
602 3967 635 4029 in
650 3986 752 4031 nervo
767 3968 943 4045 communi,
958 3977 992 4032 et
1007 3987 1072 4030 una
1093 3966 1152 4031 fiat
1173 3988 1217 4030 ex
1237 3968 1283 4031 eis
1304 3967 1462 4032 intensior
1476 3976 1511 4032 et

357 4069 494 4153 plenior,
519 4089 620 4151 quam
651 4070 756 4134 altera
788 4071 929 4133 illarum.
987 4070 1193 4135 Naturaliter
1217 4071 1306 4134 enim
1333 4071 1511 4134 miscentur

356 4173 444 4237 duae
458 4172 585 4237 sormae
599 4172 747 4254 ejusdem
764 4174 883 4258 speciei
899 4175 932 4238 in
947 4176 1064 4239 eadem
1086 4174 1225 4239 materia
1240 4182 1275 4237 et
1290 4174 1409 4238 eodem
1425 4173 1510 4249 loce,

335 4312 337 4319 ·
356 4286 392 4340 et
415 4276 490 4341 ideo
513 4297 579 4341 non
603 4277 856 4359 distinguuntur,
880 4279 939 4341 sed
964 4278 1002 4342 fit
1025 4274 1112 4343 una¹
1136 4288 1314 4360 postquam
1338 4279 1382 4341 ad
1406 4297 1508 4341 unum

358 4379 467 4444 locum
481 4382 627 4453 veniunt,
643 4392 676 4445 et
690 4391 770 4446 tunc
785 4382 863 4464 quia
878 4382 983 4445 virtus
994 4380 1148 4465 judicans
1169 4391 1220 4445 est
1240 4402 1314 4457 una,
1328 4391 1363 4445 et
1382 4381 1509 4465 species

357 4502 431 4560 una,
455 4484 492 4549 fit
514 4506 616 4551 unum
640 4485 802 4568 judicium
828 4506 1008 4550 areuna.
1053 4484 1158 4568 Cujus
1183 4486 1314 4569 siguum
1338 4485 1508 4568 estquod

639 4610 648 4639 ¹
665 4612 694 4663 fir
706 4628 766 4675 uua,
779 4612 794 4663 i.
802 4630 825 4663 e.
838 4630 890 4664 una
901 4614 1002 4678 species
1009 4631 1016 4676 ;
1032 4628 1064 4664 or
1074 4630 1126 4663 une
1137 4614 1227 4663 forma.
