3542 5359
364 592 693 654 PERSPECTIVAE
718 592 832 650 PARS
857 591 1020 650 PRIMA:
1054 591 1160 650 DIST
1187 590 1242 647 IX.
1335 588 1377 667 63

224 756 386 820 nebuloso
414 758 446 819 in
469 757 599 839 hyeme,
622 755 679 838 qui
701 777 722 819 a
747 756 847 837 longe
859 756 999 818 'videtur
1020 755 1079 818 sed
1103 774 1170 816 non
1195 756 1237 818 de
1261 774 1376 837 prope,

223 869 395 924 ettamen
424 881 480 924 aer
504 880 686 942 vaporosus
712 860 881 923 uniformis
910 871 961 924 est
991 861 1022 922 in
1049 860 1213 923 densitate
1236 868 1270 922 et
1297 859 1376 922 rari-

223 972 303 1027 tate.
358 964 425 1028 Sed
458 988 478 1028 a
515 965 672 1029 distantia
707 984 828 1047 magna
858 964 987 1027 videtur
1019 974 1155 1048 propter
1187 964 1251 1027 hoc
1285 963 1376 1045 quod

224 1078 335 1149 potest
364 1070 541 1133 terminare
575 1070 718 1152 speciem
749 1070 838 1131 visus
867 1078 901 1133 et
932 1069 962 1132 ei
993 1069 1161 1145 resistere3
1199 1079 1234 1131 et
1263 1068 1310 1132 sic
1340 1065 1377 1131 fit

224 1173 359 1248 visibile,
385 1174 475 1256 quod
506 1195 572 1237 non
603 1184 714 1256 potest
742 1172 849 1237 facere
879 1174 923 1237 de
951 1195 1056 1257 prope
1085 1182 1223 1255 propter
1251 1172 1377 1236 sortitu·

224 1278 334 1341 dinem
372 1278 491 1361 speciei
528 1279 627 1343 visus.
685 1279 758 1343 Nec
795 1288 845 1343 est
882 1279 1036 1362 deceptio
1072 1279 1170 1354 visus,
1207 1277 1285 1359 quia
1321 1298 1378 1341 aer

225 1382 279 1446 ille
307 1403 488 1465 vaporosus
518 1382 620 1446 habet
651 1384 810 1448 rationem
841 1382 972 1465 objecti,
1001 1404 1087 1466 quae
1115 1383 1200 1445 ratio
1228 1382 1378 1445 consistit

224 1490 402 1552 secundum
427 1488 632 1552 Avicennam
661 1488 694 1551 in
721 1488 785 1550 hoc
811 1488 901 1571 quod
929 1497 1042 1570 potest
1063 1488 1169 1551 visum
1193 1486 1378 1550 terminare.

225 1591 387 1656 Similiter
406 1593 482 1654 dico
500 1592 564 1670 hic,
579 1593 668 1673 quod
691 1612 755 1667 aer,
769 1592 821 1655 vel
838 1592 978 1675 sphaera
998 1593 1093 1675 ignis,
1107 1590 1160 1655 vel
1181 1591 1320 1669 coelum,
1336 1592 1379 1653 de

223 1716 327 1779 prope
352 1706 387 1760 et
414 1696 558 1779 alonge
584 1706 635 1760 est
659 1696 775 1759 similis
799 1697 942 1760 raritatis
967 1707 1127 1779 quantum
1154 1697 1196 1759 ad
1224 1715 1377 1759 sensum:

223 1801 280 1863 sed
309 1812 421 1863 tamen
448 1800 549 1863 habet
574 1800 699 1882 aliquid
725 1801 901 1866 densitatis
927 1802 970 1864 de
998 1822 1059 1865 sua
1084 1809 1212 1877 natura,
1234 1808 1269 1862 et
1295 1799 1378 1863 haec

223 1902 370 1966 densitas
396 1913 507 1986 potest
532 1904 676 1986 speciem
698 1904 786 1966 visus
810 1904 842 1966 in
867 1924 988 1987 magna
1011 1904 1170 1967 distantia
1192 1904 1377 1977 terminare,

222 2008 312 2089 quod
340 2028 406 2069 non
433 2016 545 2091 potest
570 2009 677 2071 facere
703 2008 737 2070 in
763 2028 875 2090 parva,
898 2019 931 2072 et
958 2010 1035 2073 ideo
1060 2009 1145 2072 bene
1167 2008 1333 2071 videbitur
1357 2028 1378 2071 a

222 2111 413 2195 longinquo,
444 2112 503 2175 sed
532 2131 600 2173 non
630 2112 673 2175 de
702 2133 815 2195 prope.
865 2110 966 2195 Quod
996 2132 1076 2195 ergo
1104 2112 1186 2176 dicit
1215 2110 1378 2186 Alhazen,

221 2216 313 2296 quod
329 2214 459 2278 visibile
473 2214 575 2280 habet
594 2218 757 2280 excedere
775 2212 975 2279 densitatem
995 2217 1087 2293 aeriS,
1102 2224 1136 2280 et
1152 2225 1250 2279 vocat
1268 2235 1377 2279 aerem

220 2320 432 2403 perspicuum
464 2328 573 2383 totum
609 2340 712 2401 usque
746 2320 789 2383 ad
824 2315 947 2397 stellas,
976 2320 1225 2404 intelligendum
1261 2329 1313 2383 est
1346 2320 1379 2381 in

218 2423 407 2487 visibilibus
425 2424 589 2486 consuetis
608 2443 694 2505 quae
712 2418 745 2486 ln
767 2422 880 2488 debita
901 2424 1059 2488 distantia
1079 2434 1113 2488 et
1134 2424 1168 2486 in
1188 2423 1379 2487 fortitudine

217 2528 313 2591 visus
327 2538 468 2611 possunt
480 2527 593 2591 videri.
627 2526 740 2610 Quare
754 2547 832 2590 vero
846 2538 1006 2611 appareat
1021 2527 1139 2593 coloris
1153 2529 1321 2611 vergentis
1335 2528 1379 2591 ad

220 2632 364 2714 nigrum,
386 2631 510 2696 scilicet
533 2630 651 2697 coloris
679 2631 827 2709 caerulei,
850 2644 903 2697 est
926 2642 1060 2715 propter
1082 2632 1154 2704 hoc,
1177 2632 1267 2715 quod
1293 2631 1378 2696 sicut

219 2735 253 2799 in
273 2757 365 2819 aqua
385 2735 549 2821 profunda
571 2745 710 2820 apparet
732 2736 882 2799 similiter
903 2734 959 2799 ille
980 2736 1071 2799 color
1091 2747 1225 2819 propter
1245 2736 1379 2798 umbras

218 2839 389 2924 projectas
412 2861 433 2902 a
459 2840 616 2922 partibus,
639 2862 682 2903 ex
709 2840 829 2922 quibus
856 2842 983 2904 umbris
1009 2840 1159 2904 redditur
1184 2841 1378 2913 obscuritas,

217 2966 307 3027 quae
324 2942 507 3009 estsimilis
523 2944 695 3027 nigredini,
710 2946 756 3009 sic
777 2946 874 3009 estin
897 2965 974 3009 aere
993 2945 1064 3008 sive
1083 2945 1192 3008 medio
1214 2947 1298 3009 inter
1317 2964 1379 3007 nos

217 3059 251 3113 et
278 3048 412 3113 coelum
439 3048 604 3111 ultimum.
651 3048 688 3113 Si
714 3070 792 3113 vero
817 3048 954 3131 aliquod
980 3070 1098 3132 corpus
1124 3048 1267 3113 coeleste
1293 3057 1379 3112 esset

216 3154 376 3231 densum,
396 3162 475 3216 tunc
498 3162 611 3237 posset
632 3152 699 3215 dici
721 3154 812 3234 quod
834 3152 916 3217 illud
940 3163 1026 3218 esset
1047 3152 1176 3217 visibile
1198 3151 1380 3237 principale

216 3258 309 3339 quod
334 3258 443 3321 visum
470 3258 670 3332 terminaret,
688 3265 721 3321 et
743 3266 853 3321 totum
875 3255 1085 3342 perspicuum
1110 3257 1322 3340 interipsum
1347 3266 1381 3320 et

215 3362 355 3425 oculum
393 3381 459 3425 non
497 3361 727 3443 perciperetur,
759 3362 820 3424 nisi
851 3363 927 3443 quia
958 3364 1048 3427 visus
1076 3362 1216 3446 percipit
1246 3382 1282 3425 se
1315 3381 1381 3424 non

214 3464 402 3539 terminari,
417 3474 595 3547 antequam
616 3465 742 3547 species
762 3465 832 3547 ejus
847 3467 959 3529 veniat
979 3468 1022 3530 ad
1039 3466 1119 3531 illud
1138 3468 1288 3529 densum.
1335 3465 1380 3527 Et

214 3571 419 3634 aestimatur
433 3590 454 3633 a
474 3570 680 3651 sapientibus
694 3570 904 3646 astronomis,
918 3570 975 3651 qui
991 3569 1195 3653 theologiam
1218 3571 1382 3652 ignorant,

213 3674 308 3755 quod
331 3671 463 3737 coelum
484 3672 652 3736 stellatum
674 3674 718 3738 sit
738 3674 861 3755 ubique
881 3670 1032 3737 densum.
1076 3673 1145 3739 Sed
1165 3673 1263 3737 aliter
1281 3672 1380 3736 aesti-

214 3788 340 3854 matur,
370 3776 494 3839 scilicet
524 3777 613 3858 quod
641 3776 733 3855 illud,
759 3779 850 3859 quod
876 3777 1009 3841 videtur
1037 3776 1185 3861 superius
1215 3779 1259 3842 ad
1288 3777 1381 3860 quod

212 3883 422 3947 terminatur
445 3881 544 3959 visus,
570 3880 614 3945 sit
639 3879 768 3945 coelum
794 3902 946 3965 aqueum.
992 3881 1081 3946 Nam
1107 3880 1252 3946 colorem
1278 3881 1382 3945 habet

213 3987 300 4050 sicut
326 4006 420 4068 aqua
446 3985 546 4049 maris
569 3984 632 4062 hic,
654 3994 689 4049 et
715 3984 796 4049 illud
821 3983 951 4050 coelum
972 3986 1124 4050 videmus
1149 4006 1209 4068 per
1235 3985 1380 4048 medium

213 4092 390 4157 coelorum
408 4088 557 4153 omnium
574 4100 651 4154 octo
666 4110 752 4171 quae
768 4099 844 4153 sunt
856 4090 947 4153 citra.
981 4090 1060 4154 Non
1076 4089 1162 4152 enim
1181 4100 1231 4153 est
1241 4089 1379 4154 dubium

213 4194 391 4277 theologis
427 4201 463 4256 et
495 4191 804 4276 philosophantibus
840 4194 1022 4257 secundum
1060 4192 1264 4275 theologiam
1301 4193 1382 4274 quin

214 4300 348 4363 ooelum
366 4316 492 4362 nonum
509 4297 551 4361 sit
570 4294 755 4379 aqueum¹;
778 4309 813 4362 et
833 4309 914 4363 tunc
934 4296 1020 4362 ultra
1038 4296 1119 4361 illud
1134 4308 1185 4362 est
1204 4297 1380 4360 decimum.

215 4400 283 4468 Sed
300 4404 348 4467 de
365 4400 419 4464 his
434 4399 514 4463 alibi
529 4421 638 4465 sermo
653 4410 703 4465 est
719 4402 880 4485 proprius.

246 4572 256 4601 ¹
273 4573 342 4622 'nris
353 4572 532 4633 corresponds
540 4580 568 4621 to
577 4572 622 4620 the
630 4572 686 4621 cr'elo
694 4572 833 4634 crystallum
842 4572 871 4622 ot
877 4572 972 4633 Dante,
982 4570 1076 4621 Pamd.
1084 4568 1243 4618 xxvii-xxix„
1273 4566 1383 4615 Neither

214 4652 290 4715 bere,
305 4652 450 4713 however,
462 4664 512 4699 nor
522 4650 549 4700 iu
561 4651 606 4699 the
617 4651 715 4700 second
730 4651 831 4701 sectiou
843 4652 873 4701 ol
881 4652 926 4702 the
938 4651 1049 4713 eonon,
1061 4650 1088 4698 in
1099 4646 1186 4697 which
1198 4647 1243 4695 the
1255 4645 1384 4707 beavenly
1495 4634 1503 4649 ⁹
