3542 5359
354 546 415 605 424
486 569 490 576 -
622 530 958 589 MULTIPLICATIO
983 530 1237 590 SPECIERUM.

357 691 465 774 posita
475 702 662 773 generatur.
691 691 749 756 Ad
765 692 829 756 hoc
843 694 932 757 idem
944 703 994 757 est
1005 695 1095 777 quod
1110 693 1310 758 Aristoteles
1320 692 1355 756 in
1366 691 1518 774 septimo
1531 705 1536 711 ’

357 795 609 878 Metaphysicae
631 799 752 880 probat
773 807 806 862 et
830 799 1039 875 determinat,
1055 785 1273 882 quod'sorma
1287 806 1422 861 tantum
1445 815 1517 859 non

355 909 543 983 generatur,
557 902 617 965 sed
640 903 860 984 compositum
883 922 1006 966 novum
1027 923 1071 965 ex
1092 903 1229 967 materia
1248 921 1335 966 nova
1354 911 1389 964 et
1405 899 1518 964 sonna

355 1024 442 1067 nova
453 1001 475 1065 ¹.
521 1002 607 1068 Cum
633 1025 713 1088 ergo
739 1004 876 1070 effectus
903 1007 1091 1089 generantis
1114 1007 1271 1070 univocus
1294 1005 1338 1068 sit
1366 1023 1452 1068 unus
1481 1013 1517 1066 et

355 1108 445 1172 idem
475 1109 532 1189 qui
561 1110 669 1190 primo
698 1119 836 1173 vocatur
865 1109 999 1193 species,
1029 1119 1063 1174 et
1085 1120 1201 1192 postea
1227 1111 1365 1173 sortitur
1391 1127 1517 1171 nomen

355 1213 551 1295 generantis,
576 1221 708 1294 oportet
738 1215 828 1296 quod
858 1213 987 1295 species
1012 1215 1055 1277 sit
1082 1215 1275 1296 composita,
1303 1224 1337 1277 et
1366 1212 1432 1275 hoc
1464 1222 1518 1274 est

357 1317 492 1381 omnino
507 1318 739 1382 necessarium.
784 1317 840 1380 Ex
861 1338 929 1399 quo
949 1317 1097 1400 sequitur
1110 1321 1200 1400 quod
1221 1337 1313 1382 error
1327 1329 1380 1381 est
1399 1335 1516 1380 eorum

357 1422 415 1503 qui
430 1431 560 1504 ponunt
572 1424 716 1505 speciem
729 1442 801 1485 esse
811 1422 1060 1486 similitudinem
1077 1421 1210 1501 formae,
1221 1433 1255 1487 et
1270 1441 1338 1486 non
1353 1421 1518 1486 materiae

357 1546 418 1590 uec
439 1527 625 1610 compositi,
648 1546 708 1590 nec
727 1526 852 1590 habent
873 1527 1103 1591 auctoritatem
1127 1546 1188 1590 nec
1211 1527 1373 1591 rationem
1397 1545 1458 1607 per
1480 1545 1517 1586 se
1585 1569 1593 1581 .

357 1639 583 1712 apparentem,
605 1631 665 1694 sed
688 1629 793 1694 solam
817 1629 1091 1694 consuetudinem
1117 1629 1279 1693 salsitatis.
1326 1629 1363 1694 Si
1385 1629 1518 1692 dicatur

358 1733 448 1816 quod
466 1742 545 1796 tunc
561 1735 701 1798 materia
722 1734 824 1798 saciat
839 1735 996 1816 speciem,
1010 1734 1099 1818 quod
1119 1733 1238 1798 salsum
1258 1744 1319 1810 est,
1341 1734 1421 1814 quia
1444 1732 1519 1813 ejus

359 1858 425 1901 non
446 1848 497 1902 est
513 1858 622 1923 agere,
644 1839 702 1902 sed
725 1840 869 1921 recipere
896 1849 1025 1903 tantum
1052 1849 1084 1902 et
1109 1839 1197 1920 pati;
1234 1841 1293 1903 sed
1316 1839 1393 1901 dico
1424 1838 1518 1919 quod

358 1943 583 2026 compositum
610 1962 670 2024 per
695 1944 835 2006 sormam
865 1942 945 2008 facit
974 1944 1035 2008 sibi
1066 1943 1175 2008 simile
1205 1945 1238 2007 in
1269 1953 1433 2025 quantum
1466 1951 1520 2004 est

358 2048 591 2129 compositum,
608 2057 641 2110 et
657 2047 733 2110 ideo
748 2068 805 2129 per
820 2068 919 2110 unam
937 2058 971 2112 et
986 2049 1124 2112 eandem
1146 2047 1311 2112 actionem
1328 2044 1520 2129 compositi,

359 2173 419 2234 per
445 2151 586 2215 sormam
611 2152 714 2215 oritur
744 2152 777 2213 in
802 2153 950 2234 patiente
975 2152 1102 2232 species
1131 2153 1234 2216 totius
1268 2151 1455 2233 compositi,
1485 2158 1521 2212 et

359 2256 435 2319 ideo
458 2275 526 2319 non
549 2255 658 2318 solum
681 2253 814 2329 formae,
837 2256 897 2319 sed
920 2255 1085 2334 materiae,
1108 2256 1215 2337 primo
1238 2265 1351 2318 mmeu
1372 2265 1407 2318 et
1428 2253 1522 2337 prin·

361 2358 511 2440 cipaliter
537 2358 721 2439 compositi.
776 2358 813 2424 Si
843 2358 972 2422 dicatur
1000 2360 1092 2439 quod
1120 2357 1247 2422 nullum
1273 2377 1376 2440 agens
1407 2356 1522 2420 finitae

360 2462 530 2546 potentiae
553 2470 665 2545 potest
686 2462 719 2525 in
743 2471 851 2526 totum
873 2463 1105 2544 compositum,
1120 2462 1200 2543 quia
1223 2461 1287 2525 hoc
1303 2472 1356 2524 est
1373 2460 1523 2539 creatio;

361 2585 440 2629 nam
464 2567 603 2630 materia
627 2585 758 2647 semper
781 2566 979 2649 supponitur
1005 2566 1037 2629 in
1060 2566 1193 2630 actione
1219 2576 1355 2629 naturae
1368 2587 1376 2644 ;
1407 2565 1523 2629 dicen-

361 2672 442 2734 dum
458 2669 616 2752 estquod
639 2670 778 2733 materia
792 2681 844 2734 est
865 2669 1051 2752 subjectum
1068 2669 1290 2753 generationis
1312 2668 1524 2752 simpliciter,

363 2774 424 2837 sed
445 2774 584 2837 materia
602 2772 757 2857 specifica
774 2784 951 2838 renovatur
972 2774 1056 2838 sicut
1072 2774 1188 2852 forma,
1204 2781 1241 2836 ut
1261 2773 1353 2856 prius
1369 2772 1402 2834 in
1420 2771 1524 2836 Corn-

362 2877 519 2943 munibus
545 2878 783 2942 Naturalium²
815 2878 1080 2941 demonstratum
1109 2886 1169 2941 est.
1216 2877 1262 2940 Et
1291 2878 1377 2940 sicut
1409 2885 1461 2941 eet
1489 2878 1525 2938 in

363 2982 577 3066 generatione
605 2981 784 3063 completa,
810 2983 903 3064 quod
935 2983 1072 3046 materia
1101 2980 1253 3063 specifica
1280 2981 1453 3063 completa
1489 2989 1526 3044 et

364 3085 472 3150 forma
504 3083 659 3169 specifica
687 3084 857 3167 completa
887 3095 922 3149 et
951 3085 1176 3168 compositum
1206 3083 1399 3168 specificum
1429 3104 1525 3147 com-

364 3189 491 3270 pletum
522 3198 731 3270 generantur,
760 3191 809 3253 sic
839 3199 891 3253 est
921 3188 974 3253 hic
1004 3191 1037 3251 in
1067 3189 1280 3271 generatione
1310 3187 1527 3271 incompleta,

364 3303 517 3374 quaeest
533 3294 705 3374 generatio
726 3295 857 3376 speciei,
871 3295 963 3376 quod
985 3294 1124 3357 materia
1146 3293 1350 3374 incompleta
1366 3302 1399 3356 et
1415 3292 1527 3356 forma

364 3395 568 3480 incompleta
599 3407 634 3461 et
670 3399 894 3479 compositum
929 3397 1166 3478 incompletum
1206 3396 1291 3460 fiunt
1326 3398 1413 3460 sicut
1451 3417 1528 3460 esse

363 3500 548 3581 specierum
575 3501 721 3582 requirit
778 3501 825 3565 Et
848 3503 924 3565 ideo
948 3501 987 3564 fit
1009 3501 1063 3565 hic
1092 3500 1218 3582 species
1247 3501 1408 3564 materiae
1436 3500 1527 3564 sicut

362 3603 499 3681 formae,
514 3613 550 3668 et
572 3615 707 3687 propter
728 3606 791 3669 hoc
816 3605 942 3687 species
963 3605 1150 3686 composita
1172 3614 1360 3686 generatur.

194 3743 221 3788 4·
238 3722 337 3787 Species
410 3706 541 3790 Quarto
563 3720 675 3790 potest
695 3708 864 3783 verificari,
883 3710 974 3790 quod
994 3708 1103 3772 omnis
1129 3707 1315 3772 substantia
1339 3708 1530 3789 corporalis

195 3787 324 3917 &⁰2⁰3
366 3821 479 3895 potest
501 3811 608 3876 facere
633 3813 787 3895 speciem,
809 3823 933 3907 etquon
960 3821 1009 3874 eet
1032 3810 1196 3875 calumnia
1214 3811 1277 3874 uisi
1299 3811 1333 3873 in
1357 3831 1427 3876 uno
1447 3832 1530 3878 casu

196 3935 295 3983 organa
366 3925 404 3981 ut
441 3916 475 3980 in
511 3936 620 3980 sensu·
679 3914 849 3998 Quoniam
885 3913 988 3978 cum³
1024 3915 1208 3978 accidentia
1245 3924 1280 3976 et
1316 3915 1531 3980 substantiae

365 4019 497 4084 viliores
530 4019 681 4101 quolibet
710 4039 810 4084 sensu
838 4018 965 4082 faciunt
998 4019 1153 4100 speciem,
1184 4037 1320 4082 necesse
1349 4031 1402 4083 est
1433 4024 1531 4102 quod

399 4201 407 4228 ¹
425 4201 688 4262 “Mati-liii&
704 4201 918 4262 ttrtndntr·

398 4277 408 4306 ¹
424 4278 481 4327 The
491 4279 664 4341 unprnbliehed
674 4279 749 4328 work
762 4294 797 4327 on
813 4276 999 4339 ‘Philosophia
1011 4275 1157 4324 Natunlin’
1167 4277 1269 4339 spoken
1278 4277 1308 4325 ol
1317 4277 1345 4327 in
1356 4280 1404 4328 the
1417 4289 1483 4330 note
1495 4298 1534 4332 on

366 4370 392 4417 p.
404 4357 463 4415 408,
474 4357 505 4405 oi
511 4358 600 4406 which
611 4359 657 4406 the
668 4365 776 4418 pmcne
786 4355 903 4417 matisc,
915 4370 946 4403 or
956 4370 973 4403 a
983 4355 1089 4403 :horter
1098 4355 1203 4403 version
1214 4355 1244 4403 ol
1252 4357 1280 4414 it,
1292 4356 1316 4404 is
1327 4373 1343 4405 a
1355 4367 1423 4420 port,
1436 4359 1536 4423 begim

365 4433 431 4481 with
452 4449 486 4481 an
508 4435 638 4484 elaborate
657 4435 805 4484 discmmon
824 4433 856 4482 oi
874 4431 1040 4481 ‘Communia
1059 4431 1236 4482 Netunlium’
1271 4433 1351 4484 Some
1371 4447 1488 4488 account
1506 4440 1541 4488 os

366 4509 477 4560 Bacon’s
488 4512 602 4573 peculinr
611 4513 695 4561 viem
705 4528 739 4561 on
752 4519 849 4560 matter
858 4512 911 4559 and
923 4510 989 4560 form
1002 4510 1056 4559 will
1068 4511 1101 4558 be
1113 4511 1195 4560 found
1207 4511 1234 4560 in
1246 4513 1292 4562 the
1305 4513 1499 4567 huoduction.

399 4589 410 4616 ³
425 4595 534 4648 tantum,
546 4588 573 4649 J.
