3542 5359
538 659 654 717 PARS
676 612 875 732 ‘Qunam
908 660 997 718 CAP.
1024 659 1066 719 II.
1318 676 1379 737 523

226 822 317 897 dicit,
340 822 432 904 quod
457 821 484 884 si
509 830 581 887 tota
604 822 754 905 potentia
776 833 887 904 potest
911 822 945 885 in
968 821 1114 904 aliquam
1138 824 1378 904 operationem,

227 946 302 1007 pars
325 928 447 1009 poterit
470 927 503 990 in
526 937 664 1009 partem,
678 937 712 991 et
734 927 781 990 ita
802 927 930 1010 species
953 928 986 990 in
1009 928 1126 990 ultima
1149 937 1245 1008 parte
1268 928 1378 1009 posita

227 1031 348 1112 poterit
369 1029 493 1113 aliquid
517 1032 616 1113 spatii
638 1031 788 1106 alterare,
803 1032 979 1095 dicendum
1003 1041 1053 1095 est
1077 1030 1168 1113 quod
1192 1031 1273 1095 haec
1293 1033 1377 1094 ratio

226 1134 325 1197 nimis
347 1147 398 1198 est
417 1135 562 1199 violenta
584 1137 617 1198 in
641 1137 844 1218 apparentia,
858 1145 894 1199 et
915 1135 995 1199 solvi
1011 1137 1179 1198 videretur
1200 1135 1299 1198 alicui
1317 1155 1378 1218 per

226 1236 299 1312 hoc,
327 1240 417 1319 quod
444 1236 559 1321 prius¹
586 1252 757 1303 ostensum
785 1251 846 1313 est,
873 1242 964 1321 quod
990 1240 1126 1322 aliquod
1152 1240 1298 1323 spatium
1325 1250 1377 1302 est

226 1344 429 1422 generationi
450 1344 569 1425 speciei
592 1345 860 1422 determinatum,
882 1354 920 1407 ut
943 1344 975 1406 in
998 1343 1114 1425 majori
1137 1364 1178 1407 eo
1201 1362 1267 1405 non
1292 1342 1377 1406 fiant

226 1447 377 1529 singulae
399 1448 636 1529 generationes,
659 1459 799 1530 possunt
819 1459 932 1512 tamen
952 1450 984 1511 in
1009 1448 1125 1511 minori
1147 1449 1180 1511 in
1200 1445 1376 1511 infinitum.

228 1549 274 1613 Et
290 1552 366 1614 ideo
381 1553 631 1615 concedendum
647 1553 805 1633 estquod
822 1552 905 1616 infra
921 1552 1011 1615 illam
1027 1554 1249 1633 quantitatem
1266 1553 1376 1615 deter-

228 1655 387 1718 minatam
404 1666 515 1738 potest
529 1657 656 1738 species
672 1658 705 1719 in
721 1657 905 1740 penultima
921 1667 1016 1741 parte
1030 1658 1176 1721 existens
1191 1658 1299 1721 lacere
1313 1656 1376 1720 sibi

226 1759 332 1823 simile
347 1760 379 1823 in
395 1761 522 1838 ultima,
538 1763 598 1825 sed
615 1780 784 1842 nunquam
806 1770 903 1825 extra
924 1761 1015 1824 illam
1037 1762 1190 1825 ultimam
1209 1763 1377 1844 procedet,

225 1883 343 1945 neque·
360 1867 460 1928 etiarn
489 1886 594 1947 usque
619 1867 663 1929 ad
689 1866 866 1930 terminum
895 1864 991 1943 illius,
1018 1877 1053 1930 et
1081 1867 1157 1930 ideo
1184 1886 1245 1948 pro
1275 1864 1377 1928 nihilo

226 1980 439 2052 computatur
462 1970 543 2034 haec
573 1968 817 2053 multiplicatio,
847 1971 927 2052 quia
957 1971 1039 2035 haec
1069 1973 1240 2053 quantitas
1270 1970 1376 2033 deter-

226 2073 351 2136 minata
384 2083 436 2136 est
465 2075 562 2137 valde
592 2095 694 2157 parva
723 2084 758 2137 et
787 2075 884 2156 quasi
915 2073 1121 2137 insensibilis.
1183 2074 1245 2136 Per
1270 2082 1377 2136 totam

227 2178 326 2258 igitur
347 2178 433 2243 hanc
448 2172 669 2259 quantitatem
690 2179 723 2241 in
745 2178 896 2260 qualibet
917 2188 1011 2260 parte
1029 2178 1183 2260 patientis
1206 2197 1311 2259 usque
1333 2179 1377 2241 ad

227 2281 445 2362 penultimam
484 2281 554 2344 fieri
596 2291 709 2364 potest
745 2282 918 2363 generatio
955 2282 1086 2364 speciei.
1147 2280 1215 2345 Sed
1251 2280 1378 2363 species

226 2405 393 2465 occupans
423 2385 640 2466 penultimam
671 2396 799 2467 partem
829 2385 929 2468 spatii
960 2406 1025 2450 non
1056 2386 1154 2449 saciet
1180 2386 1243 2449 sibi
1271 2385 1378 2447 simile

227 2509 285 2570 per
308 2497 413 2550 totam
432 2490 652 2570 quantitatem
676 2488 815 2554 ultimae
836 2491 948 2572 partis,
973 2490 1031 2553 sed
1052 2511 1110 2573 per
1132 2500 1262 2571 partem
1285 2488 1377 2570 ejus3

226 2592 322 2654 etsie
342 2612 513 2674 nunquam
536 2593 690 2657 transibit
712 2594 838 2677 species
859 2596 1079 2676 quantitatem
1103 2594 1241 2657 ultimae
1265 2594 1377 2674 partis.

228 2694 297 2759 Sed
315 2695 370 2758 illa
384 2717 472 2778 quae
487 2707 538 2760 est
554 2698 587 2760 in
603 2697 786 2779 penultima
804 2708 908 2780 parte,
924 2698 1021 2762 saciet
1043 2699 1186 2780 speciem
1211 2698 1377 2761 modicam

226 2798 261 2861 in
277 2800 387 2882 aliqua
402 2811 496 2882 parte
515 2799 652 2865 ultimae
669 2803 783 2883 partis.
829 2802 876 2866 Et
895 2801 950 2865 illa
965 2801 1094 2884 species
1115 2801 1211 2865 saciet
1232 2801 1377 2883 speciem

226 2903 258 2965 in
279 2904 389 2985 aliqua
412 2915 506 2987 parte
526 2906 656 2984 residui,
673 2917 707 2970 et
725 2906 772 2969 sic
793 2905 890 2971 ultra.
937 2905 974 2970 Si
990 2925 1069 2969 vero
1089 2904 1271 2986 objiciatur,
1286 2905 1377 2985 quod

225 3018 306 3071 tunc
334 3009 365 3070 in
391 3008 447 3071 illa
473 3020 568 3091 parte
593 3008 709 3072 ultima
736 3029 803 3073 non
831 3020 974 3073 cessaret
999 3008 1169 3092 generatio
1199 3008 1318 3090 speciei
1346 3009 1378 3071 in

226 3122 377 3193 tempore
400 3111 540 3185 infinit0,
559 3114 812 3195 responderetur
830 3114 921 3194 quod
942 3133 1008 3176 non
1031 3123 1183 3187 cessaret,
1203 3113 1229 3175 si
1253 3111 1379 3194 species

226 3216 365 3280 haberet
381 3236 454 3281 esse
471 3217 576 3279 fixum
594 3229 628 3282 et
643 3238 850 3300 permanens.
898 3217 967 3282 Sed
983 3218 1139 3281 continue
1153 3226 1329 3299 generatur
1344 3226 1379 3279 et

225 3320 455 3403 corrumpitur,
493 3332 527 3384 et
564 3322 641 3385 ideo
676 3343 743 3386 non
783 3323 996 3386 continuatur
1032 3323 1202 3404 generatio
1240 3320 1378 3403 alicujus

225 3426 346 3508 speciei
374 3426 408 3489 in
432 3436 527 3508 parte
550 3426 606 3489 illa
631 3426 749 3489 ultima
772 3428 956 3491 secundum
986 3426 1182 3490 divisionem
1212 3426 1316 3509 partis
1344 3426 1378 3488 in

226 3530 403 3593 infinitum.

270 3634 339 3699 Sed
355 3636 417 3697 ista
431 3634 554 3697 solutio
573 3634 677 3698 totius
697 3634 895 3717 objectionis
918 3635 1050 3699 videtur
1071 3656 1143 3698 esse
1164 3634 1260 3698 nimis
1283 3636 1377 3710 dura,
1392 3640 1454 3689 This
1466 3656 1538 3705 argu-

225 3738 303 3820 quia
317 3738 487 3820 indignum
504 3747 642 3801 naturae
658 3748 692 3802 et
702 3748 863 3820 tanquam
875 3740 1020 3803 otiosum
1037 3749 1070 3803 et
1082 3737 1203 3803 frustra
1213 3738 1379 3802 videretur
1391 3714 1482 3822 ἓξὲξ,
1493 3788 1527 3820 no

225 3843 312 3907 actio
338 3843 507 3918 naturalis,
530 3842 557 3906 si
587 3843 682 3906 fieret
711 3842 744 3905 in
775 3856 925 3925 tempore
957 3842 1084 3908 infinito
1113 3844 1145 3905 in
1177 3853 1246 3906 tam
1276 3863 1378 3925 parva
1390 3838 1540 3888 conviction.

224 3948 412 4028 quantitate
430 3946 536 4029 spatii,
551 3957 714 4029 quantum
729 3947 762 4010 in
778 3949 932 4011 omnibus
945 3948 1094 4032 partibus
1106 3947 1378 4030 praecedentibus

224 4052 343 4114 alterat
363 4051 397 4113 in
414 4051 551 4113 minimo
569 4062 729 4134 tempore.
775 4051 821 4115 Et
844 4053 919 4116 ideo
938 4060 1050 4134 potest
1069 4051 1164 4114 aliter
1186 4052 1377 4134 responderi

224 4156 268 4218 ad
284 4155 356 4229 hoc,
371 4156 463 4237 quod
482 4154 605 4220 scilicet
622 4155 750 4239 species
770 4157 801 4218 in
821 4168 919 4238 parte
934 4156 1032 4238 priori
1048 4166 1099 4218 est
1115 4157 1262 4238 aequalis
1277 4156 1329 4218 vel
1345 4157 1377 4219 in

223 4258 335 4341 aliqua
346 4260 561 4343 proportione
572 4272 725 4341 respectu
736 4260 856 4343 speciei
869 4261 902 4322 in
918 4270 1013 4342 parte
1023 4270 1182 4343 sequente
1193 4262 1376 4324 secundum

223 4364 369 4445 aliquam
392 4362 598 4446 specierum²
625 4364 758 4446 majoris
784 4363 1039 4445 inaequalitatis,
1061 4374 1095 4427 et
1120 4365 1195 4428 ideo
1225 4375 1303 4429 nata
1327 4374 1378 4427 est

225 4469 405 4531 secundum
422 4468 513 4531 illam
532 4469 781 4552 proportionem
797 4468 938 4532 alterare
953 4467 1077 4551 aliquid
1091 4493 1098 4544 ;
1125 4470 1182 4532 sed
1199 4488 1264 4531 non
1279 4488 1377 4552 opor-

223 4580 274 4636 tet
299 4574 390 4654 quod
415 4572 540 4655 aliquid
564 4574 665 4637 medii
690 4573 777 4636 illius
802 4573 893 4655 quod
916 4572 1006 4655 prius
1026 4572 1202 4637 alteratum
1231 4584 1291 4653 est,
1318 4572 1376 4636 sed

288 4699 356 4750 ¹Ci.
366 4716 393 4763 p.
405 4716 462 4763 ῳ.
677 4699 755 4749 'We
767 4700 860 4749 should
871 4708 965 4763 expect
973 4700 1155 4764 proponebam
1167 4706 1194 4749 to
1207 4699 1303 4749 follow.
