3542 5359
321 636 653 698 PERSPECTIVAE
676 637 791 697 PARS
816 636 1042 698 SECUNDA:
1076 639 1185 699 DIST.
1203 639 1263 700 111.
1317 655 1375 715 107

219 800 326 863 nubes
348 800 383 862 in
406 801 572 884 capitibus
596 800 759 865 montium
778 810 813 865 et
836 802 1008 865 cacumina
1029 801 1199 884 superiora
1221 802 1375 865 nubibus.

221 904 279 967 Ex
300 924 368 986 quo
389 903 557 970 concludit
572 906 726 969 Alhazen
747 906 781 968 in
802 907 950 970 secundo
969 905 1054 970 libro
1074 908 1165 988 quod
1186 908 1291 970 nubes
1309 925 1376 969 non

219 1018 298 1072 sunt
327 1028 470 1091 magnae
498 1009 694 1089 altitudinis,
722 1011 875 1093 quamvis
904 1031 1045 1093 vapores
1076 1011 1163 1074 bene
1193 1011 1376 1075 ascendant

220 1115 382 1195 usquead
406 1134 507 1176 unum
531 1123 564 1178 et
587 1115 829 1197 quinquaginta
851 1113 1015 1192 milliaria,
1030 1114 1115 1178 sicut
1129 1116 1377 1178 demonstratur

219 1217 254 1279 in
271 1216 354 1280 libro
366 1218 408 1280 de
421 1217 641 1301 Crepusculis.
673 1217 740 1283 Sed
756 1239 822 1282 non
840 1239 955 1282 omnes
966 1239 1104 1302 vapores
1120 1218 1245 1282 iaciunt
1259 1219 1378 1295 nubes,

220 1320 282 1384 soli
298 1322 387 1385 enim
403 1322 500 1404 aquei
514 1346 522 1398 ;
545 1333 579 1386 et
595 1343 661 1387 non
677 1343 793 1386 omnes
807 1333 885 1387 sunt
897 1324 1036 1386 materia
1048 1324 1194 1398 nubium,
1207 1332 1377 1387 terrestres

218 1445 299 1488 vero
315 1425 414 1490 altius
429 1427 611 1491 ascendunt
629 1428 779 1509 quamvis
801 1427 868 1490 sint
891 1429 1065 1510 graviores,
1081 1428 1160 1509 quia
1181 1426 1305 1490 siccum
1324 1436 1376 1490 est

219 1529 406 1611 subjectum
429 1529 548 1594 caloris
563 1540 598 1594 et
618 1529 702 1594 bene
717 1531 860 1595 calorem
877 1532 997 1595 retinet
1012 1540 1190 1613 postquam
1206 1531 1376 1614 receperit,

221 1643 258 1696 ut
281 1633 364 1715 lapis
388 1633 505 1698 melius
526 1655 628 1717 quam
652 1635 789 1718 lignum.
835 1635 919 1699 Inde
937 1635 1059 1700 accidit
1079 1635 1169 1717 quod
1191 1635 1282 1698 calor
1296 1635 1376 1698 solis

220 1736 337 1801 fortior
374 1748 409 1802 et
444 1737 667 1803 abundantior
704 1740 864 1804 retinetur
893 1739 926 1802 in
956 1737 1134 1821 vaporibus
1164 1740 1375 1803 terrestribus

219 1861 321 1924 quam
345 1843 470 1924 aqueis‚
496 1853 530 1907 et
555 1853 692 1927 propter
715 1843 778 1908 hoc
794 1843 894 1907 altius
908 1843 1090 1906 elevantur.
1136 1842 1233 1908 Nunc
1258 1854 1372 1906 autem

220 1966 263 2009 ne
286 1945 379 2010 lieret
406 1946 552 2028 objectio
577 1948 620 2010 de
645 1948 821 2011 altitudine
845 1947 992 2022 nubium,
1019 1967 1079 2029 per
1101 1947 1372 2010 contrarietatem

217 2049 293 2112 libri
309 2051 352 2113 de
367 2049 589 2134 Crepusculis,
606 2051 667 2116 ieci
683 2053 885 2114 mentionem
901 2053 944 2114 de
958 2052 1023 2114 hoc
1039 2050 1134 2114 libro.

263 2152 445 2217 Remotio¹
462 2174 542 2238 ergo
557 2155 845 2237 comprehenditur
864 2157 999 2238 quando
1019 2175 1159 2238 corpora
1180 2154 1373 2218 continuata
1386 2163 1516 2227 Difficutty

217 2265 296 2320 sunt
312 2257 398 2320 inter
409 2258 519 2321 visum
535 2270 568 2322 et
590 2280 668 2332 rem,
685 2269 719 2322 et
739 2259 802 2324 hoc
823 2259 857 2321 in
878 2259 1036 2324 mediocri
1054 2259 1223 2333 distantia,
1237 2270 1271 2322 et
1293 2266 1372 2322 tunc
1386 2231 1416 2308 9‘
1433 2237 1543 2280 “¹¹³²‘'

1385 2311 1394 2344 1
1431 2303 1543 2345 extreme

219 2362 354 2444 quando
368 2361 457 2425 visus
473 2362 527 2427 illa
546 2383 686 2445 corpora
701 2365 871 2446 aspexerit
892 2374 927 2427 et
947 2383 1117 2427 mensuras
1138 2383 1254 2427 eorum
1275 2363 1372 2425 certi·
1386 2312 1517 2412 (lemm-

218 2464 376 2529 licaverit.
421 2466 565 2549 Quodsi
586 2467 712 2550 aliquid
734 2468 871 2532 istorum
891 2467 1031 2532 deluerit
1051 2488 1118 2531 non
1140 2467 1374 2532 certificabitur

219 2570 369 2632 remotio.
424 2570 470 2633 Et
494 2573 633 2636 remotio
656 2573 831 2637 mediocris
853 2582 1005 2655 respectu
1026 2572 1126 2648 visus,
1149 2573 1183 2635 id
1205 2581 1257 2636 est
1279 2570 1374 2654 cujus

217 2674 386 2755 quantitas
406 2674 605 2739 certificatur
621 2697 642 2739 a
657 2677 737 2751 visu,
754 2686 805 2741 est
827 2677 969 2740 remotio
990 2677 1079 2759 apud
1103 2676 1196 2756 cujus
1218 2676 1373 2740 ultimum

218 2797 286 2841 non
304 2775 386 2840 latet
408 2779 515 2842 visum
537 2779 647 2861 aliqua
670 2801 746 2862 pars
770 2780 855 2843 illius
878 2779 978 2862 spatii
1000 2779 1129 2842 habens
1150 2779 1372 2862 quantitatem

218 2880 407 2944 sensibilem
438 2883 480 2946 ad
513 2892 620 2947 totam
654 2885 883 2948 remotionem.
944 2884 990 2946 Et
1026 2882 1166 2945 remotio
1197 2882 1373 2946 mediocris

219 2995 369 3066 respectu
394 2985 439 3048 rei
462 2985 560 3064 visae,
583 2988 617 3050 iu
641 3007 707 3070 qua
730 2990 820 3052 visus
843 2987 1092 3071 comprehendit
1117 3006 1218 3049 unam
1243 2997 1371 3068 partem

219 3090 264 3152 rei
280 3089 379 3164 visae,
394 3099 443 3153 est
463 3091 550 3173 apud
567 3091 660 3174 cujus
676 3091 831 3156 ultimum
848 3113 914 3156 non
930 3091 1012 3156 latet
1026 3111 1104 3175 pars
1119 3091 1205 3154 illius
1221 3092 1267 3155 rei
1281 3091 1372 3155 visae

217 3192 344 3256 habens
374 3195 621 3277 proportionem
651 3197 840 3260 sensibilem
872 3198 914 3261 ad
946 3197 1166 3279 quantitatem
1195 3196 1242 3259 rei
1270 3195 1371 3260 visae.

218 3297 376 3363 Remotio
390 3319 468 3362 vero
488 3319 572 3382 quae
590 3309 639 3363 est
654 3310 751 3364 extra
768 3301 1031 3365 mediocritatem
1051 3309 1201 3381 respectu
1217 3300 1305 3363 visus
1320 3310 1373 3366 est

218 3399 285 3478 illa,
299 3403 388 3483 apud
404 3402 498 3484 cujus
514 3403 666 3468 ultimum
683 3405 765 3469 latet
783 3405 953 3489 quantitas
974 3405 1100 3469 habens
1122 3405 1371 3487 proportionem

217 3504 405 3570 sensibilem
428 3507 474 3570 ad
496 3515 604 3571 totam
627 3507 720 3572 illam
741 3511 971 3572 remotionem.
1021 3510 1068 3574 Et
1089 3510 1230 3573 remotio
1253 3510 1371 3573 intem-

216 3618 333 3692 perata
352 3618 503 3693 respectu
525 3611 572 3674 rei
591 3613 681 3676 visae
702 3623 763 3690 est,
782 3633 867 3695 quae
890 3625 1001 3696 partes
1023 3613 1286 3696 proportionales
1307 3615 1371 3679 toti

217 3713 423 3796 proportioni
439 3714 584 3778 sensibili
600 3715 775 3780 abscondit
790 3737 810 3780 a
825 3717 908 3781 visu.

262 3815 402 3882 Erratur
434 3839 513 3901 ergo
543 3821 586 3884 de
615 3820 850 3886 certificatione
878 3821 1057 3886 distantiae
1086 3831 1221 3906 propter
1250 3822 1370 3887 intem-

250 4018 259 4048 ¹
275 4020 339 4069 This
350 4022 372 4070 is
384 4023 483 4072 treated
495 4024 525 4072 ol
533 4025 559 4073 in
571 4025 686 4074 Albuen
700 4025 755 4088 (lib.
769 4026 794 4075 ii.
810 4042 865 4089 cap.
880 4043 918 4088 rr,
931 4042 1004 4089 prop.
1018 4042 1059 4088 aa,
1070 4041 1159 4088 24‚25‚
1173 4028 1225 4076 and
1237 4029 1290 4089 39).
1327 4028 1371 4077 He

216 4100 305 4162 points
322 4107 368 4148 out
386 4101 411 4148 in
429 4117 515 4164 away
527 4103 582 4151 that
595 4105 683 4152 would
700 4104 733 4152 be
750 4105 819 4154 clear
833 4106 945 4168 enough,
957 4120 1029 4153 were
1045 4104 1065 4153 it
1082 4112 1128 4153 not
1144 4107 1184 4153 lor
1196 4106 1238 4153 his
1254 4113 1372 4155 extreme

216 4177 382 4238 diffuseness,
398 4179 454 4228 that
476 4196 525 4229 our
544 4183 662 4231 estimato
683 4183 714 4232 ol
730 4183 775 4232 tbe
795 4185 912 4234 distance
933 4183 964 4233 ol
979 4199 1012 4232 an
1033 4184 1117 4244 object
1135 4184 1252 4247 depends
1272 4199 1307 4232 on
1326 4185 1372 4234 the

216 4257 350 4306 existence
367 4258 397 4304 ol
410 4273 426 4305 a
442 4259 526 4308 series
543 4260 573 4308 oi
587 4260 695 4310 familiar
711 4263 798 4326 things
818 4262 968 4324 interposed
986 4261 1107 4310 between
1125 4263 1170 4310 the
1187 4278 1237 4323 eye
1257 4264 1309 4311 and
1326 4265 1372 4314 the

216 4335 310 4396 object.
345 4335 399 4384 We
414 4337 522 4398 gainart
539 4339 657 4387 estimato
673 4340 761 4388 nithe
777 4341 893 4389 distance
904 4340 934 4388 ol
942 4340 1029 4402 things
1041 4341 1123 4388 round
1135 4356 1165 4388 us
1176 4341 1211 4400 by
1223 4342 1372 4406 measuring

216 4415 262 4462 the
278 4415 340 4462 time
356 4415 433 4463 taken
449 4416 475 4463 in
487 4416 600 4478 wnlking
615 4424 643 4466 to
659 4418 736 4476 them,
748 4433 779 4466 or
789 4419 824 4481 by
835 4420 969 4468 reference
986 4425 1014 4467 to
1028 4425 1100 4480 parts
1114 4419 1145 4466 ol
1156 4433 1205 4466 our
1216 4434 1276 4467 own
1292 4420 1370 4485 body,

214 4509 245 4542 ss
261 4493 306 4542 the
322 4492 377 4542 l'oot
391 4508 423 4542 or
436 4493 515 4552 band,
527 4509 556 4543 as
571 4511 703 4544 mensures
714 4495 744 4544 ol
751 4497 803 4546 this
814 4497 939 4547 distance.
974 4495 1063 4546 When
1079 4497 1125 4546 the
1140 4497 1256 4546 distance
1271 4497 1371 4562 isvery

214 4579 297 4634 great,
314 4572 366 4620 end
384 4587 419 4621 no
435 4573 502 4621 such
518 4573 600 4622 series
617 4573 647 4623 ol
661 4573 759 4636 objecta
776 4575 799 4624 is
815 4575 975 4640 interposui,
991 4574 1037 4624 the
1053 4589 1104 4636 eye
1120 4574 1169 4624 has
1185 4590 1222 4624 uo
1238 4591 1328 4627 means
1343 4579 1374 4628 ol

214 4650 389 4713 determining
400 4651 525 4700 distance.
559 4651 646 4702 Bacou
659 4653 680 4704 is
691 4653 744 4704 less
755 4653 873 4716 verbose,
886 4655 938 4703 end
950 4667 1023 4703 more
1033 4652 1109 4704 lucid.
