3542 5359
394 639 589 699 MORALIS
614 636 932 698 PHILOSOPHIA:
966 636 1082 696 PARS
1110 636 1276 695 TERTIA.
1349 653 1410 713 309

259 800 391 885 sapiens
407 811 445 866 ut
465 801 560 883 jocos
574 800 705 883 accipit.
751 799 798 864 Et
815 799 996 881 aliquando
1017 797 1090 864 illos
1111 809 1269 882 tanquam
1292 817 1411 880 pueros

260 906 350 970 malo
370 925 542 989 poenaque
558 906 717 969 admonet
734 913 768 967 et
789 902 902 982 afficit,
917 923 983 967 non
1003 905 1081 987 quia
1101 902 1229 987 accepit
1249 903 1409 984 injuriam,

259 1012 318 1074 sed
332 1011 413 1093 quia
432 1010 580 1074 iecerunt
599 1009 756 1073 emendat
765 1006 787 1086 ¹,
802 1018 837 1072 et
856 1019 895 1072 ut
915 1007 1067 1073 desinant
1082 1006 1198 1073 facere.
1246 1007 1303 1072 Sic
1318 1007 1408 1070 enim

259 1125 293 1178 et
308 1134 429 1199 pecora
443 1113 580 1177 verbere
597 1113 783 1192 domantur,
797 1131 858 1176 nec
879 1113 1049 1176 irascimur
1067 1112 1131 1175 illis
1149 1132 1225 1175 cum
1246 1127 1408 1174 sessorem

258 1228 498 1294 recusaverunt,
515 1219 574 1281 sed
596 1216 837 1301 compescimus
858 1226 895 1281 ut
916 1216 1011 1281 dolor
1030 1217 1273 1281 contumaciam
1288 1216 1409 1279 vincat.

260 1321 353 1406 Ergo
367 1331 401 1386 et
416 1321 496 1384 illud
512 1320 658 1387 solutum
673 1323 779 1386 scies.
797 1368 805 1383 .
822 1366 830 1383 .
846 1341 948 1404 quare
969 1322 995 1383 si
1020 1341 1085 1384 non
1108 1322 1237 1403 accepit
1257 1319 1408 1402 injuriam

259 1429 390 1508 sapiens
405 1447 465 1490 nec
480 1425 726 1501 contumeliam,
741 1426 837 1508 punit
848 1446 907 1489 eos
922 1426 976 1508 qui
993 1424 1163 1490 iecerunt?
1185 1444 1251 1488 non
1269 1425 1358 1487 enim
1373 1443 1408 1488 se

259 1530 436 1610 ulciscitur,
451 1530 511 1594 sed
526 1529 601 1593 illos
616 1525 790 1593 emendat,¹

302 1633 407 1716 ‘Quis
421 1635 508 1697 enim
520 1634 714 1718 phrenetico
726 1633 875 1698 medicus
886 1633 1058 1698 irascitur?
1081 1682 1090 1699 .
1106 1679 1114 1697 .
1129 1678 1138 1696 .
1154 1632 1241 1696 hunc
1252 1629 1407 1697 affectum
1421 1647 1483 1713 erp.
1499 1661 1537 1712 ¹3·

259 1738 417 1802 adversus
440 1758 558 1802 omnes
585 1736 687 1801 habet
713 1738 844 1822 sapiens
873 1757 974 1819 quem
1005 1738 1163 1801 adversus
1188 1757 1307 1819 aegros
1332 1756 1410 1801 suos

259 1842 431 1905 medicus.
449 1840 571 1906 ..Scit
592 1841 724 1924 sapiens
746 1861 862 1905 omnes
884 1841 947 1905 hos
966 1841 1022 1923 qui
1045 1841 1151 1925 togati
1171 1842 1410 1924 purpuratique

258 1941 423 2018 incedunt,
444 1941 592 2006 valentes
614 1941 846 2023 coloratosque
872 1937 960 2005 male
983 1961 1083 2005 sanos
1112 1961 1204 2020 esse3
1234 1961 1320 2023 quos
1342 1960 1408 2003 non

257 2045 353 2109 aliter
361 2046 452 2109 videt
466 2065 568 2127 quam
584 2065 703 2127 aegros
718 2046 977 2128 intemperantes
987 2042 1008 2106 ².
1050 2045 1167 2128 ltaque
1182 2065 1223 2108 ne
1238 2055 1409 2108 succenset

257 2150 403 2232 quidem,
434 2149 461 2212 si
491 2149 572 2231 quid
603 2149 635 2212 in
666 2150 785 2213 morbo
812 2149 1016 2232 petulantius
1046 2149 1117 2212 ausi
1146 2160 1223 2213 sunt
1251 2150 1408 2212 adversus

258 2255 458 2325 medentem,
470 2263 503 2316 et
515 2274 581 2336 quo
593 2253 706 2317 animo
717 2253 859 2318 honores
871 2272 986 2318 eorum
1000 2253 1103 2317 nihilo
1114 2255 1277 2332 aestimat,
1288 2254 1407 2318 eodem

258 2378 375 2440 parum
391 2356 571 2422 honorifice
590 2357 688 2422 sacta.
734 2356 1028 2441 Quemadmodum
1050 2377 1114 2421 non
1134 2356 1281 2440 placebit
1299 2358 1360 2421 sibi
1379 2358 1408 2422 si

259 2461 352 2525 illum
377 2461 571 2525 mendicus³
596 2460 744 2538 coluerit,
766 2481 826 2525 nec
853 2461 1087 2526 contumeliam
1114 2460 1284 2544 judicabit,
1309 2461 1335 2525 si
1362 2461 1407 2525 illi

258 2565 360 2629 bomo
390 2564 499 2648 plebis
528 2564 665 2630 ultimae
694 2565 853 2630 salutanti
884 2574 1034 2628 mutuam
1070 2565 1304 2629 salutationem
1342 2585 1409 2630 non

258 2669 446 2745 reddiderit,
475 2669 523 2733 sic
552 2690 594 2733 ue
623 2671 780 2753 suspiciet
810 2670 954 2752 quidem,
983 2669 1011 2732 si
1041 2668 1133 2733 illum
1165 2669 1260 2733 multi
1291 2669 1409 2733 divites

257 2774 475 2856 suspexerint.
521 2771 592 2837 Scit
614 2774 704 2837 enim
727 2773 801 2836 illos
823 2772 905 2836 nihil
927 2792 948 2835 a
969 2773 1128 2837 mendicis
1147 2771 1288 2848 differre,
1304 2773 1409 2837 immo

258 2878 442 2942 miseriores
456 2897 538 2942 esse.
581 2876 633 2939 Illi
649 2879 737 2942 enim
755 2877 891 2961 exiguo,
906 2877 940 2939 hi
958 2876 1064 2940 multo
1079 2886 1189 2960 egent.
1237 2876 1282 2940 Et
1298 2897 1409 2940 mrsus

257 3002 323 3045 non
334 2991 498 3065 tangetur,
509 2982 537 3045 si
547 2979 641 3045 illum
654 3002 714 3044 rex
725 2981 901 3044 Medorum
908 2980 1197 3045 AttalusveAsiae
1208 2981 1408 3045 salutantem

256 3085 386 3150 silentio
401 3105 440 3150 ac
456 3085 549 3149 vultu
564 3086 741 3168 adroganti
761 3084 937 3150 transierit.
984 3086 1075 3148 Num
1094 3084 1233 3148 moleste
1255 3085 1358 3150 ieram
1382 3088 1409 3149 si

257 3189 338 3253 mihi
354 3210 419 3253 non
435 3190 616 3254 reddiderit
630 3209 752 3254 nomen
767 3189 887 3271 aliquis
900 3211 944 3254 ex
956 3189 1006 3254 his
1023 3238 1031 3253 .
1047 3235 1055 3251 .
1072 3237 1080 3254 .
1097 3209 1239 3272 quorum
1251 3190 1408 3255 tabernae

255 3294 474 3377 pessimorum
489 3314 659 3358 servorum
675 3293 774 3359 turba
788 3294 928 3358 refertae
946 3299 1047 3358 sunt?
1093 3293 1182 3372 Non,
1198 3303 1236 3357 ut
1251 3305 1358 3377 puto.
1376 3344 1383 3359 .
1400 3343 1408 3357 .

256 3397 390 3462 Nullius
412 3418 493 3482 ergo
522 3398 709 3462 movebitur
734 3397 946 3463 contumelia
1001 3397 1127 3464 Omnes
1151 3397 1238 3462 enim
1264 3399 1350 3461 inter
1374 3419 1410 3462 se

255 3501 421 3575 differunt,
444 3501 577 3584 sapiens
597 3503 733 3584 quidem
754 3523 851 3586 pares
874 3499 948 3565 illos
968 3501 1015 3567 ob
1036 3501 1210 3584 aequalem
1233 3502 1409 3566 stultitiam

255 3625 374 3670 omnes
395 3615 501 3688 putat.
546 3606 636 3670 Nam
659 3607 687 3670 si
708 3606 812 3671 semel
833 3627 870 3672 se
891 3606 1063 3670 demiserit
1086 3627 1135 3681 eo,
1156 3616 1192 3670 ut
1214 3617 1273 3671 aut
1291 3605 1410 3688 injuria

255 3719 427 3776 moveatur
446 3720 505 3774 aut
524 3711 735 3791 contumelia,
752 3731 819 3775 non
842 3710 988 3795 potuerit
1008 3730 1152 3793 unquam
1175 3731 1247 3774 esse
1267 3731 1409 3776 securus.

256 3812 424 3878 Securitas
445 3823 558 3878 autem
573 3815 743 3899 proprium
759 3814 884 3878 bonum
900 3815 1059 3898 sapientis
1075 3823 1134 3890 est,
1148 3834 1208 3878 nec
1223 3817 1409 3879 committet

255 3926 303 3996 ut,
313 3917 495 4000 judicando
511 3918 749 3983 contumeliam
764 3919 828 3982 sibi
843 3917 977 3995 iactam,
991 3918 1151 3983 honorem
1167 3917 1290 3982 habeat
1305 3918 1335 3980 ei
1350 3920 1407 4000 qui

255 4020 343 4088 fecit.
385 4021 530 4086 Necesse
544 4031 595 4087 est
609 4021 698 4086 enim
713 4042 816 4105 aquo
831 4022 973 4105 quisque
987 4004 1156 4086 bontemni
1172 4019 1311 4085 moleste
1326 4020 1409 4087 ierat

255 4125 377 4211 suspici
391 4125 556 4209 gaudeat'

299 4229 371 4294 ‘At
396 4229 529 4313 sapiens
553 4227 702 4312 colaphis
728 4249 902 4313 percussus
931 4229 1012 4313 quid
1038 4227 1162 4294 faciet?
1196 4229 1287 4311 quod
1310 4227 1406 4306 Cato,
1419 4237 1483 4303 Cap.
1499 4250 1538 4301 ¹4·

255 4354 357 4416 quum
378 4333 425 4396 illi
446 4354 485 4399 os
504 4351 696 4416 percussum
716 4343 824 4398 esset:
846 4353 914 4397 non
934 4334 1124 4408 excanduit,
1142 4353 1209 4396 non
1227 4333 1407 4398 vindicavit

287 4513 296 4542 ¹
314 4511 460 4563 mundatis
478 4511 502 4562 is
523 4512 567 4563 the
589 4513 699 4574 rendug
719 4511 750 4562 ol'
767 4512 799 4561 D.
817 4512 869 4561 und
891 4511 933 4574 0.,
949 4513 1093 4562 emendatis
1114 4511 1144 4561 oi
1163 4517 1230 4562 most
1249 4513 1361 4564 editions
1383 4516 1413 4564 oi

255 4592 364 4664 Seneca.
401 4591 471 4640 Both
482 4605 528 4639 ere
539 4591 745 4654 unintelligible;
761 4591 883 4640 emendat
895 4591 926 4654 is,
940 4590 988 4641 has
999 4591 1065 4641 been
1078 4592 1228 4654 suggested

286 4671 297 4700 ¹
312 4670 507 4734 intemperatos,
521 4669 598 4720 uss.
1098 4670 1109 4700 ⁸
1126 4670 1250 4734 medicus,
1266 4669 1342 4724 MSS.
