3542 5359
375 624 417 667 20
603 606 760 667 OPERIS
784 607 974 677 MAJORIS
997 606 1113 669 PARS
1138 608 1310 682 QUINTA.

375 790 514 837 corneae
529 790 595 834 non
610 769 772 853 contingit
784 790 902 835 uveam
915 770 948 833 in
960 780 1085 853 puncto
1096 791 1172 851 uno,
1181 792 1242 836 nec
1255 771 1441 855 applicatur
1450 772 1481 836 ei
1494 782 1532 837 ut

374 876 515 960 sphaera
526 875 671 941 exterior
681 874 900 954 interiori,sed
910 875 1202 959 conjungitureiin
1212 877 1473 942 circumferentia
1481 879 1531 941 sui

375 979 551 1055 foraminis,
566 989 701 1061 oportet
716 980 806 1061 quod
823 999 942 1044 cornea
958 990 1048 1044 secet
1068 1001 1196 1057 uveam,
1212 990 1247 1045 et
1265 982 1341 1046 ideo
1360 979 1532 1045 habebunt

375 1085 502 1149 diversa
517 1093 641 1147 centra.
688 1083 734 1146 Et
754 1083 914 1165 quoniam
935 1103 1055 1148 comea
1076 1096 1127 1149 est
1148 1085 1254 1167 major
1273 1085 1415 1168 sphaera
1429 1105 1530 1167 quam

375 1208 468 1268 uvea,
490 1190 568 1271 quia
594 1187 807 1253 continuatur
835 1207 913 1251 cum
938 1186 1113 1271 superficie
1135 1189 1239 1255 totius
1262 1190 1359 1264 oculi,
1387 1199 1421 1253 et
1446 1212 1530 1256 uvea

375 1292 562 1357 continetur
592 1290 676 1355 inira
704 1289 972 1373 sphaericitatem
1001 1312 1150 1374 corneae,
1173 1294 1250 1357 ideo
1276 1303 1409 1376 oportet
1438 1294 1530 1376 quod

374 1407 523 1462 centrum
539 1414 676 1461 corneae
692 1395 736 1459 sit
754 1395 892 1460 ulterius
913 1396 946 1459 iu
966 1396 1131 1478 profundo
1151 1398 1249 1473 oculi,
1265 1398 1351 1462 sicut
1372 1407 1467 1482 patet
1486 1399 1530 1462 ad

373 1522 505 1565 sensum
527 1501 560 1563 in
581 1499 775 1583 corporibus
795 1499 976 1583 sphaericis
998 1499 1044 1565 sic
1055 1500 1199 1582 junctis;
1224 1511 1257 1566 et
1272 1500 1336 1567 hoc
1357 1511 1450 1584 patet
1471 1522 1531 1587 per

375 1604 600 1669 Theodosium
615 1606 658 1669 de
672 1603 829 1688 sphaeris,
845 1613 878 1668 et
894 1603 1047 1668 Alhazen
1064 1606 1110 1668 sic
1126 1607 1216 1669 dicit.

801 1959 1028 2026 Cnmruuuu
1054 1960 1100 2026 ΙΙ.

471 2150 510 2214 In
526 2171 595 2233 quo
610 2148 799 2233 explicatur
813 2149 980 2213 dubitatio
995 2149 1135 2214 difficilis
1151 2148 1237 2214 circa
1252 2150 1432 2233 praedicta.

417 2336 486 2404 Sed
503 2349 583 2403 tunc
598 2338 732 2420 grandis
752 2347 803 2401 est
821 2337 997 2413 dubitatio,
1012 2338 1092 2421 quid
1115 2338 1254 2422 replebit
1276 2340 1422 2422 spatium
1442 2339 1527 2404 inter

372 2464 420 2519 ea,
444 2444 500 2508 ubi
524 2443 669 2508 declinat
693 2440 835 2525 sphaera
862 2442 1011 2505 minora
1037 2442 1170 2525 majore,
1191 2453 1226 2506 et
1249 2444 1324 2507 ideo
1350 2445 1526 2507 aestimant

373 2547 467 2613 multi
481 2547 573 2631 quod
593 2546 713 2610 humor
731 2543 929 2628 albugineus
950 2546 1105 2611 diffundit
1125 2568 1162 2612 se
1182 2547 1265 2610 inira
1285 2549 1525 2612 concavitatem

372 2673 520 2731 corneae,
537 2652 594 2715 ubi
610 2659 782 2734 separatur
798 2670 882 2714 uvea
897 2651 941 2714 ab
962 2670 1011 2714 ea.
1058 2650 1235 2716 Caeterum
1256 2652 1419 2734 objicitur,
1434 2653 1524 2735 quod

371 2778 446 2823 cum
461 2757 581 2821 humor
595 2756 792 2838 albugineus
807 2755 851 2819 sit
869 2756 1097 2819 concentricus
1117 2776 1265 2830 corneae,
1281 2767 1360 2821 tunc
1376 2758 1525 2821 contine-

369 2863 459 2927 bitur
480 2862 513 2925 in
537 2861 743 2927 concavitate
769 2880 918 2934 corneae,
933 2860 1017 2924 sicut
1046 2859 1189 2943 sphaera
1218 2861 1385 2943 applicata
1414 2862 1443 2924 ei
1473 2859 1525 2924 vel

369 2968 595 3051 aequidistans
608 2989 616 3045 ;
638 2968 697 3033 sed
713 2986 779 3030 non
795 2976 846 3031 est
861 2966 1095 3047 aequidistans,
1110 2966 1189 3048 quia
1203 2967 1312 3048 tangit
1327 2987 1422 3043 eam;
1444 2987 1524 3049 ergo

370 3072 593 3154 applicabitur
615 3072 646 3134 ei
668 3071 702 3134 in
726 3071 936 3135 concavitate
958 3090 1028 3144 sua,
1043 3080 1077 3133 et
1101 3070 1242 3155 replebit
1265 3071 1409 3151 spatium
1432 3072 1522 3154 quod

370 3184 419 3239 est
435 3177 519 3239 inter
535 3194 653 3237 uveam
669 3184 703 3238 et
718 3193 880 3238 corneam.
928 3172 996 3237 Sed
1011 3182 1126 3237 contra
1142 3174 1206 3238 hoc
1225 3184 1286 3252 est,
1301 3176 1392 3257 quod
1409 3185 1524 3239 auctor

370 3278 600 3361 Perspectivae
620 3298 687 3342 non
708 3277 788 3343 dicit
804 3277 877 3356 hoc,
892 3277 951 3341 sed
973 3297 1103 3359 semper
1117 3280 1208 3361 quod
1230 3280 1272 3343 sit
1287 3279 1372 3343 intra
1394 3300 1522 3344 uveam.

369 3383 415 3447 Et
431 3382 504 3447 ideo
519 3382 653 3465 objecta
667 3381 840 3446 solvuntur
855 3402 915 3464 per
933 3380 1006 3458 hoc,
1021 3382 1111 3465 quod
1130 3391 1241 3465 partes
1262 3383 1348 3446 oculi
1364 3404 1431 3447 non
1446 3393 1524 3448 sunt

368 3487 528 3570 sphaerae
555 3483 750 3568 completae,
772 3486 831 3549 sed
860 3486 1028 3569 portiones
1054 3485 1279 3569 sphaerarum,
1303 3499 1340 3551 ut
1364 3497 1457 3571 patet
1479 3488 1523 3553 de

369 3592 517 3674 partibus
532 3590 678 3674 glacialis
693 3598 727 3655 et
742 3592 789 3654 sic
809 3590 851 3653 de
872 3589 945 3654 aliis
966 3610 1053 3672 quae
1072 3592 1273 3654 antecedunt
1291 3612 1348 3655 eas
1369 3612 1455 3674 quae
1475 3593 1522 3656 eis

367 3696 558 3760 deserviunt
585 3694 818 3777 principaliter,
842 3704 879 3758 ut
905 3704 984 3759 sunt
1006 3695 1152 3759 anterius
1177 3715 1326 3775 corneae,
1347 3706 1381 3760 et
1404 3696 1524 3761 humor

366 3800 561 3883 albugineus
576 3799 609 3861 in
626 3798 787 3863 foramine
803 3818 915 3874 uveae‚
931 3808 965 3862 et
980 3800 1126 3863 anterius
1141 3819 1262 3876 uveae;
1287 3802 1376 3864 unde
1391 3821 1456 3864 non
1471 3810 1522 3865 est

367 3904 550 3968 curandum
572 3904 626 3966 hic
648 3904 709 3967 nisi
734 3906 776 3968 de
799 3903 1033 3986 sphaericitate
1056 3904 1267 3985 portionum:
1290 3913 1325 3968 et
1347 3906 1423 3968 ideo
1445 3924 1521 3969 cum

366 4007 513 4092 loquitur
527 4009 571 4073 de
586 4008 819 4091 sphaericitate
834 4028 983 4083 corneae,
999 4007 1062 4071 hoc
1077 4028 1142 4072 non
1158 4017 1210 4071 est
1230 4008 1291 4073 nisi
1313 4009 1347 4071 in
1367 4009 1522 4091 portione

366 4113 423 4177 illa
448 4132 535 4196 quae
558 4112 643 4175 visui
669 4111 852 4176 necessaria
877 4121 938 4187 est,
962 4110 1096 4189 scilicet,
1119 4131 1206 4194 quae
1229 4125 1280 4177 est
1306 4114 1339 4175 in
1365 4114 1519 4178 anteriori

366 4228 461 4301 parte
486 4216 585 4293 oculi,
611 4216 690 4281 alibi
715 4236 793 4281 vero
818 4236 885 4279 non
910 4225 962 4280 est
986 4214 1165 4298 sphaerica
1211 4216 1258 4279 Et
1280 4236 1364 4281 uvea
1387 4216 1463 4281 licet
1485 4218 1518 4279 in

367 4330 460 4405 parte
475 4321 645 4404 superiore
659 4321 702 4385 sit
718 4320 888 4403 sphaerica
906 4340 974 4384 non
994 4330 1108 4384 tamen
1128 4320 1161 4384 in
1184 4319 1344 4384 inferiori:
1369 4320 1521 4385 similiter

365 4425 562 4509 albugineus
589 4446 655 4490 non
681 4426 782 4490 habet
808 4425 1075 4508 sphaericitatem
1099 4425 1343 4490 concentricam
1369 4445 1518 4498 corneae,

365 4530 428 4595 nisi
444 4532 477 4594 in
492 4531 654 4595 foramine
670 4550 782 4606 uveae‚
799 4530 856 4592 ubi
876 4531 920 4593 ad
941 4549 1096 4594 corneam
1119 4530 1315 4613 applicatur,
1330 4530 1414 4592 infra
1432 4531 1519 4593 enim

365 4654 483 4699 uveam
506 4634 609 4699 habet
630 4635 933 4699 concentricitatem
956 4653 1032 4697 cum
1055 4653 1149 4698 uvea.
1206 4634 1252 4696 Et
1271 4634 1351 4716 quia
1371 4632 1452 4698 haec
1472 4634 1519 4697 ita
