3542 5359
366 609 693 669 PERSPECTIVAE
717 609 833 667 PARS
857 609 1018 668 PRIMA:
1055 611 1165 670 DIST.
1191 612 1216 669 I.
1332 630 1366 671 11

215 772 397 836 translatus
413 772 513 855 longe
527 793 628 856 quam
644 772 697 836 alii
710 795 718 851 ;
748 774 840 855 quod
857 771 1069 837 manifestum
1091 782 1151 849 est,
1167 776 1247 857 quia
1262 796 1369 859 pauca

215 876 266 939 vel
283 877 375 940 nulla
391 878 495 942 habet
509 877 672 943 vocabula
690 877 830 941 aliarum
848 877 1047 962 linguarum,
1061 881 1120 943 sed
1136 878 1191 943 alii
1207 880 1278 961 ejus
1294 881 1369 945 libri

215 980 340 1045 habent
356 981 496 1046 infinita.
533 982 569 1047 Si
585 984 660 1065 quis
676 1004 754 1045 vero
769 984 956 1048 consideret
971 985 1154 1066 praedicta,
1169 1005 1302 1051 necesse
1317 995 1368 1051 est

216 1106 340 1167 ponere
363 1098 431 1151 tres
450 1088 589 1151 virtutes
611 1089 746 1151 omnino
769 1089 924 1164 diversas,
938 1089 1120 1152 secundum
1136 1098 1203 1153 tres
1222 1088 1369 1153 cellulas.

217 1190 306 1253 Nam
333 1192 509 1257 diversitas
534 1193 743 1274 objectorum
767 1194 916 1257 ostendit
939 1193 1035 1257 nobis
1057 1194 1283 1257 diversitatem
1306 1196 1367 1258 vir-

214 1294 1369 1380 mm.mfflmmmmmmmmmwwmr

214 1400 374 1475 exterius,
400 1412 438 1463 ut
470 1401 586 1483 viginti
613 1422 732 1465 novem
762 1403 943 1485 praedicta,
972 1401 1064 1465 aliud
1095 1402 1231 1466 interius
1261 1402 1369 1467 latens

212 1524 348 1567 sensum
383 1505 592 1583 exteriorem,
623 1515 660 1569 ut
692 1504 836 1587 qualitas
872 1505 1113 1587 complexionis
1148 1508 1285 1571 nocivae
1317 1507 1367 1571 vel

214 1608 313 1681 utilis,
337 1628 396 1672 seu
422 1610 529 1692 magis
559 1611 632 1691 ipsa
658 1622 777 1674 natura
800 1610 1027 1674 substantialis
1048 1610 1137 1674 utilis
1162 1610 1216 1673 vel
1240 1611 1367 1685 nociva.

214 1712 259 1776 Et
275 1714 352 1777 ideo
364 1724 499 1797 oportet
514 1715 698 1779 necessario
713 1716 805 1796 quod
821 1736 865 1779 ex
878 1716 941 1778 hac
954 1734 1055 1779 causa
1069 1725 1148 1779 sunt
1163 1716 1231 1778 duo
1245 1736 1368 1800 genera

212 1819 1367 1902 mmmfflwmmmmmmwmmsswmm

212 1942 347 1987 sensum
371 1944 581 1989 communem
610 1934 644 1988 et
678 1925 960 2006 imaginationem,
989 1944 1075 2006 quae
1104 1938 1279 1988 moventur
1309 1946 1368 2007 per

213 2028 354 2108 primum
369 2048 476 2112 genus
491 2029 664 2093 sensibile:
687 2041 722 2093 et
733 2030 823 2093 aliud
839 2030 930 2111 quod
947 2030 1093 2093 continet
1104 2030 1366 2095 aestimationem

212 2142 246 2195 et
273 2135 478 2213 memoriam,
504 2154 591 2216 quae
617 2134 767 2199 feruntur
793 2135 826 2196 in
857 2135 1039 2197 secundum
1068 2154 1175 2217 genus
1204 2135 1365 2199 sensibile.

214 2238 280 2300 Sed
297 2248 435 2321 propter
456 2238 687 2320 operationum
704 2239 911 2302 nobilitatem
934 2258 1036 2320 quam
1060 2238 1162 2302 habet
1188 2239 1366 2323 cogitativa

214 2354 362 2425 respectu
386 2342 534 2421 aliarum,
550 2344 624 2407 ideo
640 2344 855 2426 distinguitur
873 2343 917 2405 ab
932 2342 1012 2407 aliis.
1055 2342 1162 2425 Apud
1178 2344 1365 2408 translatio-

212 2466 288 2508 nem
304 2468 384 2531 ergo
401 2446 594 2511 Aristotelis
609 2446 780 2530 vulgatam
796 2458 935 2512 vocatur
949 2446 1055 2511 omnis
1071 2447 1175 2511 virtus
1196 2450 1364 2526 memoria,

211 2570 299 2631 quae
328 2551 431 2614 habet
458 2562 659 2635 potestatem
685 2552 846 2616 retinendi
873 2551 1010 2635 species,
1034 2562 1068 2614 et
1092 2552 1169 2615 ideo
1192 2563 1262 2615 tam
1288 2574 1366 2618 arca

212 2676 328 2719 sensus
350 2657 535 2721 communis
556 2677 658 2739 quam
682 2656 918 2720 aestimationis
934 2658 1117 2721 secundum
1141 2656 1204 2721 hoc
1227 2669 1364 2721 vocatur

212 2762 380 2825 memoria.
427 2762 474 2825 Et
500 2762 575 2824 ideo
596 2762 688 2843 quod
711 2761 764 2825 hic
780 2769 918 2823 vocatur
932 2760 1135 2843 imaginatio
1149 2763 1364 2843 comprehen-

210 2865 301 2929 ditur
315 2865 379 2929 sub
395 2866 551 2929 memoria
567 2866 657 2947 apud
673 2864 922 2930 translationem
939 2863 1131 2927 Aristotelis
1153 2884 1240 2945 quae
1254 2877 1305 2929 est
1330 2868 1364 2929 in

211 2989 273 3030 usu
297 2968 399 3051 vulgi.
461 2968 528 3035 Sed
549 2969 770 3053 proculdubio
789 2978 922 3051 oportet
945 2978 1024 3032 tunc
1039 2969 1130 3050 quod
1148 2970 1305 3032 memoria
1320 2971 1364 3034 sit

210 3073 339 3155 duplex
360 3086 395 3138 et
415 3072 514 3138 valde
535 3075 674 3155 diversa,
699 3074 746 3136 ita
768 3075 858 3155 quod
880 3093 946 3135 una
962 3073 1024 3137 erit
1043 3093 1119 3136 area
1136 3093 1252 3137 sensus
1272 3096 1362 3140 com-

211 3178 321 3240 munis
351 3188 384 3240 et
417 3176 481 3241 alia
515 3179 771 3253 aestimationis3
809 3189 844 3241 et
873 3188 969 3241 erunt
999 3179 1148 3241 diversae
1180 3183 1363 3244 secundum

210 3282 354 3363 speciem
370 3292 404 3346 et
419 3283 602 3346 secundum
618 3282 804 3365 subjectum
829 3292 864 3345 et
884 3301 1046 3363 organum
1070 3292 1104 3346 et
1126 3285 1361 3365 operationem

211 3386 358 3450 Etcum
383 3386 453 3468 jam
478 3388 608 3469 positae
633 3388 698 3449 sint
730 3386 813 3449 istae
841 3386 979 3450 virtutes
1009 3387 1043 3449 in
1072 3387 1216 3465 cerebro,
1242 3390 1360 3453 intelli·

207 3492 356 3573 gendum
372 3502 432 3569 est,
447 3492 539 3572 quod
554 3491 740 3555 substantia
760 3490 886 3554 cerebri
903 3490 1093 3553 medullaris
1112 3512 1177 3554 non
1196 3494 1304 3567 sentit,
1324 3504 1362 3557 ut

208 3594 1362 3680 Afflmwmfflfflmmfflmfflmmmmeffl

208 3702 427 3766 Aristotelem
443 3702 498 3784 pia
515 3701 786 3783 interpretatione
801 3709 835 3763 et
851 3701 1041 3765 reverenda.

253 3806 344 3870 Nam
364 3804 509 3870 medulla
529 3808 562 3869 in
585 3806 655 3869 aliis
677 3804 757 3869 locis
780 3805 926 3887 corporis
948 3825 1080 3868 sensum
1102 3825 1170 3868 non
1193 3806 1304 3886 habet,
1327 3819 1362 3873 et
1374 3822 1490 3871 Relation
1505 3831 1530 3871 or

207 3888 1505 4003 immmSmmmmmwmmmfflfflffl

206 4015 381 4078 continens
397 4034 514 4077 nervos
530 4013 669 4078 subtiles
685 4014 717 4078 in
733 4014 854 4095 quibus
872 4034 989 4076 sensus
1004 4023 1039 4077 et
1053 4014 1179 4097 species
1194 4016 1362 4081 sensibiles

205 4118 403 4183 consistunt.
436 4116 504 4181 Sed
515 4118 791 4182 considerandum
801 4128 863 4197 est,
873 4127 910 4180 ut
920 4118 1029 4181 omnis
1039 4116 1176 4181 tollatur
1187 4120 1362 4197 dubitatio,

205 4224 298 4303 quod
330 4222 442 4285 anima
464 4221 619 4285 sensitiva
641 4222 742 4287 habet
767 4222 895 4305 duplex
919 4222 1176 4287 instrumentum
1200 4244 1259 4288 seu
1284 4225 1361 4287 sub·

203 4328 344 4409 jectum:
367 4344 471 4389 unum
486 4336 538 4389 est
554 4324 695 4389 radicale
710 4336 744 4390 et
761 4326 895 4403 lontale,
908 4336 943 4391 et
955 4326 1019 4390 hoc
1034 4336 1086 4390 est
1101 4347 1165 4402 cor,
1177 4328 1359 4390 secundum

238 4492 246 4522 ¹
261 4494 387 4543 Aristotle
399 4508 454 4541 was
466 4506 553 4540 aware
565 4492 620 4540 that
631 4491 675 4539 tbe
686 4490 823 4540 substance
836 4492 866 4541 ol
879 4494 925 4542 the
941 4493 1016 4543 brein
1028 4508 1084 4541 was
1100 4499 1146 4541 not
1159 4491 1294 4541 sensitive.
1329 4493 1359 4543 ln

204 4572 429 4630 &Amnum
440 4571 485 4620 lib.
496 4570 531 4619 iii.
543 4586 600 4632 cap.
614 4584 652 4632 19,
665 4570 700 4618 he
716 4570 845 4619 remarks:
862 4571 908 4619 vtis
923 4572 978 4634 lxta
995 4572 1016 4619 δ’
1032 4570 1146 4631 αἴσθησιν
1161 4569 1192 4617 τὸ
1208 4570 1269 4630 αἷμα
1285 4572 1361 4621 duru-

203 4652 300 4711 μένα.
314 4688 321 4699 .
334 4688 340 4699 .
352 4649 408 4701 auct
421 4648 450 4711 bl
461 4650 475 4697 t
487 4646 632 4711 ἱγκᾶφαλω,
643 4646 693 4697 οὐδ’
704 4649 718 4697 ὁ
729 4645 818 4711 μυελὸς
828 4648 873 4697 οὐκ
884 4648 936 4711 ἔχει
947 4648 1060 4711 «tuom
1071 4646 1222 4708 ἁπτομένων.
