3542 5359
389 640 449 703 470
655 623 995 685 MULTIPLICATIO
1019 625 1275 685 SPECIERUM.

389 780 530 844 multum
556 778 702 845 velocius
728 780 850 844 feratur
879 781 1006 862 species
1032 780 1066 843 in
1092 799 1230 862 corpore
1255 779 1418 845 subtiliori
1444 799 1546 862 quam

389 885 494 966 possit
514 886 546 947 in
567 905 706 968 corpore
725 885 872 949 secundo
895 884 1039 948 densiori
1061 895 1197 968 propter
1218 905 1372 967 magnam
1391 885 1546 949 resisten-

389 990 471 1052 tiam
493 988 656 1070 grossitiei
679 989 827 1071 corporis
846 987 930 1064 talis,
947 989 1051 1051 virtus
1072 988 1233 1052 naturalis
1253 1008 1415 1071 generans
1435 988 1544 1071 ipsam

389 1093 534 1174 speciem
550 1093 681 1177 appetit
696 1093 876 1156 faciliorem
893 1093 1067 1156 transitum
1084 1103 1119 1156 et
1135 1093 1229 1176 eligit
1246 1092 1354 1170 illum;
1376 1091 1478 1157 ethic
1494 1101 1547 1157 est

389 1217 503 1260 versus
515 1196 830 1280 perpendicularem.
868 1197 1085 1280 Quapropter
1099 1197 1146 1262 sic
1162 1196 1263 1261 debet
1277 1197 1383 1280 frangi
1397 1198 1481 1259 inter
1498 1198 1547 1260 in-

390 1321 518 1364 cessum
535 1311 661 1366 rectum
676 1311 712 1364 et
728 1301 1035 1384 perpendicularem
1048 1302 1265 1366 ducendama
1281 1301 1354 1364 loco
1366 1301 1546 1365 fractionis.

222 1409 378 1488 stagnum
435 1403 481 1467 Et
496 1425 570 1469 cum
587 1405 825 1470 contrariorum
840 1407 1027 1470 contrariae
1041 1406 1107 1470 sint
1122 1425 1248 1482 causae,
1260 1415 1295 1468 et
1309 1407 1547 1469 contrariarum

221 1491 378 1592 fflffm
389 1527 564 1573 causarum
588 1511 743 1573 contrarii
767 1508 915 1587 effectus,
938 1520 1018 1575 tunc
1041 1520 1176 1594 oportet
1199 1511 1298 1592 quod,
1322 1528 1396 1573 curn
1419 1509 1548 1592 species

221 1609 374 1724 {2331
390 1614 502 1677 veniat
532 1635 553 1678 a
584 1615 727 1678 densiori
755 1614 787 1679 in
817 1614 981 1690 subtilius,
1003 1614 1148 1678 declinet
1171 1635 1192 1678 a
1214 1612 1486 1697 perpendiculari,
1510 1623 1548 1678 ut

222 1740 370 1802 awayrrom
391 1717 537 1781 incessus
563 1729 671 1782 rectus
697 1720 796 1784 cadat
822 1719 908 1783 inter
930 1719 1050 1783 lineam
1077 1717 1248 1783 fractionis
1271 1728 1305 1781 et
1329 1719 1548 1800 perpendicu-

221 1819 326 1920 ffigffir'
392 1820 493 1884 larem
521 1822 705 1886 ducendam
736 1843 756 1886 a
787 1822 860 1886 loco
892 1822 1070 1888 fractionis.
1118 1821 1202 1886 Cum
1233 1823 1321 1886 enim
1348 1823 1380 1886 in
1409 1842 1550 1904 corpore

391 1926 494 1989 denso
516 1927 616 2008 priori
639 1946 795 2011 magnam
815 1928 1034 1992 resistentiam
1058 1926 1187 2004 habeat,
1203 1937 1338 2010 propter
1359 1928 1547 2010 grossitiem

390 2028 610 2094 excellentem
626 2051 726 2112 super
739 2032 927 2114 grossitiem
942 2033 1078 2095 secundi
1094 2033 1249 2115 corporis
1264 2031 1357 2115 cujus
1377 2031 1549 2114 grossities

391 2145 441 2197 est
455 2135 623 2198 subtilitas
639 2155 766 2218 magna,
781 2145 818 2198 ut
833 2136 876 2200 de
889 2135 978 2199 facili
994 2146 1073 2219 agat
1088 2138 1215 2218 species
1227 2137 1361 2200 veniens
1380 2135 1413 2198 in
1430 2137 1547 2217 ipsum,

391 2259 457 2302 non
477 2249 610 2322 oportet
630 2241 720 2321 quod
737 2250 875 2321 quaerat
894 2240 1072 2304 faciliorem
1091 2242 1276 2313 transitum,
1293 2238 1417 2304 scilicet
1432 2259 1547 2302 versus

391 2342 718 2426 perpendicularem;
740 2345 819 2425 quia
839 2345 948 2408 omnis
967 2345 1124 2408 transitus
1147 2355 1196 2408 est
1219 2345 1248 2410 ei
1270 2343 1373 2409 facilis
1395 2352 1546 2427 respectu

391 2445 596 2510 difficultatis
618 2467 719 2528 quam
742 2447 859 2512 habuit
882 2449 915 2511 in
939 2449 1038 2532 priori
1062 2469 1207 2532 corpore,
1224 2458 1258 2512 et
1278 2449 1354 2512 ideo
1372 2455 1483 2532 potest
1499 2448 1548 2511 ire

392 2551 425 2613 in
441 2561 570 2633 partem
587 2552 751 2615 diversam
770 2572 790 2615 a
809 2553 1081 2637 perpendiculari,
1097 2563 1131 2617 et
1147 2553 1330 2618 necessario
1346 2551 1446 2615 debet
1461 2552 1548 2615 hanc

392 2667 521 2738 partem
538 2657 669 2737 eligere,
685 2657 763 2738 quia
783 2668 945 2739 quantum
969 2667 1081 2739 potest
1103 2657 1309 2721 uniformiter
1330 2658 1400 2739 agit
1423 2666 1458 2721 et
1480 2676 1550 2719 uno

392 2761 504 2837 modo,
531 2770 565 2822 et
592 2761 668 2826 ideo
695 2761 798 2825 invita
820 2763 939 2826 transit
962 2763 1005 2826 ad
1029 2762 1296 2826 contrarietatem
1319 2760 1550 2843 dispositionis

392 2883 472 2927 suae
483 2864 724 2928 vehementem.
759 2866 900 2948 Propter
910 2867 1013 2948 quod,
1026 2887 1101 2929 cum
1115 2867 1147 2929 in
1159 2868 1267 2950 primo
1279 2884 1416 2947 corpore
1428 2863 1550 2928 habuit

394 2986 548 3050 magnam
567 2967 797 3033 difficultatem
813 2972 971 3034 transitus
994 2991 1052 3034 seu
1072 2971 1237 3036 modicam
1254 2968 1455 3045 facultatem,
1471 2967 1550 3032 ideo

393 3091 437 3134 ex
461 3071 685 3137 uniformitate
707 3095 776 3149 sua,
800 3095 902 3157 quam
927 3076 1068 3139 intendit
1090 3094 1220 3157 semper
1241 3083 1401 3154 quantum
1426 3081 1548 3155 potest,

392 3196 458 3238 non
482 3176 582 3240 debet
604 3176 725 3260 eligere
747 3180 1013 3244 contrarietatem
1036 3178 1268 3256 excellentem,
1290 3188 1327 3241 ut
1348 3179 1391 3240 ad
1417 3189 1548 3259 partem

341 3349 348 3361 ,
393 3278 540 3345 facillimi
568 3283 735 3358 transitus,
758 3284 883 3348 scilicet
905 3304 1019 3348 versus
1045 3282 1360 3367 perpendicularem,
1384 3281 1548 3358 declinet;

393 3385 453 3448 sed
474 3385 724 3468 quodammodo
747 3388 927 3468 continuet,
943 3399 979 3452 ut
1002 3399 1113 3471 potest
1134 3398 1169 3451 et
1191 3387 1301 3462 debet,
1315 3385 1550 3449 difficultatem

393 3490 561 3568 transitus,
591 3510 650 3552 seu
680 3491 838 3555 minorem
865 3492 1080 3571 facilitatem3
1109 3502 1143 3556 et
1173 3491 1236 3555 hoc
1266 3501 1316 3554 est
1342 3491 1550 3553 transeundo

394 3593 479 3658 ultra
496 3594 658 3657 incessum
675 3605 800 3661 rectum
816 3617 875 3679 per
890 3595 1133 3680 elongationem
1149 3616 1169 3660 a
1185 3595 1456 3678 perpendiculari,
1470 3613 1549 3658 cum

393 3699 423 3760 ei
454 3699 594 3763 sufficiat
625 3699 679 3762 ille
707 3701 873 3775 transitus,
899 3710 934 3766 et
965 3701 1086 3784 poterit
1116 3721 1192 3764 eum
1223 3699 1425 3782 adimplere;
1462 3698 1551 3762 sicut

393 3804 527 3885 quando
551 3805 679 3886 species
702 3805 795 3869 venit
824 3825 845 3868 a
874 3806 1037 3870 subtiliori
1067 3807 1100 3869 in
1130 3805 1284 3886 grossius,
1310 3803 1481 3868 continuat
1511 3802 1547 3865 in

390 3909 547 3993 grossiori
577 3909 770 3974 facilitatem
800 3910 958 3973 transitus
989 3912 1022 3973 in
1053 3930 1191 3993 corpore
1219 3908 1372 3986 secund0,
1402 3916 1440 3969 ut
1475 3905 1550 3988 ejus

394 4014 538 4076 incessus
554 4013 586 4075 in
603 4023 743 4095 utroque
757 4033 896 4095 corpore
911 4014 955 4078 sit
968 4011 1225 4096 proportionalis
1248 4020 1410 4094 quantum
1435 4021 1549 4093 potest

394 4126 428 4179 et
442 4117 632 4194 uniformis3
655 4137 848 4200 quanquam
863 4129 899 4182 et
914 4117 1064 4183 similiter
1079 4138 1154 4182 cum
1168 4117 1232 4181 hoc
1246 4117 1417 4199 grossities
1431 4135 1549 4198 super-

394 4220 462 4284 flua
477 4221 624 4303 corporis
642 4223 777 4285 secundi
798 4222 926 4287 excitat
940 4222 1096 4288 virtutem
1118 4222 1341 4304 generativam
1363 4221 1494 4303 speciei,
1508 4230 1549 4283 ut

394 4328 437 4391 ad
454 4338 582 4409 partem
598 4326 751 4390 facilioris
766 4329 923 4391 transitus
939 4326 1091 4391 declinet.

225 4429 328 4495 Expert-
439 4431 485 4496 Et
507 4433 598 4513 quod
623 4452 681 4515 per
698 4453 833 4496 causam
855 4433 1067 4497 manifestum
1090 4443 1141 4496 est
1163 4431 1207 4495 de
1229 4431 1354 4515 duplici
1378 4428 1549 4508 fractione,

226 4495 318 4624 ml
394 4556 570 4617 possumus
586 4536 812 4620 multipliciter
822 4537 992 4602 verificare
1008 4558 1067 4621 per
1080 4537 1234 4601 effectum
1247 4545 1280 4599 et
1296 4535 1547 4618 experientiam.

227 4628 376 4677 concentra-
395 4639 483 4702 Nam
500 4642 527 4702 si
543 4641 618 4722 quis
633 4641 825 4723 crystallum
845 4642 1054 4731 sphaericum
1069 4639 1124 4706 vel
1143 4661 1265 4724 corpus
1286 4639 1412 4705 urinale
1436 4649 1549 4704 rotun·
