<?xml version="1.0" encoding="UTF-8"?>
<!DOCTYPE html PUBLIC "-//W3C//DTD XHTML 1.0 Transitional//EN"
    "http://www.w3.org/TR/xhtml1/DTD/xhtml1-transitional.dtd">
<html xmlns="http://www.w3.org/1999/xhtml" xml:lang="en" lang="en">
 <head>
  <title>
</title>
<meta http-equiv="Content-Type" content="text/html;charset=utf-8" />
  <meta name='ocr-system' content='tesseract 3.04.00' />
  <meta name='ocr-capabilities' content='ocr_page ocr_carea ocr_par ocr_line ocrx_word'/>
</head>
<body>
  <div class='ocr_page' id='page_1' title='image "./opusmajusrogerb02bridgoog/opusmajusrogerb02bridgoog_0394.png"; bbox 0 0 3542 5359; ppageno 0'>
   <div class='ocr_carea' id='block_1_1' title="bbox 397 649 1422 725">
    <p class='ocr_par' dir='ltr' id='par_1_1' title="bbox 397 649 1422 725">
     <span class='ocr_line' id='line_1_1' title="bbox 397 649 1422 725; baseline 0.002 -16"><span class='ocrx_word' id='word_1_1' title='bbox 397 652 592 713; x_wconf 78' lang='lat' dir='ltr'><em>MORALIS</em></span> <span class='ocrx_word' id='word_1_2' title='bbox 616 653 933 712; x_wconf 83' lang='lat' dir='ltr'><em>PHILOSOPHIA:</em></span> <span class='ocrx_word' id='word_1_3' title='bbox 968 652 1082 711; x_wconf 83' lang='lat' dir='ltr'><em>PARS</em></span> <span class='ocrx_word' id='word_1_4' title='bbox 1108 649 1292 725; x_wconf 78' lang='lat' dir='ltr'><em>QUARTA.</em></span> <span class='ocrx_word' id='word_1_5' title='bbox 1362 663 1422 724; x_wconf 83' lang='lat'>375</span> 
     </span>
    </p>
   </div>
   <div class='ocr_carea' id='block_1_2' title="bbox 270 814 1585 4027">
    <p class='ocr_par' dir='ltr' id='par_1_2' title="bbox 271 814 1423 2134">
     <span class='ocr_line' id='line_1_2' title="bbox 271 814 1422 898; baseline 0 -24"><span class='ocrx_word' id='word_1_6' title='bbox 271 815 467 895; x_wconf 87' lang='lat' dir='ltr'>vegetivam.</span> <span class='ocrx_word' id='word_1_7' title='bbox 511 815 635 898; x_wconf 90' lang='lat' dir='ltr'>Arguit</span> <span class='ocrx_word' id='word_1_8' title='bbox 662 817 747 879; x_wconf 89' lang='lat' dir='ltr'>enim</span> <span class='ocrx_word' id='word_1_9' title='bbox 772 817 920 880; x_wconf 84' lang='lat' dir='ltr'>secundo</span> <span class='ocrx_word' id='word_1_10' title='bbox 943 816 986 880; x_wconf 95' lang='lat' dir='ltr'>de</span> <span class='ocrx_word' id='word_1_11' title='bbox 1007 815 1133 880; x_wconf 90' lang='lat' dir='ltr'>Anima</span> <span class='ocrx_word' id='word_1_12' title='bbox 1153 814 1235 879; x_wconf 89' lang='lat' dir='ltr'>haec</span> <span class='ocrx_word' id='word_1_13' title='bbox 1262 815 1325 878; x_wconf 90' lang='lat' dir='ltr'>tria</span> <span class='ocrx_word' id='word_1_14' title='bbox 1350 831 1422 875; x_wconf 87' lang='lat' dir='ltr'>esse</span> 
     </span>
     <span class='ocr_line' id='line_1_3' title="bbox 272 916 1422 1004; baseline 0 -26"><span class='ocrx_word' id='word_1_15' title='bbox 272 916 402 982; x_wconf 88' lang='lat' dir='ltr'>diversa</span> <span class='ocrx_word' id='word_1_16' title='bbox 432 922 614 985; x_wconf 88' lang='lat' dir='ltr'>secundum</span> <span class='ocrx_word' id='word_1_17' title='bbox 640 922 795 1004; x_wconf 88' lang='lat' dir='ltr'>speciem,</span> <span class='ocrx_word' id='word_1_18' title='bbox 818 923 896 1004; x_wconf 92' lang='lat' dir='ltr'>quia</span> <span class='ocrx_word' id='word_1_19' title='bbox 926 922 1136 1004; x_wconf 87' lang='lat' dir='ltr'>operationes</span> <span class='ocrx_word' id='word_1_20' title='bbox 1166 929 1244 983; x_wconf 87' lang='lat' dir='ltr'>sunt</span> <span class='ocrx_word' id='word_1_21' title='bbox 1273 918 1422 981; x_wconf 87' lang='lat' dir='ltr'>diversae</span> 
     </span>
     <span class='ocr_line' id='line_1_4' title="bbox 272 1025 1421 1108; baseline 0 -26"><span class='ocrx_word' id='word_1_22' title='bbox 272 1025 455 1087; x_wconf 91' lang='lat' dir='ltr'>secundum</span> <span class='ocrx_word' id='word_1_23' title='bbox 483 1026 636 1107; x_wconf 87' lang='lat' dir='ltr'>speciem,</span> <span class='ocrx_word' id='word_1_24' title='bbox 659 1036 696 1089; x_wconf 91' lang='lat' dir='ltr'>ut</span> <span class='ocrx_word' id='word_1_25' title='bbox 728 1025 920 1108; x_wconf 87' lang='lat' dir='ltr'>intelligere,</span> <span class='ocrx_word' id='word_1_26' title='bbox 943 1026 1073 1103; x_wconf 88' lang='lat' dir='ltr'>sentire,</span> <span class='ocrx_word' id='word_1_27' title='bbox 1096 1033 1130 1088; x_wconf 95' lang='lat' dir='ltr'>et</span> <span class='ocrx_word' id='word_1_28' title='bbox 1151 1032 1326 1107; x_wconf 84' lang='lat' dir='ltr'>vegetare3</span> <span class='ocrx_word' id='word_1_29' title='bbox 1361 1041 1421 1084; x_wconf 91' lang='lat' dir='ltr'>nec</span> 
     </span>
     <span class='ocr_line' id='line_1_5' title="bbox 272 1125 1420 1214; baseline 0.001 -28"><span class='ocrx_word' id='word_1_30' title='bbox 272 1127 467 1191; x_wconf 83' lang='lat' dir='ltr'>ordinantur</span> <span class='ocrx_word' id='word_1_31' title='bbox 488 1130 531 1192; x_wconf 90' lang='lat' dir='ltr'>ad</span> <span class='ocrx_word' id='word_1_32' title='bbox 556 1130 705 1194; x_wconf 90' lang='lat' dir='ltr'>invicem.</span> <span class='ocrx_word' id='word_1_33' title='bbox 746 1130 813 1195; x_wconf 90' lang='lat' dir='ltr'>Sed</span> <span class='ocrx_word' id='word_1_34' title='bbox 839 1131 984 1214; x_wconf 83' lang='lat' dir='ltr'>cognitio</span> <span class='ocrx_word' id='word_1_35' title='bbox 1006 1129 1155 1193; x_wconf 89' lang='lat' dir='ltr'>veritatis</span> <span class='ocrx_word' id='word_1_36' title='bbox 1182 1127 1352 1191; x_wconf 90' lang='lat' dir='ltr'>ordinatur</span> <span class='ocrx_word' id='word_1_37' title='bbox 1378 1125 1420 1188; x_wconf 91' lang='lat' dir='ltr'>ad</span> 
     </span>
     <span class='ocr_line' id='line_1_6' title="bbox 272 1233 1419 1319; baseline 0 -26"><span class='ocrx_word' id='word_1_38' title='bbox 272 1252 419 1296; x_wconf 89' lang='lat' dir='ltr'>amorem</span> <span class='ocrx_word' id='word_1_39' title='bbox 435 1234 506 1317; x_wconf 87' lang='lat' dir='ltr'>ejus</span> <span class='ocrx_word' id='word_1_40' title='bbox 521 1247 556 1299; x_wconf 93' lang='lat' dir='ltr'>et</span> <span class='ocrx_word' id='word_1_41' title='bbox 572 1247 708 1319; x_wconf 91' lang='lat' dir='ltr'>propter</span> <span class='ocrx_word' id='word_1_42' title='bbox 723 1257 797 1299; x_wconf 91' lang='lat' dir='ltr'>eam</span> <span class='ocrx_word' id='word_1_43' title='bbox 813 1235 873 1315; x_wconf 72' lang='lat' dir='ltr'>fit,</span> <span class='ocrx_word' id='word_1_44' title='bbox 895 1245 929 1298; x_wconf 87' lang='lat' dir='ltr'>et</span> <span class='ocrx_word' id='word_1_45' title='bbox 949 1236 1023 1299; x_wconf 90' lang='lat' dir='ltr'>ideo</span> <span class='ocrx_word' id='word_1_46' title='bbox 1039 1255 1104 1298; x_wconf 87' lang='lat' dir='ltr'>una</span> <span class='ocrx_word' id='word_1_47' title='bbox 1119 1244 1170 1296; x_wconf 92' lang='lat' dir='ltr'>est</span> <span class='ocrx_word' id='word_1_48' title='bbox 1186 1233 1346 1316; x_wconf 85' lang='lat' dir='ltr'>potentia,</span> <span class='ocrx_word' id='word_1_49' title='bbox 1362 1252 1419 1294; x_wconf 91' lang='lat' dir='ltr'>seu</span> 
     </span>
     <span class='ocr_line' id='line_1_7' title="bbox 272 1335 1422 1421; baseline -0.001 -24"><span class='ocrx_word' id='word_1_50' title='bbox 272 1346 402 1412; x_wconf 89' lang='lat' dir='ltr'>natura,</span> <span class='ocrx_word' id='word_1_51' title='bbox 416 1358 474 1402; x_wconf 92' lang='lat' dir='ltr'>seu</span> <span class='ocrx_word' id='word_1_52' title='bbox 489 1340 686 1413; x_wconf 86' lang='lat' dir='ltr'>substantia,</span> <span class='ocrx_word' id='word_1_53' title='bbox 703 1341 833 1404; x_wconf 91' lang='lat' dir='ltr'>animae</span> <span class='ocrx_word' id='word_1_54' title='bbox 856 1340 1025 1403; x_wconf 87' lang='lat' dir='ltr'>rationalis</span> <span class='ocrx_word' id='word_1_55' title='bbox 1048 1359 1133 1421; x_wconf 91' lang='lat' dir='ltr'>quae</span> <span class='ocrx_word' id='word_1_56' title='bbox 1155 1337 1324 1420; x_wconf 84' lang='lat' dir='ltr'>cognoscit</span> <span class='ocrx_word' id='word_1_57' title='bbox 1339 1335 1422 1398; x_wconf 89' lang='lat' dir='ltr'>veri-</span> 
     </span>
     <span class='ocr_line' id='line_1_8' title="bbox 272 1439 1422 1519; baseline 0 -19"><span class='ocrx_word' id='word_1_58' title='bbox 272 1447 378 1503; x_wconf 85' lang='lat' dir='ltr'>tatem</span> <span class='ocrx_word' id='word_1_59' title='bbox 401 1452 434 1504; x_wconf 91' lang='lat' dir='ltr'>et</span> <span class='ocrx_word' id='word_1_60' title='bbox 457 1454 549 1506; x_wconf 88' lang='lat' dir='ltr'>amat</span> <span class='ocrx_word' id='word_1_61' title='bbox 571 1465 655 1507; x_wconf 92' lang='lat' dir='ltr'>eam.</span> <span class='ocrx_word' id='word_1_62' title='bbox 703 1444 802 1508; x_wconf 92' lang='lat' dir='ltr'>Unde</span> <span class='ocrx_word' id='word_1_63' title='bbox 824 1445 925 1507; x_wconf 91' lang='lat' dir='ltr'>tertio</span> <span class='ocrx_word' id='word_1_64' title='bbox 947 1445 990 1507; x_wconf 90' lang='lat' dir='ltr'>de</span> <span class='ocrx_word' id='word_1_65' title='bbox 1005 1442 1140 1519; x_wconf 86' lang='lat' dir='ltr'>Anima,</span> <span class='ocrx_word' id='word_1_66' title='bbox 1155 1439 1357 1505; x_wconf 85' lang='lat' dir='ltr'>Aristoteles</span> <span class='ocrx_word' id='word_1_67' title='bbox 1375 1441 1422 1502; x_wconf 91' lang='lat' dir='ltr'>sic</span> 
     </span>
     <span class='ocr_line' id='line_1_9' title="bbox 273 1543 1422 1631; baseline 0.002 -27"><span class='ocrx_word' id='word_1_68' title='bbox 273 1543 430 1627; x_wconf 89' lang='lat' dir='ltr'>incipit¹:</span> <span class='ocrx_word' id='word_1_69' title='bbox 461 1546 515 1610; x_wconf 89' lang='lat' dir='ltr'>De</span> <span class='ocrx_word' id='word_1_70' title='bbox 545 1557 640 1631; x_wconf 92' lang='lat' dir='ltr'>parte</span> <span class='ocrx_word' id='word_1_71' title='bbox 669 1559 783 1612; x_wconf 89' lang='lat' dir='ltr'>autem</span> <span class='ocrx_word' id='word_1_72' title='bbox 813 1549 943 1613; x_wconf 88' lang='lat' dir='ltr'>animae</span> <span class='ocrx_word' id='word_1_73' title='bbox 973 1569 1038 1630; x_wconf 91' lang='lat' dir='ltr'>qua</span> <span class='ocrx_word' id='word_1_74' title='bbox 1068 1545 1239 1629; x_wconf 87' lang='lat' dir='ltr'>cognoscit</span> <span class='ocrx_word' id='word_1_75' title='bbox 1269 1555 1303 1608; x_wconf 91' lang='lat' dir='ltr'>et</span> <span class='ocrx_word' id='word_1_76' title='bbox 1332 1543 1422 1627; x_wconf 88' lang='lat' dir='ltr'>sapit</span> 
     </span>
     <span class='ocr_line' id='line_1_10' title="bbox 272 1647 1422 1735; baseline 0 -25"><span class='ocrx_word' id='word_1_77' title='bbox 272 1649 450 1714; x_wconf 90' lang='lat' dir='ltr'>dicendum</span> <span class='ocrx_word' id='word_1_78' title='bbox 484 1661 554 1730; x_wconf 92' lang='lat' dir='ltr'>est;</span> <span class='ocrx_word' id='word_1_79' title='bbox 592 1652 707 1716; x_wconf 90' lang='lat' dir='ltr'>volens</span> <span class='ocrx_word' id='word_1_80' title='bbox 737 1654 827 1735; x_wconf 93' lang='lat' dir='ltr'>quod</span> <span class='ocrx_word' id='word_1_81' title='bbox 857 1654 974 1717; x_wconf 90' lang='lat' dir='ltr'>cadem</span> <span class='ocrx_word' id='word_1_82' title='bbox 1014 1653 1057 1715; x_wconf 92' lang='lat' dir='ltr'>sit</span> <span class='ocrx_word' id='word_1_83' title='bbox 1090 1673 1166 1734; x_wconf 87' lang='lat' dir='ltr'>pars</span> <span class='ocrx_word' id='word_1_84' title='bbox 1196 1670 1283 1733; x_wconf 86' lang='lat' dir='ltr'>quae</span> <span class='ocrx_word' id='word_1_85' title='bbox 1321 1647 1422 1712; x_wconf 88' lang='lat' dir='ltr'>habet</span> 
     </span>
     <span class='ocr_line' id='line_1_11' title="bbox 273 1752 1420 1838; baseline -0.003 -21"><span class='ocrx_word' id='word_1_86' title='bbox 273 1764 448 1836; x_wconf 87' lang='lat' dir='ltr'>utramque</span> <span class='ocrx_word' id='word_1_87' title='bbox 470 1757 721 1838; x_wconf 85' lang='lat' dir='ltr'>operationem3</span> <span class='ocrx_word' id='word_1_88' title='bbox 743 1759 828 1821; x_wconf 91' lang='lat' dir='ltr'>sicut</span> <span class='ocrx_word' id='word_1_89' title='bbox 851 1767 902 1819; x_wconf 89' lang='lat' dir='ltr'>est</span> <span class='ocrx_word' id='word_1_90' title='bbox 925 1758 957 1819; x_wconf 92' lang='lat' dir='ltr'>in</span> <span class='ocrx_word' id='word_1_91' title='bbox 982 1757 1158 1830; x_wconf 75' lang='lat' dir='ltr'>sensitiva:</span> <span class='ocrx_word' id='word_1_92' title='bbox 1190 1754 1279 1838; x_wconf 91' lang='lat' dir='ltr'>quod</span> <span class='ocrx_word' id='word_1_93' title='bbox 1303 1752 1420 1817; x_wconf 90' lang='lat' dir='ltr'>eadem</span> 
     </span>
     <span class='ocr_line' id='line_1_12' title="bbox 272 1859 1422 1945; baseline -0.003 -24"><span class='ocrx_word' id='word_1_94' title='bbox 272 1869 322 1921; x_wconf 88' lang='lat' dir='ltr'>est</span> <span class='ocrx_word' id='word_1_95' title='bbox 340 1860 491 1940; x_wconf 89' lang='lat' dir='ltr'>potentia</span> <span class='ocrx_word' id='word_1_96' title='bbox 506 1881 592 1942; x_wconf 90' lang='lat' dir='ltr'>quae</span> <span class='ocrx_word' id='word_1_97' title='bbox 607 1862 777 1944; x_wconf 87' lang='lat' dir='ltr'>cognoscit</span> <span class='ocrx_word' id='word_1_98' title='bbox 792 1871 825 1924; x_wconf 91' lang='lat' dir='ltr'>et</span> <span class='ocrx_word' id='word_1_99' title='bbox 844 1862 980 1945; x_wconf 90' lang='lat' dir='ltr'>appetit,</span> <span class='ocrx_word' id='word_1_100' title='bbox 993 1871 1030 1924; x_wconf 91' lang='lat' dir='ltr'>ut</span> <span class='ocrx_word' id='word_1_101' title='bbox 1050 1870 1142 1944; x_wconf 87' lang='lat' dir='ltr'>patet</span> <span class='ocrx_word' id='word_1_102' title='bbox 1159 1861 1190 1923; x_wconf 92' lang='lat' dir='ltr'>in</span> <span class='ocrx_word' id='word_1_103' title='bbox 1208 1859 1297 1922; x_wconf 93' lang='lat' dir='ltr'>omni</span> <span class='ocrx_word' id='word_1_104' title='bbox 1312 1877 1422 1921; x_wconf 88' lang='lat' dir='ltr'>sensu.</span> 
     </span>
     <span class='ocr_line' id='line_1_13' title="bbox 274 1963 1423 2048; baseline -0.001 -24"><span class='ocrx_word' id='word_1_105' title='bbox 274 1963 362 2025; x_wconf 94' lang='lat' dir='ltr'>Nam</span> <span class='ocrx_word' id='word_1_106' title='bbox 379 1974 487 2027; x_wconf 88' lang='lat' dir='ltr'>tactus</span> <span class='ocrx_word' id='word_1_107' title='bbox 509 1967 680 2048; x_wconf 85' lang='lat' dir='ltr'>cognoscit</span> <span class='ocrx_word' id='word_1_108' title='bbox 700 1966 844 2029; x_wconf 90' lang='lat' dir='ltr'>calidum</span> <span class='ocrx_word' id='word_1_109' title='bbox 866 1975 900 2029; x_wconf 90' lang='lat' dir='ltr'>et</span> <span class='ocrx_word' id='word_1_110' title='bbox 916 1967 1055 2048; x_wconf 89' lang='lat' dir='ltr'>appetit,</span> <span class='ocrx_word' id='word_1_111' title='bbox 1071 1975 1105 2028; x_wconf 92' lang='lat' dir='ltr'>et</span> <span class='ocrx_word' id='word_1_112' title='bbox 1126 1974 1242 2046; x_wconf 87' lang='lat' dir='ltr'>gustus</span> <span class='ocrx_word' id='word_1_113' title='bbox 1260 1982 1423 2046; x_wconf 91' lang='lat' dir='ltr'>saporem,</span> 
     </span>
     <span class='ocr_line' id='line_1_14' title="bbox 272 2068 526 2134; baseline 0.016 -5"><span class='ocrx_word' id='word_1_114' title='bbox 272 2077 305 2130; x_wconf 92' lang='lat' dir='ltr'>et</span> <span class='ocrx_word' id='word_1_115' title='bbox 321 2068 368 2129; x_wconf 90' lang='lat' dir='ltr'>sic</span> <span class='ocrx_word' id='word_1_116' title='bbox 385 2069 428 2131; x_wconf 90' lang='lat' dir='ltr'>de</span> <span class='ocrx_word' id='word_1_117' title='bbox 442 2068 526 2134; x_wconf 89' lang='lat' dir='ltr'>aliis.</span> 
     </span>
    </p>

    <p class='ocr_par' dir='ltr' id='par_1_3' title="bbox 317 2171 1557 2258">
     <span class='ocr_line' id='line_1_15' title="bbox 317 2171 1557 2258; baseline -0.004 -23"><span class='ocrx_word' id='word_1_118' title='bbox 317 2171 384 2236; x_wconf 87' lang='lat' dir='ltr'>Sed</span> <span class='ocrx_word' id='word_1_119' title='bbox 408 2173 449 2236; x_wconf 93' lang='lat' dir='ltr'>de</span> <span class='ocrx_word' id='word_1_120' title='bbox 480 2174 531 2236; x_wconf 93' lang='lat' dir='ltr'>his</span> <span class='ocrx_word' id='word_1_121' title='bbox 558 2195 623 2238; x_wconf 92' lang='lat' dir='ltr'>non</span> <span class='ocrx_word' id='word_1_122' title='bbox 654 2186 705 2239; x_wconf 89' lang='lat' dir='ltr'>est</span> <span class='ocrx_word' id='word_1_123' title='bbox 735 2195 854 2258; x_wconf 88' lang='lat' dir='ltr'>magna</span> <span class='ocrx_word' id='word_1_124' title='bbox 884 2175 934 2236; x_wconf 91' lang='lat' dir='ltr'>vis</span> <span class='ocrx_word' id='word_1_125' title='bbox 964 2173 1233 2256; x_wconf 84' lang='lat' dir='ltr'>qualitercunque</span> <span class='ocrx_word' id='word_1_126' title='bbox 1262 2172 1422 2236; x_wconf 77' lang='lat' dir='ltr'>dicamus</span> <span class='ocrx_word' id='word_1_127' title='bbox 1438 2181 1519 2257; x_wconf 68' lang='lat' dir='ltr'>[telier</span> <span class='ocrx_word' id='word_1_128' title='bbox 1533 2182 1557 2230; x_wconf 81' lang='lat' dir='ltr'>in</span> 
     </span>
    </p>

    <p class='ocr_par' dir='ltr' id='par_1_4' title="bbox 270 2247 1585 3923">
     <span class='ocr_line' id='line_1_16' title="bbox 274 2247 1585 2372; baseline -0.001 -34"><span class='ocrx_word' id='word_1_129' title='bbox 274 2273 405 2339; x_wconf 88' lang='lat' dir='ltr'>Scimus</span> <span class='ocrx_word' id='word_1_130' title='bbox 427 2279 515 2341; x_wconf 90' lang='lat' dir='ltr'>enim</span> <span class='ocrx_word' id='word_1_131' title='bbox 539 2278 629 2360; x_wconf 89' lang='lat' dir='ltr'>quod</span> <span class='ocrx_word' id='word_1_132' title='bbox 651 2279 760 2342; x_wconf 91' lang='lat' dir='ltr'>anima</span> <span class='ocrx_word' id='word_1_133' title='bbox 784 2278 949 2343; x_wconf 88' lang='lat' dir='ltr'>rationalis</span> <span class='ocrx_word' id='word_1_134' title='bbox 972 2279 1146 2341; x_wconf 87' lang='lat' dir='ltr'>veritatem</span> <span class='ocrx_word' id='word_1_135' title='bbox 1173 2286 1250 2339; x_wconf 90' lang='lat' dir='ltr'>nata</span> <span class='ocrx_word' id='word_1_136' title='bbox 1272 2285 1323 2338; x_wconf 89' lang='lat' dir='ltr'>est</span> <span class='ocrx_word' id='word_1_137' title='bbox 1345 2295 1423 2356; x_wconf 91' lang='lat' dir='ltr'>cog·</span> <span class='ocrx_word' id='word_1_138' title='bbox 1437 2247 1527 2372; x_wconf 50' lang='grc' dir='ltr'>ἓξὲξ</span> <span class='ocrx_word' id='word_1_139' title='bbox 1541 2313 1585 2362; x_wconf 82' lang='lat' dir='ltr'>bnt</span> 
     </span>
     <span class='ocr_line' id='line_1_17' title="bbox 272 2377 1523 2463; baseline -0.002 -21"><span class='ocrx_word' id='word_1_140' title='bbox 272 2400 407 2444; x_wconf 87' lang='lat' dir='ltr'>noscere</span> <span class='ocrx_word' id='word_1_141' title='bbox 422 2391 455 2446; x_wconf 91' lang='lat' dir='ltr'>et</span> <span class='ocrx_word' id='word_1_142' title='bbox 471 2403 589 2446; x_wconf 83' lang='lat' dir='ltr'>amare</span> <span class='ocrx_word' id='word_1_143' title='bbox 634 2383 767 2446; x_wconf 90' lang='lat' dir='ltr'>Veritas</span> <span class='ocrx_word' id='word_1_144' title='bbox 781 2392 893 2446; x_wconf 88' lang='lat' dir='ltr'>autem</span> <span class='ocrx_word' id='word_1_145' title='bbox 909 2393 1019 2446; x_wconf 91' lang='lat' dir='ltr'>sectae</span> <span class='ocrx_word' id='word_1_146' title='bbox 1038 2383 1070 2444; x_wconf 93' lang='lat' dir='ltr'>in</span> <span class='ocrx_word' id='word_1_147' title='bbox 1091 2392 1221 2446; x_wconf 91' lang='lat' dir='ltr'>tantum</span> <span class='ocrx_word' id='word_1_148' title='bbox 1243 2379 1423 2463; x_wconf 87' lang='lat' dir='ltr'>percipitur</span> <span class='ocrx_word' id='word_1_149' title='bbox 1437 2377 1523 2428; x_wconf 67' lang='lat' dir='ltr'>secure.</span> 
     </span>
     <span class='ocr_line' id='line_1_18' title="bbox 273 2485 1423 2568; baseline -0.003 -20"><span class='ocrx_word' id='word_1_150' title='bbox 273 2495 433 2566; x_wconf 91' lang='lat' dir='ltr'>quantum</span> <span class='ocrx_word' id='word_1_151' title='bbox 452 2487 516 2549; x_wconf 90' lang='lat' dir='ltr'>Dei</span> <span class='ocrx_word' id='word_1_152' title='bbox 537 2487 683 2567; x_wconf 88' lang='lat' dir='ltr'>cognitio</span> <span class='ocrx_word' id='word_1_153' title='bbox 705 2486 854 2550; x_wconf 87' lang='lat' dir='ltr'>abundat</span> <span class='ocrx_word' id='word_1_154' title='bbox 874 2487 908 2548; x_wconf 89' lang='lat' dir='ltr'>in</span> <span class='ocrx_word' id='word_1_155' title='bbox 928 2487 1087 2568; x_wconf 89' lang='lat' dir='ltr'>quolibet,</span> <span class='ocrx_word' id='word_1_156' title='bbox 1103 2486 1182 2568; x_wconf 91' lang='lat' dir='ltr'>quia</span> <span class='ocrx_word' id='word_1_157' title='bbox 1202 2485 1310 2549; x_wconf 87' lang='lat' dir='ltr'>omnis</span> <span class='ocrx_word' id='word_1_158' title='bbox 1332 2493 1423 2547; x_wconf 89' lang='lat' dir='ltr'>secta</span> 
     </span>
     <span class='ocr_line' id='line_1_19' title="bbox 272 2588 1421 2673; baseline -0.001 -22"><span class='ocrx_word' id='word_1_159' title='bbox 272 2588 410 2652; x_wconf 80' lang='lat' dir='ltr'>refertur</span> <span class='ocrx_word' id='word_1_160' title='bbox 435 2590 466 2652; x_wconf 91' lang='lat' dir='ltr'>in</span> <span class='ocrx_word' id='word_1_161' title='bbox 491 2591 622 2668; x_wconf 92' lang='lat' dir='ltr'>Deum;</span> <span class='ocrx_word' id='word_1_162' title='bbox 654 2602 688 2654; x_wconf 87' lang='lat' dir='ltr'>et</span> <span class='ocrx_word' id='word_1_163' title='bbox 714 2592 798 2666; x_wconf 91' lang='lat' dir='ltr'>ideo,</span> <span class='ocrx_word' id='word_1_164' title='bbox 820 2591 876 2673; x_wconf 91' lang='lat' dir='ltr'>qul</span> <span class='ocrx_word' id='word_1_165' title='bbox 901 2591 972 2654; x_wconf 91' lang='lat' dir='ltr'>vult</span> <span class='ocrx_word' id='word_1_166' title='bbox 996 2592 1028 2654; x_wconf 93' lang='lat' dir='ltr'>in</span> <span class='ocrx_word' id='word_1_167' title='bbox 1051 2592 1273 2673; x_wconf 90' lang='lat' dir='ltr'>cognitionem</span> <span class='ocrx_word' id='word_1_168' title='bbox 1297 2600 1421 2654; x_wconf 88' lang='lat' dir='ltr'>certam</span> 
     </span>
     <span class='ocr_line' id='line_1_20' title="bbox 271 2693 1423 2778; baseline -0.003 -22"><span class='ocrx_word' id='word_1_169' title='bbox 271 2702 383 2756; x_wconf 88' lang='lat' dir='ltr'>sectae</span> <span class='ocrx_word' id='word_1_170' title='bbox 416 2693 578 2768; x_wconf 82' lang='lat' dir='ltr'>devenire,</span> <span class='ocrx_word' id='word_1_171' title='bbox 612 2705 744 2777; x_wconf 86' lang='lat' dir='ltr'>oportet</span> <span class='ocrx_word' id='word_1_172' title='bbox 778 2696 866 2778; x_wconf 93' lang='lat' dir='ltr'>quod</span> <span class='ocrx_word' id='word_1_173' title='bbox 902 2717 923 2759; x_wconf 87' lang='lat' dir='ltr'>a</span> <span class='ocrx_word' id='word_1_174' title='bbox 959 2697 1033 2759; x_wconf 93' lang='lat' dir='ltr'>Deo</span> <span class='ocrx_word' id='word_1_175' title='bbox 1073 2696 1217 2778; x_wconf 87' lang='lat' dir='ltr'>incipiat.</span> <span class='ocrx_word' id='word_1_176' title='bbox 1265 2693 1423 2775; x_wconf 90' lang='lat' dir='ltr'>Cognitio</span> 
     </span>
     <span class='ocr_line' id='line_1_21' title="bbox 271 2798 1422 2880; baseline 0.001 -21"><span class='ocrx_word' id='word_1_177' title='bbox 271 2817 349 2860; x_wconf 92' lang='lat' dir='ltr'>vero</span> <span class='ocrx_word' id='word_1_178' title='bbox 370 2798 443 2874; x_wconf 89' lang='lat' dir='ltr'>Dei,</span> <span class='ocrx_word' id='word_1_179' title='bbox 458 2800 568 2880; x_wconf 90' lang='lat' dir='ltr'>quoad</span> <span class='ocrx_word' id='word_1_180' title='bbox 592 2801 819 2880; x_wconf 90' lang='lat' dir='ltr'>quaestionem</span> <span class='ocrx_word' id='word_1_181' title='bbox 842 2820 883 2862; x_wconf 91' lang='lat' dir='ltr'>an</span> <span class='ocrx_word' id='word_1_182' title='bbox 907 2799 959 2879; x_wconf 91' lang='lat' dir='ltr'>sit,</span> <span class='ocrx_word' id='word_1_183' title='bbox 975 2812 1054 2864; x_wconf 93' lang='lat' dir='ltr'>nota</span> <span class='ocrx_word' id='word_1_184' title='bbox 1075 2810 1126 2863; x_wconf 91' lang='lat' dir='ltr'>est</span> <span class='ocrx_word' id='word_1_185' title='bbox 1148 2800 1302 2863; x_wconf 90' lang='lat' dir='ltr'>omnibus</span> <span class='ocrx_word' id='word_1_186' title='bbox 1325 2807 1422 2860; x_wconf 88' lang='lat' dir='ltr'>natu·</span> 
     </span>
     <span class='ocr_line' id='line_1_22' title="bbox 272 2900 1422 2979; baseline 0.002 -15"><span class='ocrx_word' id='word_1_187' title='bbox 272 2900 394 2979; x_wconf 78' lang='lat' dir='ltr'>taliter,</span> <span class='ocrx_word' id='word_1_188' title='bbox 415 2902 501 2966; x_wconf 92' lang='lat' dir='ltr'>sicut</span> <span class='ocrx_word' id='word_1_189' title='bbox 526 2903 625 2967; x_wconf 90' lang='lat' dir='ltr'>docet</span> <span class='ocrx_word' id='word_1_190' title='bbox 647 2902 776 2966; x_wconf 89' lang='lat' dir='ltr'>Tullius</span> <span class='ocrx_word' id='word_1_191' title='bbox 804 2903 887 2968; x_wconf 88' lang='lat' dir='ltr'>libro</span> <span class='ocrx_word' id='word_1_192' title='bbox 913 2905 955 2967; x_wconf 93' lang='lat' dir='ltr'>de</span> <span class='ocrx_word' id='word_1_193' title='bbox 984 2903 1241 2967; x_wconf 89' lang='lat' dir='ltr'>Immortalitate</span> <span class='ocrx_word' id='word_1_194' title='bbox 1269 2902 1422 2966; x_wconf 83' lang='lat' dir='ltr'>Animae.</span> 
     </span>
     <span class='ocr_line' id='line_1_23' title="bbox 273 3005 1421 3090; baseline 0 -22"><span class='ocrx_word' id='word_1_195' title='bbox 273 3007 318 3069; x_wconf 86' lang='lat' dir='ltr'>Et</span> <span class='ocrx_word' id='word_1_196' title='bbox 335 3007 454 3089; x_wconf 90' lang='lat' dir='ltr'>probat</span> <span class='ocrx_word' id='word_1_197' title='bbox 475 3007 538 3071; x_wconf 90' lang='lat' dir='ltr'>hoc</span> <span class='ocrx_word' id='word_1_198' title='bbox 553 3008 675 3084; x_wconf 90' lang='lat' dir='ltr'>dicens,</span> <span class='ocrx_word' id='word_1_199' title='bbox 698 3007 800 3071; x_wconf 90' lang='lat' dir='ltr'>Nulla</span> <span class='ocrx_word' id='word_1_200' title='bbox 821 3005 926 3090; x_wconf 80' lang='lat' dir='ltr'>gens²</span> <span class='ocrx_word' id='word_1_201' title='bbox 950 3018 1019 3071; x_wconf 93' lang='lat' dir='ltr'>tam</span> <span class='ocrx_word' id='word_1_202' title='bbox 1044 3007 1112 3072; x_wconf 87' lang='lat' dir='ltr'>lera</span> <span class='ocrx_word' id='word_1_203' title='bbox 1135 3017 1243 3071; x_wconf 90' lang='lat' dir='ltr'>estet</span> <span class='ocrx_word' id='word_1_204' title='bbox 1267 3005 1421 3069; x_wconf 91' lang='lat' dir='ltr'>immanis</span> 
     </span>
     <span class='ocr_line' id='line_1_24' title="bbox 270 3109 1420 3196; baseline -0.001 -23"><span class='ocrx_word' id='word_1_205' title='bbox 270 3109 365 3191; x_wconf 89' lang='lat' dir='ltr'>cujus</span> <span class='ocrx_word' id='word_1_206' title='bbox 387 3122 531 3176; x_wconf 88' lang='lat' dir='ltr'>mentem</span> <span class='ocrx_word' id='word_1_207' title='bbox 554 3132 620 3174; x_wconf 92' lang='lat' dir='ltr'>non</span> <span class='ocrx_word' id='word_1_208' title='bbox 643 3112 798 3177; x_wconf 90' lang='lat' dir='ltr'>imbuerit</span> <span class='ocrx_word' id='word_1_209' title='bbox 822 3112 886 3175; x_wconf 92' lang='lat' dir='ltr'>Dei</span> <span class='ocrx_word' id='word_1_210' title='bbox 912 3113 1034 3196; x_wconf 91' lang='lat' dir='ltr'>opinio,</span> <span class='ocrx_word' id='word_1_211' title='bbox 1054 3131 1114 3176; x_wconf 88' lang='lat' dir='ltr'>nec</span> <span class='ocrx_word' id='word_1_212' title='bbox 1134 3120 1185 3174; x_wconf 88' lang='lat' dir='ltr'>est</span> <span class='ocrx_word' id='word_1_213' title='bbox 1208 3109 1318 3193; x_wconf 86' lang='lat' dir='ltr'>aliqua</span> <span class='ocrx_word' id='word_1_214' title='bbox 1341 3109 1420 3190; x_wconf 92' lang='lat' dir='ltr'>quin</span> 
     </span>
     <span class='ocr_line' id='line_1_25' title="bbox 271 3215 1421 3298; baseline -0.002 -19"><span class='ocrx_word' id='word_1_215' title='bbox 271 3215 398 3279; x_wconf 93' lang='lat' dir='ltr'>cultum</span> <span class='ocrx_word' id='word_1_216' title='bbox 416 3217 564 3279; x_wconf 86' lang='lat' dir='ltr'>divinum</span> <span class='ocrx_word' id='word_1_217' title='bbox 588 3215 732 3298; x_wconf 85' lang='lat' dir='ltr'>aliquem</span> <span class='ocrx_word' id='word_1_218' title='bbox 757 3215 925 3279; x_wconf 88' lang='lat' dir='ltr'>exhibeat.</span> <span class='ocrx_word' id='word_1_219' title='bbox 971 3215 1072 3298; x_wconf 83' lang='lat' dir='ltr'>Quod</span> <span class='ocrx_word' id='word_1_220' title='bbox 1094 3215 1121 3278; x_wconf 90' lang='lat' dir='ltr'>si</span> <span class='ocrx_word' id='word_1_221' title='bbox 1139 3215 1309 3278; x_wconf 83' lang='lat' dir='ltr'>Avicenna</span> <span class='ocrx_word' id='word_1_222' title='bbox 1332 3215 1421 3277; x_wconf 93' lang='lat' dir='ltr'>dicat</span> 
     </span>
     <span class='ocr_line' id='line_1_26' title="bbox 272 3315 1423 3402; baseline 0 -21"><span class='ocrx_word' id='word_1_223' title='bbox 272 3321 380 3402; x_wconf 91' lang='lat' dir='ltr'>primo</span> <span class='ocrx_word' id='word_1_224' title='bbox 396 3315 671 3402; x_wconf 76' lang='lat' dir='ltr'>Metaphysicae³</span> <span class='ocrx_word' id='word_1_225' title='bbox 686 3321 777 3402; x_wconf 88' lang='lat' dir='ltr'>quod</span> <span class='ocrx_word' id='word_1_226' title='bbox 797 3340 870 3383; x_wconf 91' lang='lat' dir='ltr'>esse</span> <span class='ocrx_word' id='word_1_227' title='bbox 886 3320 951 3383; x_wconf 92' lang='lat' dir='ltr'>Dei</span> <span class='ocrx_word' id='word_1_228' title='bbox 976 3321 1145 3402; x_wconf 92' lang='lat' dir='ltr'>quaeritur</span> <span class='ocrx_word' id='word_1_229' title='bbox 1160 3320 1191 3382; x_wconf 93' lang='lat' dir='ltr'>in</span> <span class='ocrx_word' id='word_1_230' title='bbox 1213 3318 1275 3382; x_wconf 89' lang='lat' dir='ltr'>hac</span> <span class='ocrx_word' id='word_1_231' title='bbox 1287 3317 1423 3382; x_wconf 91' lang='lat' dir='ltr'>scientia</span> 
     </span>
     <span class='ocr_line' id='line_1_27' title="bbox 272 3423 1421 3507; baseline -0.001 -21"><span class='ocrx_word' id='word_1_232' title='bbox 272 3444 331 3507; x_wconf 90' lang='lat' dir='ltr'>per</span> <span class='ocrx_word' id='word_1_233' title='bbox 365 3424 696 3500; x_wconf 87' lang='lat' dir='ltr'>demonstrationem,</span> <span class='ocrx_word' id='word_1_234' title='bbox 726 3424 905 3488; x_wconf 90' lang='lat' dir='ltr'>dicendum</span> <span class='ocrx_word' id='word_1_235' title='bbox 939 3435 990 3489; x_wconf 90' lang='lat' dir='ltr'>est</span> <span class='ocrx_word' id='word_1_236' title='bbox 1022 3425 1112 3506; x_wconf 93' lang='lat' dir='ltr'>quod</span> <span class='ocrx_word' id='word_1_237' title='bbox 1135 3423 1198 3488; x_wconf 91' lang='lat' dir='ltr'>hoc</span> <span class='ocrx_word' id='word_1_238' title='bbox 1224 3434 1275 3488; x_wconf 91' lang='lat' dir='ltr'>est</span> <span class='ocrx_word' id='word_1_239' title='bbox 1307 3443 1421 3486; x_wconf 91' lang='lat' dir='ltr'>verum</span> 
     </span>
     <span class='ocr_line' id='line_1_28' title="bbox 271 3527 1422 3610; baseline -0.002 -20"><span class='ocrx_word' id='word_1_240' title='bbox 271 3539 432 3610; x_wconf 91' lang='lat' dir='ltr'>quantum</span> <span class='ocrx_word' id='word_1_241' title='bbox 461 3527 504 3590; x_wconf 91' lang='lat' dir='ltr'>ad</span> <span class='ocrx_word' id='word_1_242' title='bbox 533 3527 663 3609; x_wconf 91' lang='lat' dir='ltr'>plenam</span> <span class='ocrx_word' id='word_1_243' title='bbox 687 3529 928 3592; x_wconf 86' lang='lat' dir='ltr'>certitudinem.</span> <span class='ocrx_word' id='word_1_244' title='bbox 974 3529 1063 3591; x_wconf 94' lang='lat' dir='ltr'>Nam</span> <span class='ocrx_word' id='word_1_245' title='bbox 1094 3529 1240 3610; x_wconf 83' lang='lat' dir='ltr'>cognitio</span> <span class='ocrx_word' id='word_1_246' title='bbox 1265 3527 1422 3591; x_wconf 88' lang='lat' dir='ltr'>naturalis</span> 
     </span>
     <span class='ocr_line' id='line_1_29' title="bbox 272 3629 1423 3714; baseline -0.003 -19"><span class='ocrx_word' id='word_1_247' title='bbox 272 3652 372 3714; x_wconf 93' lang='lat' dir='ltr'>quam</span> <span class='ocrx_word' id='word_1_248' title='bbox 392 3629 529 3714; x_wconf 89' lang='lat' dir='ltr'>quilibet</span> <span class='ocrx_word' id='word_1_249' title='bbox 559 3631 661 3695; x_wconf 88' lang='lat' dir='ltr'>habet</span> <span class='ocrx_word' id='word_1_250' title='bbox 689 3633 732 3696; x_wconf 87' lang='lat' dir='ltr'>de</span> <span class='ocrx_word' id='word_1_251' title='bbox 759 3632 835 3696; x_wconf 92' lang='lat' dir='ltr'>Deo</span> <span class='ocrx_word' id='word_1_252' title='bbox 863 3643 913 3696; x_wconf 90' lang='lat' dir='ltr'>est</span> <span class='ocrx_word' id='word_1_253' title='bbox 937 3633 1064 3710; x_wconf 90' lang='lat' dir='ltr'>debilis,</span> <span class='ocrx_word' id='word_1_254' title='bbox 1091 3644 1125 3696; x_wconf 93' lang='lat' dir='ltr'>et</span> <span class='ocrx_word' id='word_1_255' title='bbox 1148 3631 1338 3696; x_wconf 88' lang='lat' dir='ltr'>debilitatur</span> <span class='ocrx_word' id='word_1_256' title='bbox 1365 3651 1423 3713; x_wconf 88' lang='lat' dir='ltr'>per</span> 
     </span>
     <span class='ocr_line' id='line_1_30' title="bbox 272 3735 1421 3819; baseline -0.001 -21"><span class='ocrx_word' id='word_1_257' title='bbox 272 3747 410 3819; x_wconf 87' lang='lat' dir='ltr'>peccata</span> <span class='ocrx_word' id='word_1_258' title='bbox 439 3755 525 3816; x_wconf 91' lang='lat' dir='ltr'>quae</span> <span class='ocrx_word' id='word_1_259' title='bbox 560 3735 820 3818; x_wconf 89' lang='lat' dir='ltr'>multiplicantur</span> <span class='ocrx_word' id='word_1_260' title='bbox 850 3737 883 3798; x_wconf 94' lang='lat' dir='ltr'>in</span> <span class='ocrx_word' id='word_1_261' title='bbox 913 3737 1071 3819; x_wconf 91' lang='lat' dir='ltr'>quolibet.</span> <span class='ocrx_word' id='word_1_262' title='bbox 1135 3737 1222 3799; x_wconf 88' lang='lat' dir='ltr'>Nam</span> <span class='ocrx_word' id='word_1_263' title='bbox 1251 3744 1421 3818; x_wconf 88' lang='lat' dir='ltr'>peccatum</span> 
     </span>
     <span class='ocr_line' id='line_1_31' title="bbox 272 3840 1185 3923; baseline 0.002 -22"><span class='ocrx_word' id='word_1_264' title='bbox 272 3840 425 3903; x_wconf 86' lang='lat' dir='ltr'>obscurat</span> <span class='ocrx_word' id='word_1_265' title='bbox 441 3840 595 3912; x_wconf 90' lang='lat' dir='ltr'>animam,</span> <span class='ocrx_word' id='word_1_266' title='bbox 612 3850 646 3903; x_wconf 95' lang='lat' dir='ltr'>et</span> <span class='ocrx_word' id='word_1_267' title='bbox 662 3842 807 3904; x_wconf 88' lang='lat' dir='ltr'>maxime</span> <span class='ocrx_word' id='word_1_268' title='bbox 823 3850 985 3923; x_wconf 90' lang='lat' dir='ltr'>quantum</span> <span class='ocrx_word' id='word_1_269' title='bbox 1002 3842 1044 3905; x_wconf 92' lang='lat' dir='ltr'>ad</span> <span class='ocrx_word' id='word_1_270' title='bbox 1061 3842 1185 3905; x_wconf 87' lang='lat' dir='ltr'>divina.</span> 
     </span>
    </p>

    <p class='ocr_par' dir='ltr' id='par_1_5' title="bbox 317 3943 1544 4027">
     <span class='ocr_line' id='line_1_32' title="bbox 317 3943 1544 4027; baseline 0 -21"><span class='ocrx_word' id='word_1_271' title='bbox 317 3945 362 4006; x_wconf 86' lang='lat' dir='ltr'>Et</span> <span class='ocrx_word' id='word_1_272' title='bbox 381 3944 456 4007; x_wconf 95' lang='lat' dir='ltr'>ideo</span> <span class='ocrx_word' id='word_1_273' title='bbox 467 3952 599 4026; x_wconf 90' lang='lat' dir='ltr'>oportet</span> <span class='ocrx_word' id='word_1_274' title='bbox 609 3945 699 4025; x_wconf 93' lang='lat' dir='ltr'>quod</span> <span class='ocrx_word' id='word_1_275' title='bbox 711 3943 845 4025; x_wconf 88' lang='lat' dir='ltr'>juvetur</span> <span class='ocrx_word' id='word_1_276' title='bbox 854 3945 937 4007; x_wconf 92' lang='lat' dir='ltr'>haec</span> <span class='ocrx_word' id='word_1_277' title='bbox 953 3945 1101 4027; x_wconf 89' lang='lat' dir='ltr'>cognitio</span> <span class='ocrx_word' id='word_1_278' title='bbox 1118 3964 1178 4027; x_wconf 92' lang='lat' dir='ltr'>per</span> <span class='ocrx_word' id='word_1_279' title='bbox 1188 3953 1422 4024; x_wconf 85' lang='lat' dir='ltr'>argumentum</span> <span class='ocrx_word' id='word_1_280' title='bbox 1436 3949 1460 3998; x_wconf 87' lang='lat' dir='ltr'>lt</span> <span class='ocrx_word' id='word_1_281' title='bbox 1469 3949 1544 3999; x_wconf 79' lang='lat' dir='ltr'>nseds</span> 
     </span>
    </p>
   </div>
   <div class='ocr_carea' id='block_1_3' title="bbox 269 4015 1591 4740">
    <p class='ocr_par' dir='ltr' id='par_1_6' title="bbox 270 4015 1591 4284">
     <span class='ocr_line' id='line_1_33' title="bbox 270 4015 1591 4144; baseline -0.001 -34"><span class='ocrx_word' id='word_1_282' title='bbox 270 4059 304 4111; x_wconf 96' lang='lat' dir='ltr'>et</span> <span class='ocrx_word' id='word_1_283' title='bbox 320 4068 379 4129; x_wconf 91' lang='lat' dir='ltr'>per</span> <span class='ocrx_word' id='word_1_284' title='bbox 394 4048 503 4111; x_wconf 81' lang='lat' dir='ltr'>iidem.</span> <span class='ocrx_word' id='word_1_285' title='bbox 550 4047 617 4111; x_wconf 90' lang='lat' dir='ltr'>Sed</span> <span class='ocrx_word' id='word_1_286' title='bbox 640 4048 786 4130; x_wconf 89' lang='lat' dir='ltr'>cognitio</span> <span class='ocrx_word' id='word_1_287' title='bbox 809 4049 851 4112; x_wconf 89' lang='lat' dir='ltr'>de</span> <span class='ocrx_word' id='word_1_288' title='bbox 873 4049 1003 4114; x_wconf 91' lang='lat' dir='ltr'>unitate</span> <span class='ocrx_word' id='word_1_289' title='bbox 1023 4047 1086 4112; x_wconf 91' lang='lat' dir='ltr'>Dei</span> <span class='ocrx_word' id='word_1_290' title='bbox 1106 4058 1141 4110; x_wconf 91' lang='lat' dir='ltr'>et</span> <span class='ocrx_word' id='word_1_291' title='bbox 1161 4047 1243 4129; x_wconf 90' lang='lat' dir='ltr'>quid</span> <span class='ocrx_word' id='word_1_292' title='bbox 1265 4047 1308 4110; x_wconf 90' lang='lat' dir='ltr'>sit</span> <span class='ocrx_word' id='word_1_293' title='bbox 1331 4047 1424 4110; x_wconf 93' lang='lat' dir='ltr'>Deus</span> <span class='ocrx_word' id='word_1_294' title='bbox 1436 4015 1591 4144; x_wconf 47' lang='lat' dir='ltr'>pseasrqpport</span> 
     </span>
     <span class='ocr_line' id='line_1_34' title="bbox 304 4215 1422 4284; baseline 0 -18"><span class='ocrx_word' id='word_1_295' title='bbox 304 4218 311 4247; x_wconf 93' lang='lat'>¹</span> <span class='ocrx_word' id='word_1_296' title='bbox 329 4218 369 4266; x_wconf 79' lang='lat' dir='ltr'>De</span> <span class='ocrx_word' id='word_1_297' title='bbox 378 4219 485 4280; x_wconf 77' lang='lat' dir='ltr'>Anima,</span> <span class='ocrx_word' id='word_1_298' title='bbox 499 4219 532 4266; x_wconf 90' lang='lat' dir='ltr'>iii.</span> <span class='ocrx_word' id='word_1_299' title='bbox 546 4235 602 4281; x_wconf 90' lang='lat' dir='ltr'>cap.</span> <span class='ocrx_word' id='word_1_300' title='bbox 613 4236 636 4280; x_wconf 79' lang='lat'>4.</span> <span class='ocrx_word' id='word_1_301' title='bbox 671 4219 727 4268; x_wconf 76' lang='lat' dir='ltr'>Tne</span> <span class='ocrx_word' id='word_1_302' title='bbox 740 4221 829 4268; x_wconf 87' lang='lat' dir='ltr'>words</span> <span class='ocrx_word' id='word_1_303' title='bbox 840 4235 894 4278; x_wconf 88' lang='lat' dir='ltr'>are,</span> <span class='ocrx_word' id='word_1_304' title='bbox 902 4218 953 4284; x_wconf 74' lang='grc' dir='ltr'>περὶ</span> <span class='ocrx_word' id='word_1_305' title='bbox 963 4217 988 4268; x_wconf 72' lang='lat' dir='ltr'>dl</span> <span class='ocrx_word' id='word_1_306' title='bbox 1000 4218 1045 4268; x_wconf 79' lang='grc' dir='ltr'>τοῦ</span> <span class='ocrx_word' id='word_1_307' title='bbox 1053 4217 1137 4282; x_wconf 73' lang='grc' dir='ltr'><strong><em>μορίου</em></strong></span> <span class='ocrx_word' id='word_1_308' title='bbox 1145 4219 1189 4278; x_wconf 76' lang='grc' dir='ltr'>τῆς</span> <span class='ocrx_word' id='word_1_309' title='bbox 1196 4217 1275 4282; x_wconf 78' lang='grc' dir='ltr'>ψνχῆς</span> <span class='ocrx_word' id='word_1_310' title='bbox 1283 4215 1303 4280; x_wconf 69' lang='grc' dir='ltr'><strong><em>ᾧ</em></strong></span> <span class='ocrx_word' id='word_1_311' title='bbox 1311 4215 1422 4280; x_wconf 71' lang='grc' dir='ltr'>γινώσκει</span> 
     </span>
    </p>

    <p class='ocr_par' dir='ltr' id='par_1_7' title="bbox 270 4295 1424 4518">
     <span class='ocr_line' id='line_1_35' title="bbox 270 4295 744 4360; baseline 0.006 -16"><span class='ocrx_word' id='word_1_312' title='bbox 270 4295 291 4344; x_wconf 74' lang='grc' dir='ltr'>θ’</span> <span class='ocrx_word' id='word_1_313' title='bbox 301 4297 318 4354; x_wconf 78' lang='grc' dir='ltr'><em>ἠ</em></span> <span class='ocrx_word' id='word_1_314' title='bbox 328 4296 396 4360; x_wconf 69' lang='grc' dir='ltr'>ψυχὴ</span> <span class='ocrx_word' id='word_1_315' title='bbox 407 4297 450 4346; x_wconf 78' lang='lat' dir='ltr'>recl</span> <span class='ocrx_word' id='word_1_316' title='bbox 461 4298 548 4359; x_wconf 74' lang='grc' dir='ltr'>φρονεῖ</span> <span class='ocrx_word' id='word_1_317' title='bbox 557 4335 563 4347; x_wconf 93' lang='grc'>,</span> <span class='ocrx_word' id='word_1_318' title='bbox 576 4336 582 4347; x_wconf 95' lang='grc'>.</span> <span class='ocrx_word' id='word_1_319' title='bbox 595 4336 601 4348; x_wconf 85' lang='grc'><strong>.</strong></span> <span class='ocrx_word' id='word_1_320' title='bbox 614 4296 744 4347; x_wconf 68' lang='grc' dir='ltr'><strong><em>σκεπτέον.</em></strong></span> 
     </span>
     <span class='ocr_line' id='line_1_36' title="bbox 302 4374 1379 4439; baseline 0 -15"><span class='ocrx_word' id='word_1_321' title='bbox 302 4374 313 4403; x_wconf 81' lang='lat'>²</span> <span class='ocrx_word' id='word_1_322' title='bbox 329 4376 392 4425; x_wconf 87' lang='lat' dir='ltr'>This</span> <span class='ocrx_word' id='word_1_323' title='bbox 402 4391 489 4425; x_wconf 76' lang='lat' dir='ltr'>seem</span> <span class='ocrx_word' id='word_1_324' title='bbox 501 4377 577 4424; x_wconf 81' lang='lat' dir='ltr'>taken</span> <span class='ocrx_word' id='word_1_325' title='bbox 588 4376 654 4424; x_wconf 79' lang='lat' dir='ltr'>from</span> <span class='ocrx_word' id='word_1_326' title='bbox 665 4383 719 4426; x_wconf 85' lang='lat' dir='ltr'>two</span> <span class='ocrx_word' id='word_1_327' title='bbox 731 4391 855 4439; x_wconf 76' lang='lat' dir='ltr'>passages</span> <span class='ocrx_word' id='word_1_328' title='bbox 866 4377 893 4425; x_wconf 90' lang='lat' dir='ltr'>in</span> <span class='ocrx_word' id='word_1_329' title='bbox 907 4377 945 4425; x_wconf 83' lang='lat' dir='ltr'>De</span> <span class='ocrx_word' id='word_1_330' title='bbox 956 4377 1056 4426; x_wconf 79' lang='lat' dir='ltr'>Natura</span> <span class='ocrx_word' id='word_1_331' title='bbox 1067 4375 1187 4432; x_wconf 66' lang='lat' dir='ltr'>Deorum,</span> <span class='ocrx_word' id='word_1_332' title='bbox 1202 4376 1218 4425; x_wconf 92' lang='lat' dir='ltr'>i.</span> <span class='ocrx_word' id='word_1_333' title='bbox 1234 4377 1265 4424; x_wconf 88' lang='lat'>16</span> <span class='ocrx_word' id='word_1_334' title='bbox 1275 4377 1326 4424; x_wconf 93' lang='lat' dir='ltr'>and</span> <span class='ocrx_word' id='word_1_335' title='bbox 1339 4389 1379 4436; x_wconf 72' lang='lat' dir='ltr'>aa.</span> 
     </span>
     <span class='ocr_line' id='line_1_37' title="bbox 302 4455 1424 4518; baseline -0.001 -14"><span class='ocrx_word' id='word_1_336' title='bbox 302 4456 312 4484; x_wconf 81' lang='lat'><strong>³</strong></span> <span class='ocrx_word' id='word_1_337' title='bbox 329 4456 486 4505; x_wconf 77' lang='lat' dir='ltr'>Avicenna&#39;s</span> <span class='ocrx_word' id='word_1_338' title='bbox 508 4457 596 4504; x_wconf 87' lang='lat' dir='ltr'>words</span> <span class='ocrx_word' id='word_1_339' title='bbox 619 4471 663 4504; x_wconf 90' lang='lat' dir='ltr'>are</span> <span class='ocrx_word' id='word_1_340' title='bbox 687 4455 755 4518; x_wconf 79' lang='lat' dir='ltr'>(Met</span> <span class='ocrx_word' id='word_1_341' title='bbox 780 4455 821 4504; x_wconf 80' lang='lat' dir='ltr'>lib</span> <span class='ocrx_word' id='word_1_342' title='bbox 847 4456 865 4505; x_wconf 87' lang='lat' dir='ltr'>i.</span> <span class='ocrx_word' id='word_1_343' title='bbox 888 4471 942 4517; x_wconf 89' lang='lat' dir='ltr'>cap.</span> <span class='ocrx_word' id='word_1_344' title='bbox 965 4459 997 4516; x_wconf 71' lang='lat' dir='ltr'>rl,</span> <span class='ocrx_word' id='word_1_345' title='bbox 1020 4455 1198 4517; x_wconf 76' lang='lat' dir='ltr'>‘Inquiramus</span> <span class='ocrx_word' id='word_1_346' title='bbox 1221 4471 1285 4517; x_wconf 85' lang='lat' dir='ltr'>ergo</span> <span class='ocrx_word' id='word_1_347' title='bbox 1307 4455 1368 4515; x_wconf 90' lang='lat' dir='ltr'>quid</span> <span class='ocrx_word' id='word_1_348' title='bbox 1391 4455 1424 4503; x_wconf 88' lang='lat' dir='ltr'>sit</span> 
     </span>
    </p>

    <p class='ocr_par' dir='ltr' id='par_1_8' title="bbox 269 4532 1424 4596">
     <span class='ocr_line' id='line_1_38' title="bbox 269 4532 1424 4596; baseline -0.001 -14"><span class='ocrx_word' id='word_1_349' title='bbox 269 4534 412 4596; x_wconf 88' lang='lat' dir='ltr'>subjectum</span> <span class='ocrx_word' id='word_1_350' title='bbox 425 4534 501 4595; x_wconf 86' lang='lat' dir='ltr'>hujus</span> <span class='ocrx_word' id='word_1_351' title='bbox 512 4534 645 4593; x_wconf 77' lang='lat' dir='ltr'>scientiae,</span> <span class='ocrx_word' id='word_1_352' title='bbox 654 4541 681 4582; x_wconf 88' lang='lat' dir='ltr'>et</span> <span class='ocrx_word' id='word_1_353' title='bbox 693 4534 888 4583; x_wconf 83' lang='lat' dir='ltr'>consideremus</span> <span class='ocrx_word' id='word_1_354' title='bbox 899 4549 932 4582; x_wconf 89' lang='lat' dir='ltr'>an</span> <span class='ocrx_word' id='word_1_355' title='bbox 944 4535 1089 4595; x_wconf 86' lang='lat' dir='ltr'>subjectum</span> <span class='ocrx_word' id='word_1_356' title='bbox 1100 4532 1176 4594; x_wconf 83' lang='lat' dir='ltr'>hujus</span> <span class='ocrx_word' id='word_1_357' title='bbox 1187 4533 1311 4582; x_wconf 83' lang='lat' dir='ltr'>scientiae</span> <span class='ocrx_word' id='word_1_358' title='bbox 1322 4533 1357 4582; x_wconf 90' lang='lat' dir='ltr'>sit</span> <span class='ocrx_word' id='word_1_359' title='bbox 1369 4533 1424 4594; x_wconf 85' lang='lat' dir='ltr'>ipse</span> 
     </span>
    </p>

    <p class='ocr_par' dir='ltr' id='par_1_9' title="bbox 271 4610 1424 4675">
     <span class='ocr_line' id='line_1_39' title="bbox 271 4610 1424 4675; baseline -0.001 -15"><span class='ocrx_word' id='word_1_360' title='bbox 271 4612 342 4660; x_wconf 90' lang='lat' dir='ltr'>Deus</span> <span class='ocrx_word' id='word_1_361' title='bbox 352 4612 479 4660; x_wconf 82' lang='lat' dir='ltr'>excelsus.</span> <span class='ocrx_word' id='word_1_362' title='bbox 516 4614 567 4662; x_wconf 85' lang='lat' dir='ltr'>Sed</span> <span class='ocrx_word' id='word_1_363' title='bbox 580 4628 633 4661; x_wconf 89' lang='lat' dir='ltr'>non</span> <span class='ocrx_word' id='word_1_364' title='bbox 649 4621 698 4661; x_wconf 80' lang='lat' dir='ltr'>est</span> <span class='ocrx_word' id='word_1_365' title='bbox 735 4611 816 4660; x_wconf 85' lang='lat' dir='ltr'>Immo</span> <span class='ocrx_word' id='word_1_366' title='bbox 828 4613 885 4675; x_wconf 87' lang='lat' dir='ltr'>ipse</span> <span class='ocrx_word' id='word_1_367' title='bbox 901 4619 942 4660; x_wconf 68' lang='lat' dir='ltr'>ast</span> <span class='ocrx_word' id='word_1_368' title='bbox 952 4627 1030 4660; x_wconf 91' lang='lat' dir='ltr'>unum</span> <span class='ocrx_word' id='word_1_369' title='bbox 1043 4613 1076 4660; x_wconf 91' lang='lat' dir='ltr'>de</span> <span class='ocrx_word' id='word_1_370' title='bbox 1092 4610 1131 4659; x_wconf 90' lang='lat' dir='ltr'>eis</span> <span class='ocrx_word' id='word_1_371' title='bbox 1147 4626 1213 4672; x_wconf 88' lang='lat' dir='ltr'>quae</span> <span class='ocrx_word' id='word_1_372' title='bbox 1230 4619 1386 4672; x_wconf 78' lang='lat' dir='ltr'>quaerantur</span> <span class='ocrx_word' id='word_1_373' title='bbox 1398 4611 1424 4659; x_wconf 94' lang='lat' dir='ltr'>in</span> 
     </span>
    </p>

    <p class='ocr_par' dir='ltr' id='par_1_10' title="bbox 271 4691 459 4740">
     <span class='ocr_line' id='line_1_40' title="bbox 271 4691 459 4740; baseline 0 -2"><span class='ocrx_word' id='word_1_374' title='bbox 271 4691 318 4739; x_wconf 87' lang='lat' dir='ltr'>bac</span> <span class='ocrx_word' id='word_1_375' title='bbox 333 4691 459 4740; x_wconf 73' lang='lat' dir='ltr'>scientia.¹</span> 
     </span>
    </p>
   </div>
   <div class='ocr_carea' id='block_1_4' title="bbox 0 0 1776 5359">
    <p class='ocr_par' dir='ltr' id='par_1_11' title="bbox 0 0 1776 5359">
     <span class='ocr_line' id='line_1_41' title="bbox 0 0 1776 5359; baseline 0 0"><span class='ocrx_word' id='word_1_376' title='bbox 0 0 1776 5359; x_wconf 95' lang='lat' dir='ltr'> </span> 
     </span>
    </p>
   </div>
  </div>
 </body>
</html>
