3542 5359
361 667 418 730 182
596 669 751 729 OPERIS
775 668 965 740 MAJORIS
990 667 1106 728 PARS
1130 668 1280 729 SEXTA.

359 833 392 897 in
408 833 530 915 hyeme
539 853 639 916 quam
652 832 685 896 in
697 841 824 898 aestate
840 843 889 897 est
906 833 939 897 in
953 832 1165 915 Capricorno,
1177 831 1302 897 scilicet
1317 830 1350 893 in
1367 828 1512 895 solstitio

359 936 527 1020 hyemali;
550 946 585 1001 et
607 946 743 1020 propter
763 936 827 1001 hoc
849 947 926 1002 sunt
945 939 1111 1002 breviores
1133 937 1204 1001 dies
1216 935 1238 998 ¹.
1284 933 1352 999 Sed
1371 934 1426 997 iris
1445 953 1512 997 non

360 1049 471 1123 potest
486 1041 636 1124 generari
649 1041 682 1104 in
699 1039 853 1106 omnibus
868 1041 920 1105 his
935 1040 1025 1119 locis,
1037 1041 1174 1125 quando
1183 1040 1234 1104 sol
1249 1050 1299 1104 est
1315 1039 1348 1102 in
1364 1037 1512 1103 meridie.

360 1145 449 1210 Nam
466 1145 499 1207 in
515 1145 647 1227 regione
663 1144 755 1228 cujus
779 1145 933 1220 latitudo,
949 1146 983 1209 id
1006 1155 1068 1223 est,
1083 1146 1244 1211 distantia
1267 1145 1375 1208 zenith
1398 1141 1513 1224 capitis

359 1248 403 1314 ab
432 1247 665 1331 aequinoctiali
690 1249 812 1314 circulo
835 1270 893 1314 seu
917 1250 1028 1314 medio
1055 1250 1182 1327 mundi,
1205 1259 1256 1313 est
1284 1266 1326 1325 24
1349 1248 1512 1331 graduum

360 1363 394 1417 et
425 1367 466 1434 25
492 1353 694 1416 minutorum
721 1353 773 1417 vel
799 1353 917 1432 minus,
940 1363 973 1417 et
996 1353 1061 1419 hoc
1084 1365 1136 1419 est
1157 1353 1384 1418 habitantibus
1411 1367 1514 1434 prope

361 1457 461 1520 finem
490 1457 623 1521 secundi
649 1456 791 1521 climatis
817 1456 879 1522 sub
906 1458 1036 1542 tropico
1060 1456 1177 1522 Cancri
1205 1456 1291 1522 ultra
1320 1453 1515 1539 Jerusalem,

361 1580 530 1643 nunquam
546 1570 659 1642 potest
675 1560 730 1624 iris
743 1581 823 1637 esse,
839 1561 973 1643 quando
989 1561 1039 1624 sol
1057 1571 1108 1625 est
1129 1562 1161 1625 in
1183 1561 1327 1625 meridie.
1373 1558 1464 1623 Nam
1487 1556 1514 1620 si

361 1664 425 1728 hoc
441 1673 553 1747 posset
568 1685 650 1740 esse,
665 1665 759 1730 fieret
774 1666 910 1747 quando
920 1665 970 1729 sol
986 1675 1038 1730 est
1060 1665 1196 1730 minoris
1216 1664 1400 1729 altitudinis
1415 1683 1515 1744 super

361 1766 577 1846 horizontem,
592 1778 625 1833 et
641 1769 704 1833 hoc
720 1779 807 1835 esset
822 1770 956 1852 quando
972 1769 1057 1834 soret
1076 1770 1109 1834 in
1124 1769 1268 1833 solstitio
1283 1768 1437 1851 hyemali,
1452 1766 1514 1830 sci-

364 1872 440 1936 licet
457 1872 489 1934 in
504 1873 612 1953 primo
624 1874 728 1956 gradu
742 1871 943 1956 Capricorni.
982 1874 1050 1939 Sed
1063 1893 1129 1938 non
1142 1882 1255 1958 potest
1266 1871 1514 1956 esse,quoniam

363 1985 442 2040 tunc
457 1975 600 2040 altitudo
615 1977 695 2042 solis
716 1986 767 2041 est
786 1995 829 2055 42
851 1977 1013 2060 graduum
1032 1999 1131 2062 super
1150 1978 1366 2041 horizontem.
1412 1975 1515 2058 Quod

363 2091 476 2145 autem
496 2079 640 2146 altitudo
661 2080 739 2147 solis
759 2082 793 2146 in
814 2084 949 2167 regione
969 2082 1026 2147 illa
1049 2083 1138 2166 apud
1159 2082 1337 2146 solstitium
1361 2079 1516 2163 hyemale

363 2184 460 2250 suerit
483 2202 525 2260 42
546 2186 720 2267 graduum,
735 2186 946 2251 manifestum
962 2196 1013 2250 est
1029 2207 1090 2269 per
1103 2185 1176 2265 hoc,
1190 2185 1281 2268 quod
1298 2193 1415 2268 quarta
1430 2183 1516 2247 coeli

363 2299 414 2352 est
429 2289 473 2352 ab
488 2287 661 2355 horizonte
676 2290 719 2353 ad
736 2291 846 2354 zenith
869 2291 990 2374 capitis
998 2313 1009 2366 3
1033 2300 1067 2355 et
1087 2289 1196 2354 zenith
1216 2289 1334 2371 capitis
1352 2289 1455 2353 distat
1472 2287 1516 2352 ab

365 2392 598 2476 aequinoctiali
628 2413 688 2475 per
720 2411 762 2470 24
791 2394 915 2478 gradus
944 2404 979 2459 et
1004 2407 1045 2474 25
1072 2395 1209 2468 minuta,
1235 2403 1272 2457 ut
1295 2393 1421 2456 dictum
1446 2401 1516 2472 est;

368 2496 582 2560 subtrahatur
599 2497 687 2560 enim
702 2497 801 2563 hoca
816 2508 936 2581 quarta
952 2498 1047 2576 coeli,
1060 2498 1221 2562 sciliceta
1241 2516 1284 2581 90
1298 2497 1466 2580 gradibus,
1482 2507 1517 2560 et

366 2599 487 2664 iterum
511 2608 583 2664 tota
603 2601 683 2665 solis
706 2601 885 2666 declinatio
903 2622 990 2686 quae
1012 2612 1063 2667 est
1086 2603 1171 2666 inter
1190 2600 1467 2685 aequinoctialem
1482 2609 1517 2665 et

365 2702 613 2786 Capricornum,
636 2705 761 2770 scilicet
790 2723 830 2790 23
853 2707 977 2790 gradus
1000 2718 1034 2771 et
1059 2703 1126 2790 35²
1149 2707 1286 2781 minuta,
1309 2724 1394 2788 quae
1417 2705 1518 2768 simul

363 2807 480 2891 juncta
502 2809 625 2874 iaciunt
647 2809 690 2887 48
713 2811 846 2893 gradus,
861 2810 983 2893 quibus
998 2809 1175 2875 subtractis
1193 2829 1213 2872 a
1232 2826 1284 2889 90,
1299 2809 1518 2873 remanebunt

365 2929 409 2989 42
423 2913 556 2996 gradus,
572 2913 629 2997 qui
644 2924 721 2977 sunt
736 2913 878 2979 altitudo
894 2915 1011 2997 capitis
1023 2913 1224 2996 Capricorni.
1269 2913 1360 2996 Ergo
1376 2933 1451 2976 cum
1468 2911 1518 2976 sol

365 3015 462 3081 suerit
481 3017 514 3080 in
529 3038 570 3081 eo
585 3018 646 3081 erit
671 3018 703 3080 in
725 3017 862 3082 meridie
885 3038 985 3100 super
1004 3018 1212 3083 horizontem
1233 3037 1293 3099 per
1310 3034 1353 3092 42
1375 3019 1519 3099 gradus;

365 3141 466 3203 quare
482 3121 538 3184 iris
554 3141 621 3185 non
643 3122 765 3203 poterit
785 3124 935 3203 generari
959 3123 992 3186 in
1014 3121 1151 3187 meridie
1169 3121 1234 3184 illa.
1280 3120 1392 3202 Quare
1409 3121 1518 3184 necin

365 3224 479 3308 aliqua
500 3226 605 3289 totius
626 3225 714 3302 anni,
729 3225 806 3309 quia
826 3235 860 3290 et
879 3237 958 3290 ante
979 3236 1109 3311 etpost
1129 3227 1191 3291 erit
1210 3225 1362 3290 meridies
1383 3225 1519 3308 majoris

364 3329 555 3392 altitudinis

197 3452 274 3500 From
285 3447 336 3498 this
412 3430 480 3496 Sed
504 3433 531 3495 si
558 3431 839 3497 ambulaverimus
869 3433 914 3497 ab
940 3433 998 3498 illo
1024 3433 1099 3498 loco
1122 3454 1235 3498 versus
1260 3433 1518 3516 septentrionem

195 3517 305 3632 ffiffi‘}
316 3579 345 3630 oi
369 3556 540 3620 usquequo
555 3536 698 3602 latitudo
713 3538 856 3619 regionis
871 3539 915 3602 sit
938 3539 980 3600 66
998 3538 1163 3621 graduum
1186 3547 1222 3603 et
1244 3550 1284 3617 25
1307 3539 1520 3615 minutorum,

196 3645 288 3710 66025'
367 3649 402 3704 et
425 3640 489 3704 hoc
512 3651 563 3706 est
581 3641 668 3705 ultra
691 3639 850 3720 Scotiam,
867 3641 923 3705 ubi
947 3642 981 3706 in
1003 3640 1144 3707 solstitio
1167 3640 1312 3724 hyemali
1334 3640 1443 3705 nullus
1469 3651 1521 3706 est

196 3728 345 3829 {mm
367 3745 447 3823 dies,
463 3745 526 3808 nisi
549 3746 639 3829 quod
661 3746 773 3811 subito
795 3747 956 3810 medietas
976 3747 1122 3830 corporis
1140 3745 1256 3810 solaris
1278 3765 1379 3827 super
1397 3756 1518 3809 terram

196 3843 316 3975 ἕξξξὲιῑέ
366 3859 515 3931 apparet,
531 3859 640 3933 potest
657 3849 691 3913 in
707 3851 861 3914 omnibus
876 3849 928 3916 his
943 3850 1132 3934 regionibus
1144 3851 1200 3914 iris
1215 3870 1374 3932 apparere
1385 3851 1520 3933 quando

308 3947 316 3971 ‚

402 3993 411 4023 ¹
426 3993 483 4044 The
495 3996 582 4044 words
593 3995 659 4044 alter
669 4003 769 4045 aestate
786 4003 814 4045 to
829 3997 880 4046 end
898 3995 928 4045 oi
939 4003 1064 4046 sentence
1080 4011 1125 4045 are
1142 3994 1250 4045 omitted
1262 3996 1289 4044 in
1299 3995 1336 4056 J.,
1347 4009 1378 4044 so
1389 3995 1445 4045 that
1456 3995 1520 4044 both

367 4067 494 4125 sentence
506 4075 557 4124 and
568 4089 647 4124 sense
658 4089 704 4124 are
713 4075 854 4126 mutilated.

399 4153 409 4182 ²
426 4154 458 4205 D.
471 4155 523 4202 and
536 4153 568 4203 Ο.
580 4153 646 4202 have
658 4167 698 4214 35.
733 4151 781 4212 J.'s
793 4154 902 4214 reading
911 4154 983 4214 0125
994 4153 1082 4202 makes
1093 4152 1138 4202 the
1149 4151 1302 4202 calculation
1313 4166 1414 4213 wrong.
1456 4151 1522 4200 Sub·

367 4232 478 4294 tracting
490 4232 555 4281 irom
570 4229 616 4293 90⁰
631 4230 686 4280 first
698 4227 742 4292 24⁰
753 4228 802 4292 25',
819 4231 871 4280 and
888 4231 1014 4292 secondly
1026 4228 1071 4292 230
1081 4227 1130 4291 35’,
1140 4245 1183 4279 we
1200 4237 1245 4291 get
1261 4227 1306 4290 420
1322 4244 1351 4279 as
1369 4231 1413 4278 the
1430 4229 1518 4280 result.

369 4310 392 4360 lt
402 4311 456 4359 will
468 4311 500 4358 be
512 4309 639 4358 observed
650 4309 707 4358 that
723 4309 811 4358 Bacon
829 4310 937 4370 regards
950 4310 996 4358 the
1009 4315 1127 4370 greatest
1143 4307 1227 4356 North
1243 4308 1295 4356 and
1310 4307 1394 4357 South
1409 4307 1522 4357 declina·

367 4389 436 4438 tions
449 4389 480 4438 ol
492 4389 538 4438 the
552 4403 601 4437 sun
617 4403 647 4436 as
658 4385 703 4449 230
714 4388 761 4449 35'.
799 4387 828 4436 ln
846 4387 940 4450 reality
956 4387 1020 4450 they
1036 4403 1082 4437 are
1098 4384 1143 4449 230
1154 4384 1194 4435 28’
1206 4385 1328 4450 (nearly).
1365 4385 1458 4435 Hence
1475 4387 1522 4435 the

368 4467 474 4516 latitude
486 4467 517 4516 os
529 4463 575 4514 660
585 4463 627 4527 aff
638 4465 668 4515 oi
675 4466 761 4514 which
774 4465 808 4514 he
819 4466 915 4527 speaks
927 4466 953 4514 in
966 4467 1011 4515 the
1023 4473 1087 4514 next
1097 4465 1243 4528 paragraph
1253 4464 1343 4513 would
1354 4465 1387 4513 be
1397 4465 1482 4513 stated
1494 4465 1522 4513 in

367 4561 383 4595 a
396 4545 504 4594 modern
516 4545 620 4593 treatise
632 4559 661 4593 as
673 4541 719 4592 660
727 4542 775 4605 32’.
811 4543 862 4593 But
875 4545 894 4593 it
906 4545 953 4593 has
964 4551 992 4592 to
1003 4545 1036 4592 be
1048 4544 1225 4593 rememhered
1238 4544 1293 4593 that
1307 4545 1353 4592 the
1366 4542 1522 4593 diminution

368 4622 396 4671 in
408 4624 453 4672 the
466 4623 592 4685 obliquity
604 4623 686 4671 nithe
698 4623 802 4685 ecliptic
813 4623 909 4685 during
918 4623 964 4672 the
979 4624 1020 4673 six
1033 4623 1164 4672 centurias
1174 4622 1262 4672 which
1278 4628 1398 4686 separate
1412 4620 1523 4671 Bacon’a

369 4701 431 4750 time
443 4701 508 4749 from
520 4715 582 4750 oura
594 4709 713 4750 amounts
725 4710 752 4751 to
763 4702 912 4764 something
923 4717 986 4750 over
996 4701 1054 4750 four
1065 4702 1185 4751 minutos.
