3542 5359
381 676 708 736 PERSPECTIVAE
734 677 846 736 PARS
876 677 1054 736 TERTIA:
1080 679 1190 736 DIST.
1217 677 1278 736 III.
1348 679 1403 736 161

250 840 393 904 totidem
409 840 591 923 corporalia
606 840 738 904 valeant
755 841 963 923 respondere
994 841 1120 907 Sensus
1130 863 1209 907 vero
1220 843 1406 925 spirituales

250 953 327 1008 sunt
342 945 496 1028 quinque,
513 954 547 1009 et
562 965 603 1008 ea
617 965 704 1028 quae
726 947 918 1010 immediate
937 946 1140 1029 deputantur
1157 949 1201 1011 ad
1219 947 1406 1012 custodiam

250 1048 398 1132 pupillae
419 1057 496 1112 sunt
518 1049 673 1131 quinque,
696 1051 821 1113 scilicet
844 1048 920 1125 tela,
944 1058 978 1114 et
1000 1050 1120 1114 humor
1140 1050 1345 1135 albugineus,
1367 1071 1406 1115 ac

250 1163 318 1216 tres
337 1154 476 1217 tunicae.
511 1155 600 1216 Nam
617 1155 736 1217 humor
750 1155 874 1218 vitreus
890 1163 1001 1237 potest
1017 1155 1050 1216 in
1065 1155 1128 1218 hac
1143 1157 1408 1219 consideratione

251 1276 327 1320 cum
351 1257 475 1340 pupilla
499 1257 647 1340 intelligi,
669 1278 710 1321 eo
732 1259 823 1340 quod
846 1259 879 1320 in
902 1257 969 1322 tela
991 1280 1131 1323 araneae
1153 1280 1229 1323 cum
1249 1259 1406 1324 anteriori

251 1360 382 1444 glaciali
406 1361 625 1427 continuetur.
673 1362 719 1424 Et
741 1361 961 1445 proculdubio
981 1371 1090 1426 totum
1113 1372 1250 1427 vocatur
1271 1362 1408 1445 pupilla,

251 1465 329 1529 licet
348 1465 524 1547 specialius
544 1466 689 1530 anterius
707 1466 857 1550 glaciale.
895 1466 959 1530 Vel
980 1478 1119 1550 possunt
1137 1467 1284 1549 quinque
1304 1488 1407 1531 anno·

252 1570 313 1632 tari
329 1570 385 1644 sic,
396 1590 487 1648 crux,
499 1571 627 1644 humor,
639 1569 715 1646 tela,
727 1571 849 1646 tunica,
861 1569 1030 1654 palpebra.
1062 1572 1153 1635 Nam
1164 1573 1247 1636 haec
1262 1573 1408 1653 quinque

252 1684 330 1738 sunt
356 1675 484 1738 radices
510 1675 691 1750 custodiae,
715 1675 794 1740 licet
821 1675 853 1738 in
881 1695 992 1738 ramos
1018 1674 1148 1757 aliquot
1174 1686 1208 1740 et
1229 1676 1349 1739 humor
1374 1687 1407 1740 et

253 1778 363 1841 tunica
386 1779 585 1842 dividantur.
632 1777 699 1842 Sed
724 1777 849 1843 fructus
871 1779 1048 1843 duodecim
1070 1788 1156 1857 sunt,
1178 1789 1215 1844 ut
1237 1790 1408 1845 enumerat

253 1883 423 1966 apostolus
439 1884 482 1946 ad
499 1882 637 1948 Galatas
652 1905 685 1961 v,
699 1893 733 1947 et
749 1884 825 1948 ideo
840 1884 868 1946 si
890 1885 1092 1967 accipiamus
1111 1884 1273 1968 pupillam
1294 1886 1408 1950 stricte

253 2009 313 2070 pro
329 1988 480 2051 anteriori
496 1987 636 2071 glaciali,
652 2000 686 2052 et
704 1989 952 2054 consideremus
972 1989 1084 2052 omnia
1103 2010 1190 2071 quae
1210 1989 1339 2070 possint
1354 1990 1407 2052 hic

254 2091 392 2154 inveniri
421 2092 465 2155 ad
495 2093 682 2157 custodiam
720 2092 792 2174 ejus
821 2103 893 2156 tam
925 2103 1051 2156 remota
1081 2112 1182 2174 quam
1211 2093 1408 2175 propinqua,

254 2195 460 2260 inveniemus
497 2196 685 2274 duodecim,
716 2195 841 2261 scilicet
879 2206 957 2261 octo
988 2197 1169 2278 praedicta,
1199 2207 1232 2260 et
1262 2196 1345 2274 cilia,
1375 2207 1410 2261 et

254 2299 438 2381 supercilia,
461 2321 547 2383 quae
569 2299 694 2364 habent
716 2299 876 2382 speciales
901 2301 1059 2365 utilitates
1082 2302 1114 2364 in
1138 2302 1290 2366 custodia
1312 2301 1410 2378 oculi,

254 2416 292 2468 ut
319 2406 468 2487 superius
497 2415 547 2469 est
573 2414 780 2470 annotatum.
826 2403 944 2487 Atque
971 2425 1045 2468 cum
1069 2406 1159 2468 nervi
1186 2405 1329 2470 visuales
1351 2407 1409 2470 de·

254 2511 415 2573 scendant
452 2508 496 2573 ab
532 2510 688 2574 anteriori
722 2519 817 2592 parte
846 2509 981 2587 cerebri,
1011 2510 1045 2572 in
1081 2530 1148 2592 qua
1184 2519 1261 2573 sunt
1293 2531 1410 2576 sensus

256 2613 440 2676 communis
462 2623 496 2677 et
519 2614 725 2696 imaginatio,
745 2635 765 2678 a
787 2615 909 2696 quibus
932 2613 1038 2677 fluunt
1060 2615 1197 2680 virtutes
1220 2626 1254 2678 et
1276 2616 1410 2699 spiritus

258 2719 290 2780 in
320 2718 439 2786 visum,
462 2737 523 2782 nec
554 2717 763 2802 compleatur
791 2719 875 2782 visio
905 2727 1087 2800 antequam
1118 2719 1244 2802 species
1274 2718 1411 2782 visibilis

256 2823 367 2885 veniat
394 2821 435 2884 ad
464 2821 527 2886 ista
552 2822 630 2900 duo,
652 2832 689 2885 ut
713 2822 803 2906 prius
826 2821 977 2885 habitum
1000 2832 1061 2899 est,
1083 2832 1179 2884 erunt
1201 2825 1234 2884 in
1257 2823 1410 2887 universo

257 2926 432 2990 duodecim
448 2927 619 2990 custodiae
636 2927 781 3011 pupillae
797 2925 977 3008 corporalis
994 2926 1215 3006 deputandae,
1232 2926 1318 2990 sicut
1332 2935 1410 2990 sunt

258 3029 435 3094 duodecim
451 3030 576 3094 fructus
592 3030 624 3092 in
640 3030 793 3094 custodia
809 3028 895 3093 oculi
911 3028 1098 3111 spiritualis
1142 3028 1188 3093 Et
1206 3030 1334 3094 dictum
1350 3040 1411 3107 est,

259 3135 350 3217 quod
366 3133 407 3196 ad
423 3135 581 3198 visionem
598 3134 743 3216 exigitur
758 3153 823 3197 non
840 3131 949 3197 solum
961 3142 999 3196 ut
1014 3131 1074 3197 fiat
1089 3133 1178 3196 intus
1193 3133 1412 3216 suscipiendo,

259 3239 317 3304 sed
347 3238 616 3314 extramittendo,
639 3249 673 3302 et
700 3239 912 3320 cooperando
943 3257 1003 3320 per
1025 3237 1182 3302 virtutem
1209 3252 1242 3302 et
1265 3239 1411 3322 speciem

258 3344 448 3426 propriam:
471 3343 621 3406 similiter
637 3354 671 3408 et
686 3344 770 3408 visio
791 3342 973 3427 spiritualis
996 3363 1063 3407 non
1087 3342 1193 3408 solum
1217 3345 1353 3425 requirit
1376 3357 1412 3409 ut

258 3447 368 3510 anima
397 3447 532 3529 recipiat
558 3447 602 3511 ab
629 3458 734 3524 extra,
759 3449 885 3511 scilicet
910 3469 930 3509 a
955 3447 1040 3521 Deo,
1062 3447 1186 3530 gratias
1209 3457 1242 3510 et
1266 3449 1413 3526 virtutes,

259 3551 318 3615 sed
344 3561 542 3633 cooperetur
567 3572 624 3634 per
648 3552 804 3616 virtutem
831 3551 1010 3633 propriam.
1056 3551 1146 3614 Nam
1178 3563 1289 3616 motus
1319 3553 1412 3616 liberi

259 3655 386 3719 arbitrii
412 3664 445 3719 et
471 3675 649 3720 consensus
675 3655 849 3737 requiritur
877 3676 954 3719 cum
983 3656 1091 3739 gratia
1122 3655 1187 3719 Dei
1217 3656 1346 3720 adhoc
1376 3666 1413 3719 ut

259 3759 431 3824 videamus
453 3770 487 3824 et
510 3779 752 3842 consequamur
773 3769 899 3824 statum
922 3758 1047 3823 salutis.

690 4009 916 4075 Cnmrvcun
941 4009 987 4073 11.

305 4171 394 4238 Octo
413 4175 513 4239 etiam
538 4173 718 4258 exiguntur
740 4175 783 4238 ad
807 4173 991 4253 visionem;
1015 4174 1141 4238 scilicet
1161 4173 1232 4248 lux,
1254 4175 1413 4238 distantia
1425 4185 1546 4250 spiritual

261 4287 295 4343 et
312 4288 441 4342 metere
458 4287 664 4363 praenotata,
678 4289 713 4343 et
734 4279 797 4343 hoc
821 4279 935 4342 statim
953 4280 1095 4344 occurrit
1117 4278 1269 4342 similiter
1292 4278 1325 4340 in
1341 4277 1412 4342 visu
1425 4259 1570 4376 ἔξω

261 4381 422 4465 spirituali
439 4403 497 4467 per
505 4393 582 4449 octo
600 4384 830 4448 beatitudines.
864 4382 933 4448 Sed
950 4392 984 4448 et
998 4384 1096 4448 aliter
1110 4393 1203 4464 patet
1219 4381 1319 4458 illud;
1336 4404 1413 4447 nam
1427 4383 1465 4460 (ξ)
1484 4382 1521 4433 ot
1531 4382 1574 4433 the

261 4487 381 4552 horum
406 4499 484 4553 octo
510 4488 630 4552 similia
657 4487 700 4552 de
726 4488 926 4553 necessitate
950 4489 1158 4570 requiruntur
1186 4489 1229 4551 ad
1253 4487 1414 4551 visionem
1426 4451 1567 4564 {ffiffi

260 4591 484 4674 spiritualem:
522 4611 600 4656 nam
625 4593 710 4657 sicut
735 4592 816 4656 nihil
837 4593 990 4656 videmus
1013 4591 1228 4675 corporaliter
1249 4591 1321 4656 sine
1343 4581 1518 4658 lnce'l‘lw·

263 4694 433 4780 corporali,
456 4696 503 4762 sic
534 4695 739 4780 impossibile
761 4706 811 4760 est
834 4717 895 4761 nos
917 4696 1043 4779 aliquid
1066 4695 1178 4760 videre
1203 4695 1417 4779 spiritualiter

308 4813 391 4864 vot„
407 4815 446 4866 11.
826 4815 854 4864 M
