3542 5359
363 583 403 663 48
582 581 739 643 OPERIS
762 581 952 651 MAJORIS
977 578 1092 639 PARS
1116 577 1287 653 QUINTA.

362 748 396 812 in
424 747 747 831 multiplicationibus
772 745 954 829 specierum
981 744 1097 827 patuit.
1144 742 1356 827 Quapropter
1382 750 1514 824 oportet

364 855 454 935 quod
477 853 586 917 radius
608 873 641 915 m
664 872 693 932 q,
714 872 789 916 curn
812 848 955 913 venitin
982 860 1106 932 puncto
1129 868 1149 930 q
1172 850 1204 911 in
1227 846 1399 930 superficie
1420 846 1514 910 vitrei

364 957 520 1035 humoris,
543 958 599 1039 qui
622 965 672 1020 est
686 956 753 1038 gd
758 955 791 1035 f,
814 976 879 1018 non
902 962 1048 1018 transeat
1069 965 1274 1036 perrectum
1297 952 1458 1015 incessum
1480 950 1513 1013 in

359 1084 385 1137 o
407 1070 556 1125 centrum
583 1060 753 1125 anterioris
776 1057 932 1143 glacialis,
953 1059 1043 1141 quod
1066 1067 1117 1122 est
1129 1079 1158 1141 g
1176 1056 1241 1139 hs,
1263 1058 1323 1120 sed
1346 1055 1513 1138 frangetur

363 1166 395 1229 in
428 1176 550 1247 puncto
583 1187 613 1247 q,
644 1164 727 1227 inter
755 1164 920 1227 incessum
950 1171 1076 1225 rectum
1106 1162 1162 1244 qui
1191 1172 1242 1224 est
1271 1182 1293 1243 q
1319 1184 1340 1224 a
1372 1170 1407 1224 et
1432 1160 1516 1224 inter

364 1269 665 1353 perpendicularem
696 1269 881 1333 ducendam
907 1287 929 1330 a
954 1265 1029 1331 loco
1054 1266 1228 1339 fractionis,
1251 1264 1307 1347 qui
1338 1274 1388 1328 est
1423 1286 1452 1346 q,
1483 1266 1515 1328 in

363 1374 535 1439 humorem
556 1374 705 1448 vitreum,
721 1374 777 1456 qui
801 1369 1081 1455 perpendicularis
1103 1380 1154 1435 est
1174 1370 1223 1435 bl
1232 1391 1240 1448 ;
1264 1390 1341 1433 nam
1364 1368 1516 1433 blvadit

836 1477 868 1540 in
905 1487 1052 1541 centrum
1089 1476 1235 1540 humoris
1269 1475 1361 1538 vitrei
1372 1473 1393 1552 ¹,
1424 1475 1515 1556 quod

836 1591 886 1645 est
902 1581 931 1646 b.
980 1580 1026 1645 Et
1041 1580 1088 1645 sic
1102 1581 1227 1663 species
1242 1580 1364 1643 dextra
1384 1599 1514 1663 semper

835 1687 895 1750 ibit
924 1686 1105 1749 secundum
1136 1694 1263 1767 partem
1291 1705 1385 1750 suam
1412 1705 1515 1766 usque

835 1792 945 1856 veniat
967 1792 1010 1854 ad
1033 1800 1191 1872 punctum
1214 1790 1303 1852 nervi
1324 1788 1515 1868 communis,

562 1843 619 1946 ll!
835 1895 893 1977 qui
926 1906 977 1959 est
1008 1915 1035 1969 c,
1066 1903 1101 1958 et
1136 1913 1203 1958 non
1240 1893 1299 1956 ibit
1336 1894 1514 1957 secundum

456 1996 478 2059 9
485 1950 723 2111 «1.,
835 2009 964 2082 partem
979 1998 1151 2062 sinistram.
1197 1998 1328 2062 Eodem
1344 1998 1444 2062 modo
1456 2008 1479 2081 p
1493 2019 1515 2061 u

506 2069 521 2120 Ι
835 2104 945 2169 radius
962 2124 1027 2167 non
1048 2112 1156 2168 curret
1174 2103 1206 2166 in
1221 2124 1243 2165 a
1258 2114 1406 2167 centrum
1421 2113 1513 2167 ante-

528 2079 654 2344 γ
835 2207 926 2273 rioris
956 2208 1111 2291 glacialis,
1142 2209 1202 2271 sed
1232 2207 1401 2289 frangetur
1430 2207 1515 2269 inter

834 2313 997 2377 incessum
1018 2323 1154 2387 rectum,
1169 2312 1225 2393 qui
1240 2321 1292 2375 est
1306 2332 1328 2373 u
1343 2332 1375 2385 a,
1390 2322 1425 2375 et
1440 2330 1514 2394 per-

835 2417 1080 2503 pendicularem
1106 2416 1164 2480 bs
1188 2416 1372 2480 ducendam
1396 2436 1417 2477 a
1440 2414 1513 2477 loco

804 2564 820 2608 3
834 2519 1008 2600 fractionis,
1022 2522 1078 2604 qui
1098 2531 1148 2585 est
1163 2541 1195 2597 u,
1213 2531 1248 2585 et
1263 2521 1307 2584 sic
1320 2531 1347 2602 p
1362 2540 1384 2581 u
1405 2519 1514 2582 radius

835 2633 946 2689 curret
968 2626 1011 2688 ad
1032 2635 1192 2709 punctum
1217 2625 1306 2687 nervi
1331 2624 1514 2687 communis

835 2728 867 2791 in
882 2751 908 2806 c,
923 2740 958 2793 et
973 2728 1030 2793 fiet
1045 2750 1175 2812 semper
1189 2729 1370 2792 secundum
1387 2736 1514 2810 partem

836 2833 1009 2898 sinistram.
1063 2832 1110 2897 Et
1133 2833 1179 2898 sic
1205 2843 1256 2897 est
1278 2833 1321 2896 de
1344 2831 1515 2914 speciebus

835 2938 1042 3003 venientibus
1056 2940 1098 3002 ab
1114 2938 1185 3002 aliis
1196 2937 1343 3021 partibus
1355 2936 1515 3012 omnibus,

835 3043 926 3124 quod
957 3062 1086 3125 semper
1116 3042 1212 3106 ibunt
1240 3042 1421 3105 secundum
1444 3040 1513 3103 vias

835 3148 896 3211 sibi
911 3148 1050 3222 debitas,
1060 3157 1094 3211 et
1104 3167 1163 3229 per
1172 3145 1269 3210 situm
1280 3166 1378 3228 quem
1390 3145 1514 3209 debent

836 3250 967 3330 habere,
1007 3260 1045 3315 ut
1088 3250 1197 3314 nullus
1238 3271 1328 3314 error
1375 3250 1514 3313 accidat.

364 3345 531 3429 Quoniam
544 3369 621 3412 vero
637 3370 755 3415 nervus
772 3353 918 3436 repletur
930 3355 1066 3419 avitreo
1081 3354 1220 3419 humore
1235 3354 1394 3418 consimili
1410 3374 1514 3435 usque

362 3452 405 3516 ad
429 3471 564 3515 nervum
587 3474 805 3533 communem,
820 3459 904 3523 =ide0
932 3479 998 3523 non
1023 3468 1073 3523 est
1097 3458 1161 3523 alia
1183 3458 1309 3534 fractio,
1330 3459 1389 3522 sed
1414 3458 1513 3522 currit

361 3556 486 3639 species
503 3556 704 3623 uniformiter
718 3561 788 3626 sine
804 3561 973 3641 fractione,
989 3582 1050 3627 nec
1068 3563 1100 3625 in
1118 3562 1229 3646 aliquo
1243 3564 1398 3626 immutat
1412 3563 1515 3626 inces-

362 3680 435 3724 sum
451 3671 585 3737 rectum,
602 3664 662 3726 nisi
677 3668 857 3731 secundum
872 3668 1118 3732 tortuositatem
1133 3667 1233 3731 nervi.
1276 3668 1322 3731 Et
1337 3668 1369 3730 in
1384 3666 1448 3730 hoc
1465 3676 1516 3731 est

364 3766 511 3830 miranda
534 3777 681 3850 potestas
703 3770 830 3837 virtutis
860 3774 999 3851 animae,
1022 3773 1113 3855 quod
1142 3770 1220 3835 facit
1250 3772 1392 3855 speciem
1422 3770 1515 3853 sequi

526 3212 586 3263 Fre.
601 3212 656 3274 32¹·

395 3978 403 4010 ¹
422 3980 446 4029 lt
465 3988 532 4030 must
551 3982 626 4043 again
646 3983 678 4031 be
698 3985 820 4045 repeated
838 3986 893 4035 that
912 3986 948 4047 by
968 3989 1080 4033 centrum
1099 3982 1186 4033 Bncon
1206 3999 1297 4033 means
1319 3984 1364 4032 the
1383 3990 1473 4032 centre
1490 3982 1520 4032 of

360 4067 494 4109 curvatum
506 4059 536 4108 of
544 4060 588 4109 the
600 4076 712 4110 concave
721 4064 821 4113 surfsce
833 4062 863 4112 of
871 4064 916 4112 the
927 4064 1042 4112 vitreous
1052 4063 1163 4112 humour
1171 4062 1271 4111 formed
1280 4063 1314 4123 by
1323 4063 1367 4110 the
1375 4062 1515 4124 convexity

361 4138 391 4187 of
404 4138 449 4187 the
466 4138 531 4187 lens.
565 4138 610 4199 So,
622 4146 675 4201 too,
692 4141 736 4190 the
753 4148 865 4191 centrum
880 4142 1009 4190 antmbn's
1017 4141 1134 4205 glaa'alis
1149 4156 1239 4190 means
1256 4142 1301 4190 the
1317 4147 1405 4190 centre
1417 4140 1447 4188 of
1459 4155 1515 4188 cur·

359 4226 449 4266 vature
465 4216 496 4265 of
506 4218 550 4265 the
567 4219 682 4267 anterior
697 4219 797 4269 surface
815 4220 845 4269 of
861 4220 907 4269 the
925 4221 989 4270 lens
1031 4219 1119 4268 Bacou
1142 4234 1198 4268 was
1221 4220 1350 4268 mistaken
1371 4234 1401 4266 as
1423 4224 1451 4265 to
1470 4219 1515 4266 tbe

361 4296 496 4345 refractive
513 4298 659 4359 properties
676 4298 706 4346 of
720 4299 795 4350 these
811 4307 864 4348 two
882 4300 974 4349 media.
1008 4298 1065 4348 The
1079 4300 1137 4349 lens
1150 4300 1197 4347 has
1213 4299 1259 4347 the
1276 4298 1370 4360 higher
1380 4295 1515 4347 refractive

360 4374 445 4423 index.

392 4451 403 4479 ’
420 4452 451 4501 ln
461 4453 476 4513 J
480 4453 501 4502 's
513 4452 594 4515 figure
606 4469 621 4501 a
632 4454 742 4517 straight
757 4455 810 4505 line
827 4456 849 4505 is
866 4456 957 4505 drawn
974 4455 1039 4505 from
1047 4472 1070 4520 g
1080 4463 1108 4505 to
1112 4456 1137 4518 s,
1149 4456 1200 4505 and
1211 4470 1227 4517 q
1237 4455 1289 4504 and
1301 4470 1319 4502 u
1330 4469 1374 4503 are
1385 4454 1476 4516 placed
1488 4454 1514 4501 in

360 4529 412 4578 this
423 4531 484 4591 line,
494 4532 580 4580 which
593 4532 675 4594 spoils
687 4534 732 4582 the
746 4534 893 4597 reasoning.
922 4534 979 4584 The
991 4534 1127 4584 refraction
1139 4536 1168 4583 of
1176 4534 1220 4584 the
1232 4550 1279 4597 ray
1290 4549 1325 4583 on
1337 4534 1458 4596 entering
1468 4534 1514 4582 the

360 4608 417 4657 leus
429 4609 452 4659 is
465 4617 510 4659 not
522 4610 606 4673 given.
