3542 5359
556 619 671 679 anns
696 617 922 678 securos.-
957 617 1045 676 [ΑΡ.
1072 617 1115 677 ll.
1348 617 1409 694 4⁶3

255 783 384 865 patebit
401 780 544 846 inferius.
590 781 718 845 Sufficit
733 782 820 845 enim
837 802 924 846 nunc
947 793 982 846 ut
997 782 1150 846 videatur
1169 782 1202 845 in
1219 781 1406 856 universali,

255 887 397 969 qualiter
419 884 582 968 frangitur
603 887 713 950 radius
736 907 795 970 per
817 887 975 968 angulum
997 886 1194 950 declinando
1214 887 1258 949 ab
1281 886 1406 950 incessu

255 1002 356 1054 recto.

301 1094 338 1159 Si
364 1116 443 1159 vero
468 1115 589 1178 corpus
615 1096 797 1158 secundum
824 1115 891 1158 non
918 1095 1028 1159 differt
1054 1096 1087 1158 in
1114 1094 1360 1177 diaphaneitate
1387 1116 1406 1157 a
1420 1112 1504 1172 &Re

256 1201 373 1282 primo,
399 1201 458 1264 sed
487 1201 624 1263 omnino
653 1208 704 1262 est
733 1200 883 1276 densum,
910 1200 956 1262 ita
982 1201 1072 1282 quod
1102 1209 1216 1282 potest
1246 1199 1406 1281 impedire
1420 1177 1508 1307 Ἐζᾶ

254 1305 429 1368 transitum
457 1305 587 1388 speciei,
610 1314 689 1368 tunc
711 1305 838 1386 species
863 1323 997 1367 sumens
1023 1305 1229 1368 occasionem
1256 1325 1276 1367 a
1302 1305 1407 1367 denso

255 1409 289 1470 in
305 1419 432 1491 partem
449 1409 588 1472 alteram
604 1409 688 1473 redit
706 1429 750 1471 ex
766 1410 897 1490 propria
912 1409 1051 1484 virtute3
1076 1419 1113 1472 ut
1127 1429 1202 1473 curn
1219 1427 1286 1477 non
1303 1410 1407 1492 possit

256 1534 292 1577 se
317 1513 536 1596 multiplicare
563 1514 596 1576 in
624 1513 762 1577 densum
795 1533 914 1596 corpus
941 1513 1139 1596 multiplicat
1169 1533 1204 1575 se
1235 1513 1268 1576 in
1299 1513 1406 1596 primo

255 1637 393 1700 corpore
410 1617 534 1681 faciens
555 1618 725 1700 angulum,
739 1628 773 1682 et
793 1619 913 1681 dicitur
929 1619 1056 1700 species
1074 1617 1198 1681 reflexa
1214 1619 1357 1701 proprie,
1372 1625 1406 1680 et

256 1723 289 1784 in
311 1723 480 1786 communi
500 1745 561 1786 usu
584 1725 675 1806 apud
693 1743 830 1798 omnes;
852 1743 913 1786 nec
936 1733 1049 1787 tamen
1072 1723 1240 1805 repellitur
1258 1743 1318 1804 per
1337 1723 1405 1784 vio-

254 1827 399 1902 lentiam,
425 1827 484 1890 sed
513 1827 621 1891 solum
652 1827 754 1892 sumit
783 1828 991 1892 occasionem
1021 1849 1042 1890 a
1071 1829 1175 1891 denso
1205 1827 1405 1911 impediente

252 1932 440 2005 transitum,
463 1940 497 1994 et
518 1933 611 1996 vadit
634 1952 694 2014 per
715 1931 815 1996 aliam
835 1933 934 2008 viam,
955 1941 991 1994 ut
1013 1931 1170 2014 possibile
1192 1941 1242 1995 est
1265 1931 1303 1995 ei.
1351 1930 1405 1995 Sic

254 2037 298 2099 sit
313 2036 362 2099 ab
382 2038 535 2115 densum,
550 2046 583 2100 et
603 2059 621 2099 0
641 2056 743 2118 agens
758 2057 765 2113 ;
789 2037 916 2119 species
937 2037 1035 2119 igitur
1050 2037 1186 2100 veniens
1204 2036 1246 2099 ab
1261 2058 1279 2100 0
1294 2036 1336 2100 ad
1353 2034 1405 2098 ab

252 2160 319 2202 non
352 2149 465 2224 potest
498 2141 648 2219 transire,
679 2149 713 2203 et
745 2142 819 2204 ideo
851 2161 928 2204 con·

253 2244 363 2307 stituit
385 2245 605 2326 angulum‚et
625 2245 709 2308 redit
731 2265 789 2326 per
806 2244 927 2307 lineam
964 2229 1003 2314 ⁰&
1326 2240 1375 2542 :cl

252 2348 309 2409 cd.
347 2348 458 2411 Prima
471 2370 551 2412 vero
563 2351 698 2430 species,
711 2368 797 2429 quae
811 2358 927 2423 estoc,
1036 2347 1039 2354 '

252 2461 390 2514 vocatur
415 2454 542 2534 species
566 2451 617 2515 vel
647 2452 757 2515 radius
781 2453 925 2516 inciden-
963 2505 987 2549 a
1384 2499 1402 2564 b

254 2555 330 2632 tiae,
342 2557 420 2637 quia
443 2557 556 2620 incidit
571 2558 614 2620 ad
630 2558 768 2619 densum
781 2581 789 2632 3
812 2566 845 2619 et
861 2557 927 2620 alia
1125 2543 1183 2662 ξω.
1196 2628 1210 2673 7
1212 2629 1236 2676 4·

253 2679 329 2740 pars
342 2669 479 2724 vocatur
499 2663 627 2743 species
643 2659 766 2724 reflexa
779 2660 830 2724 vel
848 2682 927 2724 con·

251 2784 355 2838 versa,
365 2776 399 2829 et
415 2776 527 2829 tamen
542 2774 615 2830 tota
631 2763 861 2847 multiplicatio
875 2777 1014 2830 vocatur
1030 2765 1154 2830 reflexa
1169 2765 1222 2829 vel
1237 2787 1403 2844 conversa,

251 2877 285 2930 et
301 2869 537 2933 denominatur
551 2890 629 2953 pars
645 2891 663 2933 e
679 2879 761 2933 toto.

297 2971 424 3055 Quarta
436 2972 520 3037 linea
530 2985 579 3037 est
590 2983 741 3039 tortuosa
751 2994 850 3057 super
861 2995 961 3056 quarn
973 2975 1064 3038 venit
1076 2975 1203 3060 species
1215 2974 1402 3058 aliquando,
1417 3005 1440 3053 4
1457 2989 1486 3040 1n
1499 2992 1550 3040 ani-

252 3085 285 3140 et
311 3078 377 3140 hoc
407 3085 473 3141 n'on
500 3079 607 3142 estin
636 3079 746 3142 medio
769 3080 962 3143 inanimato.
1008 3080 1220 3164 Impossibile
1241 3081 1328 3142 enirn
1352 3059 1571 3187 estprertpabpdis

251 3183 340 3263 quod
364 3203 466 3267 agens
485 3184 518 3246 in
542 3183 689 3247 medium
712 3184 929 3247 inanimatum
953 3185 1052 3249 saciat
1068 3185 1211 3268 speciem
1233 3195 1402 3258 tortuose;
1417 3205 1473 3254 may
1488 3205 1545 3254 pass

250 3289 310 3351 sed
326 3299 422 3364 recte,
441 3299 477 3352 ut
498 3288 588 3370 prius
608 3299 777 3352 ostensum
796 3297 856 3350 est.
903 3286 971 3352 Sed
990 3289 1023 3352 in
1045 3289 1154 3353 medio
1174 3289 1323 3352 animato
1344 3309 1403 3370 per
1415 3255 1556 3384 pppppsly

249 3393 405 3456 virtutem
421 3393 551 3456 animae
566 3393 719 3474 dirigitur
729 3393 856 3474 species
870 3393 1052 3455 secundum
1066 3393 1270 3474 exigentiam
1286 3413 1401 3476 opera·
1415 3403 1498 3437 nerve.

249 3496 377 3559 tionum
394 3497 533 3572 animae,
550 3508 583 3560 et
601 3499 680 3580 quia
699 3498 909 3580 operationes
925 3498 1054 3560 animae
1070 3499 1156 3561 circa
1175 3499 1301 3582 species
1318 3497 1402 3560 fiunt

251 3599 283 3661 in
299 3601 406 3664 nervis
418 3603 584 3680 tortuosis,
599 3605 747 3684 sequitur
757 3602 885 3685 species
901 3602 1146 3665 tortuositatem
1163 3603 1254 3665 nervi
1268 3611 1403 3686 propter

249 3705 478 3768 necessitatem
501 3707 732 3787 operationum
754 3707 906 3783 animae;
932 3707 1020 3770 unde
1042 3708 1168 3790 species
1190 3707 1401 3788 tangibilium

249 3818 383 3871 currunt
407 3829 465 3890 per
487 3808 543 3871 fila
562 3830 734 3873 nervorum
757 3818 907 3872 tortuosa
927 3810 969 3872 ab
991 3811 1061 3894 ipsa
1081 3821 1158 3875 cute
1178 3812 1322 3893 corporis
1343 3831 1402 3892 per

248 3913 319 3974 vias
339 3911 504 3977 flexuosas
525 3933 630 3995 usque
649 3914 692 3976 ad
716 3916 972 3977 instrumentum
993 3921 1112 3986 tactus,
1128 3914 1219 3996 quod
1236 3915 1401 3979 radicatur

246 4013 346 4095 juxta
364 4036 420 4079 cor
430 4015 449 4078 ¹.
497 4017 542 4078 Et
556 4016 709 4080 similiter
724 4026 773 4079 est
789 4019 831 4080 de
850 4018 962 4100 specie
976 4027 1103 4098 gustus,
1118 4036 1203 4099 quae
1223 4019 1323 4081 currit
1344 4037 1401 4099 per

281 4131 289 4158 ¹
308 4133 383 4182 From
401 4136 445 4183 the
465 4135 610 4184 discussion
628 4143 654 4184 at
670 4136 715 4184 tlre
730 4136 874 4197 beginning
889 4135 919 4183 os
930 4135 1086 4197 Perspectr'vo
1104 4139 1157 4198 (pp.
1175 4149 1232 4197 4-5,
1250 4137 1301 4185 and
1319 4151 1342 4198 p.
1361 4137 1398 4200 9),

248 4212 267 4260 it
278 4213 365 4260 would
377 4229 446 4261 seem
458 4214 514 4262 that
527 4214 615 4263 Bacon
625 4213 752 4276 regarded
763 4214 808 4262 the
818 4215 891 4262 brain
899 4229 928 4262 as
941 4214 985 4262 the
996 4215 1136 4262 sensoniem
1146 4229 1286 4264 commune.
1317 4215 1397 4274 Here,

249 4290 381 4348 however,
391 4292 424 4340 he
433 4300 531 4341 reverts
540 4299 567 4341 to
580 4294 624 4342 the
631 4293 799 4342 Aristotelian
808 4293 878 4340 view
887 4292 951 4348 that,
962 4299 989 4339 at
1001 4291 1066 4340 least
1078 4293 1118 4340 lor
1129 4293 1173 4340 tlre
1186 4294 1314 4343 sensesol
1321 4295 1399 4343 touch

247 4371 299 4416 and
316 4379 391 4431 taste,
405 4372 449 4419 the
467 4373 541 4420 beart
551 4387 609 4420 was
625 4373 669 4420 rue
687 4379 785 4420 centre.
821 4369 873 4419 See
892 4369 937 4419 Dr.
950 4370 1039 4430 Ogle’s
1056 4371 1171 4433 recently
1183 4373 1316 4435 published
1332 4389 1399 4421 conr-

248 4457 366 4507 mentary
378 4463 412 4495 on
429 4450 472 4497 the
484 4450 653 4498 Aristotelian
671 4449 778 4497 treatise
800 4447 880 4496 Youth
897 4447 952 4495 and
968 4447 1020 4496 Old
1034 4449 1098 4512 Age,
1111 4449 1167 4512 Lrje
1182 4450 1238 4498 and
1246 4451 1334 4512 Deatlr,
1348 4449 1403 4498 und

247 4525 414 4588 Respiratr'on,
434 4542 477 4590 pp.
494 4543 554 4590 3-7,
571 4529 623 4576 and
640 4543 683 4590 pp.
698 4542 829 4576 111-112:
848 4525 920 4574 ‘The
937 4527 1002 4575 unu
1019 4529 1070 4576 aud
1087 4528 1133 4578 the
1149 4536 1247 4591 tongue
1263 4545 1333 4578 were
1351 4530 1401 4590 (lor

246 4602 384 4665 Aristotle)
397 4606 425 4653 in
440 4621 474 4654 no
492 4607 648 4655 connection
665 4606 800 4654 whatever
814 4605 880 4653 with
899 4605 943 4653 the
961 4606 1033 4654 brain
1051 4609 1157 4668 (nerves
1173 4607 1203 4656 ol
1216 4623 1307 4656 course
1323 4607 1403 4668 being

246 4683 310 4732 then
327 4684 527 4749 undiscovered)
540 4686 591 4734 and
602 4701 674 4735 were
691 4685 786 4733 indeed
804 4684 865 4732 shut
882 4683 923 4732 off
935 4683 999 4732 lrom
1016 4685 1035 4732 it
1052 4686 1208 4749 completely
1225 4686 1259 4749 by
1270 4687 1313 4737 the
1331 4687 1403 4748 bony
