3542 5359
212 2058 309 2107 Perfeet

211 2123 274 2172 bliss
285 2139 313 2172 as

212 2189 344 2239 conceived

378 647 439 708 244
591 629 746 688 OPERIS
771 628 960 699 MAJORIS
984 627 1101 687 PARS
1125 626 1323 686 SEPTIMA.

381 793 492 858 ficiens
512 792 617 877 magis
637 791 793 857 affectum
816 812 918 875 quam
939 791 1144 855 intellectum
1163 800 1197 854 et
1218 791 1349 854 initium
1368 787 1533 854 felicitatis

381 893 531 974 futurae;
553 896 709 979 quoniam
738 906 878 977 utraque
906 903 957 957 est
987 895 1133 976 cognitio
1159 903 1193 958 et
1219 914 1314 958 amor
1343 893 1417 956 Dei.
1464 892 1532 957 Sed

381 1001 543 1082 sapientia
573 1001 654 1064 haec
685 1001 753 1064 duo
783 998 885 1063 habet
916 1009 953 1063 ut
983 997 1141 1082 possibile
1172 1008 1222 1062 est
1250 998 1283 1061 in
1310 998 1374 1063 hac
1399 999 1478 1076 vita,
1499 1007 1533 1061 et

381 1104 518 1168 felicitas
547 1104 798 1186 comprehendit
830 1102 885 1167 illa
916 1101 1118 1185 imperfecte.
1173 1103 1227 1166 De
1257 1100 1416 1165 felicitate
1444 1101 1532 1164 enim

380 1209 518 1292 planum
549 1217 608 1286 est,
632 1219 666 1273 et
696 1209 738 1272 de
768 1207 930 1291 sapientia
962 1216 1056 1290 patet
1086 1207 1151 1271 hoc
1179 1207 1268 1270 idem
1300 1226 1359 1288 per
1389 1207 1532 1288 primum

381 1311 642 1395 Metaphysicae‚
663 1324 697 1377 et
720 1323 854 1377 sextum
879 1311 1087 1388 Ethicorum,
1109 1319 1144 1374 et
1165 1311 1342 1375 decimum.
1389 1310 1435 1373 Et
1459 1310 1533 1373 ideo

382 1417 453 1500 ipse
485 1416 684 1481 Aristoteles
724 1417 873 1480 omnium
911 1415 1184 1498 philosophorum
1226 1412 1533 1490 excellentissimus,

382 1519 537 1586 omnibus
556 1521 756 1586 renuntiavit
776 1530 941 1602 quatenus
962 1518 1236 1601 contemplationi
1250 1530 1385 1584 vacaret
1403 1518 1535 1600 sapien·

382 1625 464 1703 tiali,
489 1627 568 1708 quia
597 1626 679 1689 haec
698 1627 767 1689 vita
796 1634 847 1689 est
871 1624 1040 1688 simillima
1061 1625 1149 1687 vitae
1171 1625 1322 1699 divinae3
1351 1633 1386 1686 et
1416 1624 1492 1687 ideo
1513 1643 1534 1686 a

382 1731 532 1814 sapiente
554 1731 623 1793 visa
642 1740 694 1794 est
711 1730 913 1811 dignissima,
931 1738 968 1793 ut
990 1726 1119 1792 Tullius
1141 1729 1255 1793 scribit
1277 1728 1320 1791 de
1342 1727 1534 1803 Aristotele,

383 1836 416 1898 in
435 1831 572 1917 quinto¹
592 1834 872 1898 Academicorum
897 1834 999 1897 libro:
1022 1841 1057 1897 et
1074 1833 1223 1898 similiter
1243 1834 1286 1897 de
1300 1831 1534 1916 Theophrasto

380 1938 453 2021 ejus
468 1958 655 2002 successore
670 1938 703 2001 in
719 1937 938 2021 philosophia.

428 2043 609 2124 Postquam
624 2062 703 2119 vero
719 2042 850 2106 fuerunt
866 2040 1052 2125 praeparati
1068 2041 1110 2104 ad
1131 2039 1388 2104 illuminationes
1405 2041 1534 2106 divinas

381 2147 577 2231 recipientes
608 2166 672 2222 eas,
703 2155 883 2229 posuerunt
917 2145 1008 2227 quod
1046 2144 1187 2208 felicitas
1222 2143 1306 2210 haec
1342 2153 1394 2208 est
1430 2145 1534 2210 totius

211 2255 359 2318 byuoeuus
381 2251 533 2329 hominis,
556 2262 626 2315 tam
655 2251 687 2313 in
718 2269 855 2331 corpore
885 2270 987 2332 quam
1015 2250 1048 2312 in
1076 2250 1198 2327 anima,
1223 2248 1404 2326 beatitudo,
1431 2269 1533 2331 quam

213 2320 263 2370 and

214 2386 347 2436 miccina.
380 2354 496 2419 oculus
512 2374 578 2417 non
600 2350 704 2418 vidit²
721 2373 781 2417 nec
801 2354 889 2416 auris
905 2354 1043 2432 audivit,
1059 2362 1096 2416 ut
1112 2353 1192 2416 dicit
1208 2352 1391 2417 Avicenna.
1437 2351 1534 2434 Quae

380 2457 520 2522 felicitas
543 2468 593 2521 est
616 2466 722 2520 status
745 2457 895 2520 omnium
918 2457 1083 2521 bonorum
1101 2457 1338 2540 aggregatione
1360 2457 1533 2540 perfectus,

380 2562 467 2625 sicut
482 2562 581 2626 docet
597 2560 807 2644 philosophia
824 2561 934 2625 Boetii
945 2561 967 2639 ³,
982 2561 1016 2624 in
1027 2561 1126 2624 tertio
1146 2561 1421 2626 consolationum
1438 2562 1532 2625 libro.

381 2665 427 2729 Et
451 2665 574 2730 ibidem
597 2666 725 2748 probat,
749 2666 841 2748 quod
865 2685 933 2729 non
956 2674 1069 2747 potest
1091 2685 1173 2744 esse,
1196 2665 1256 2728 nisi
1280 2666 1532 2749 participatione

380 2771 501 2833 summi
525 2770 614 2846 boni,
629 2770 720 2852 quod
742 2779 793 2834 est
817 2771 919 2848 Deus,
936 2769 1015 2852 quia
1037 2769 1206 2853 completa
1228 2769 1306 2834 boni
1323 2770 1532 2854 participatio

380 2895 447 2939 non
467 2884 517 2940 est
537 2875 598 2939 nisi
620 2875 654 2938 in
676 2874 932 2958 participatione
953 2874 1019 2936 Dei
1039 2875 1096 2956 qui
1120 2883 1171 2938 est
1191 2873 1317 2937 bonum
1338 2874 1532 2957 perfectum.

381 2979 428 3042 Et
451 2979 526 3042 ideo
549 2979 636 3043 beati
660 2987 694 3042 et
717 2977 827 3043 felices
858 2997 924 3042 non
946 2988 1086 3061 possunt
1118 2997 1190 3042 esse
1212 2979 1273 3041 nisi
1302 2979 1440 3043 fruendo
1467 2978 1533 3042 Dei

381 3083 542 3147 bonitate.
588 3082 634 3147 Et
657 3083 731 3146 ideo
753 3082 965 3166 philosophia
988 3080 1100 3146 nobile
1121 3081 1289 3147 concludit
1313 3082 1531 3157 corollarium,

381 3186 506 3251 scilicet
535 3186 626 3269 quod
656 3186 745 3251 beati
775 3197 852 3251 sunt
884 3187 942 3250 Dii
955 3208 963 3266 ;
994 3188 1053 3250 sed
1076 3206 1161 3250 unus
1190 3195 1241 3250 est
1271 3186 1364 3251 Deus
1386 3197 1532 3266 naturae,

381 3291 632 3373 participatione
646 3289 801 3355 deitatis⁴
818 3292 923 3369 multi,
934 3291 1058 3356 scilicet
1073 3310 1191 3354 omnes
1207 3290 1295 3354 beati
1305 3290 1326 3354 ⁵.
1375 3291 1421 3355 Et
1435 3292 1532 3355 Aris·

380 3393 499 3458 toteles
529 3395 638 3475 primo
676 3393 813 3458 Moralis
844 3394 1078 3479 Philosophiae
1114 3395 1212 3459 docet
1241 3397 1332 3478 quod
1361 3395 1531 3478 appetitus

381 3497 543 3560 humanus
566 3518 631 3561 non
647 3507 757 3579 potest
774 3499 946 3563 terminari
969 3500 1002 3562 in
1025 3498 1139 3581 aliquo
1158 3499 1250 3563 bono
1272 3499 1335 3562 nisi
1350 3499 1383 3562 in
1398 3519 1531 3564 summo

378 3623 447 3684 quo
462 3602 645 3680 clauditur;
667 3605 745 3686 quia
765 3605 965 3668 desiderium
986 3605 1116 3668 animae
1138 3604 1307 3668 rationalis
1328 3606 1530 3669 transcendit

380 3707 620 3771 omnebonum
637 3707 766 3773 finitum
782 3717 816 3772 et
833 3709 926 3773 vadit
947 3709 981 3771 in
1008 3708 1183 3772 infinitum.
1229 3708 1275 3772 Et
1300 3709 1375 3773 ideo
1399 3718 1531 3792 oportet

379 3813 470 3893 quod
485 3811 574 3876 bono
588 3833 720 3877 summo
735 3821 768 3876 et
784 3813 922 3891 infinito,
937 3813 1027 3896 quod
1043 3823 1093 3878 est
1106 3814 1209 3887 Deus,
1225 3813 1402 3897 participet
1418 3814 1445 3876 si
1461 3813 1531 3894 ejus

379 3916 547 3998 appetitus
569 3915 671 3980 debet
693 3917 859 4000 compleri.
905 3917 973 3983 Sed
995 3927 1127 3983 constat
1149 3938 1208 4002 per
1228 3916 1419 3982 felicitatem
1439 3938 1531 3980 com-

379 4020 529 4103 plendus,
551 4040 654 4104 quare
676 4029 810 4104 oportet
832 4023 923 4104 quod
947 4023 1021 4087 Deo
1046 4021 1172 4087 fruatur
1193 4023 1227 4086 iii
1250 4031 1431 4086 aeternum.
1484 4023 1531 4086 Et

379 4135 459 4189 tunc
474 4136 637 4208 quantum
655 4125 697 4188 ad
715 4124 919 4190 intellectum
938 4127 1177 4209 speculativum
1202 4126 1259 4191 fiet
1276 4127 1397 4201 anima,
1412 4147 1530 4191 secun-

412 4269 420 4298 ¹
437 4270 481 4318 All
492 4271 538 4319 the
550 4269 627 4320 MSS.
640 4271 706 4320 have
718 4271 817 4332 quinto.
852 4269 968 4334 Perhaps
982 4274 1027 4322 tbc
1043 4272 1177 4322 reference
1189 4272 1212 4322 is
1229 4279 1257 4321 to
1269 4271 1308 4321 Dr
1322 4271 1436 4337 Faetus,
1450 4273 1492 4324 lib.
1505 4290 1531 4325 v.

379 4363 507 4476 “invidet
519 4465 525 4477 .
538 4463 545 4476 .
559 4463 567 4477 .
579 4427 661 4488 audit,
674 4427 709 4478 ld.
973 4429 984 4457 ³
998 4428 1091 4490 Boetii,
1105 4444 1154 4479 oin.
1168 4427 1203 4478 M.

412 4505 420 4534 ⁴
438 4505 550 4566 deitatis,
562 4505 614 4564 ld.;
632 4505 774 4568 dignitatis,
787 4505 819 4556 Ο.
834 4513 860 4555 et
873 4506 907 4556 D.

410 4583 421 4612 ⁸
438 4583 513 4634 Boet.
525 4583 565 4632 Dr
576 4583 673 4633 Consul.
692 4584 734 4634 lib.
746 4584 782 4634 lii.
795 4584 876 4634 Prusa
897 4601 928 4634 io
945 4584 1006 4633 ‘Uti
1020 4585 1137 4646 justitiae
1149 4585 1289 4648 adeptione
1301 4585 1373 4646 justi,
1385 4587 1530 4650 sapientiae

377 4661 510 4724 sapientes
521 4661 594 4723 fiunt,
606 4662 642 4711 ita
654 4662 816 4712 divinitatem
827 4663 938 4726 adeptos
950 4663 1023 4713 Deos
1035 4663 1091 4712 fieri
1102 4663 1179 4712 simili
1190 4663 1291 4713 ratione
1303 4679 1412 4715 necesse
1424 4667 1481 4714 est’
