3542 5359
396 1305 584 1354 Seneca
606 1320 670 1354 on

394 1370 478 1418 the
507 1369 706 1435 insigni-

396 1436 581 1485 ficance
604 1437 662 1486 of

393 1501 478 1550 the
493 1501 633 1550 earth
650 1517 707 1551 as

397 1567 666 1631 compared

394 1632 515 1680 with
538 1632 624 1682 the

396 1699 635 1748 universe.

732 601 853 661 268
1159 604 1471 663 OPERIS
1518 605 1898 674 MAJORIS
1947 605 2176 663 PARS
2224 605 2625 688 SEPTIMA.

736 765 916 829 Nam
962 787 1095 849 quo
1140 765 1336 831 altius
1382 778 1594 831 turres
1637 768 2039 845 sustulerint,
2077 788 2212 850 quo
2259 768 2510 850 majore
2557 765 2735 831 mole
2780 765 3042 850 fastigia

736 873 1196 936 coenationum
1258 873 1718 946 subduxerint,
1780 873 1904 937 hoc
1966 873 2116 956 plus
2162 874 2287 937 erit
2347 875 2527 955 quod
2590 873 2718 936 illis
2777 873 3039 937 coelum

735 976 1104 1041 abscondit.
1198 976 1290 1040 Et
1323 976 1701 1059 Xenophon
1730 976 2109 1041 Socraticus
2139 976 2315 1041 dixit
2349 976 2504 1040 nihil
2530 997 2725 1058 egere
2756 985 2857 1039 est
2891 975 3040 1055 Dei,

735 1100 936 1161 quam
1000 1080 1343 1144 minimum
1402 1091 1628 1145 autem
1701 1080 2082 1164 proximum
2160 1090 2262 1145 est
2338 1081 2508 1160 De0,
2566 1082 2737 1144 sicut
2813 1080 3037 1145 recitat

735 1182 1151 1249 Censorinus.

824 1287 914 1351 Et
962 1287 1215 1353 Seneca
1260 1287 1496 1370 quinto
1543 1288 1963 1354 Naturalium
2004 1289 2323 1352 veraciter
2362 1288 2666 1371 judicans
2712 1289 3036 1353 mundum

733 1404 1063 1455 terrenum
1097 1414 1237 1456 esse
1263 1402 1575 1476 punctum
1606 1404 1908 1475 respectu
1944 1394 2128 1465 coeli,
2154 1393 2333 1475 quod
2370 1413 2489 1475 per
2518 1394 3034 1458 astronomicam

732 1497 934 1561 scitur
973 1496 1451 1575 certitudinem,
1491 1497 1721 1560 omnia
1757 1518 1931 1580 quae
1975 1498 2039 1561 in
2086 1497 2212 1560 hoc
2254 1498 2507 1562 mundo
2544 1498 2837 1561 humano
2869 1498 3039 1559 inter

732 1599 1033 1663 homines
1107 1601 1566 1665 describuntur
1627 1599 1896 1665 vilificat
1972 1610 2040 1664 et
2101 1601 2444 1680 adnihilat,
2505 1611 2803 1684 respectu
2871 1600 3036 1664 coeli

732 1704 816 1768 ad
842 1705 1021 1785 quod
1041 1702 1252 1769 factus
1277 1716 1377 1769 est
1401 1704 1623 1768 homo.
1681 1706 1863 1769 Dicit
1890 1706 2089 1788 igitur
2118 1712 2132 1738 ‘
2154 1704 2288 1788 Qui
2317 1705 2457 1788 jam
2484 1708 2778 1769 animum
2807 1706 2991 1769 laxat
3014 1705 3034 1742 ¹

732 1818 799 1872 et
831 1820 1182 1890 praeparat
1223 1809 1308 1873 ad
1355 1810 1800 1891 cognitionem
1834 1810 2218 1874 coelestium
2266 1809 2672 1893 dignumque
2709 1808 2911 1874 efficit
2962 1819 3036 1873 ut

732 1912 797 1974 in
843 1914 1248 1977 consortium
1293 1912 1422 1977 Dei
1465 1915 1701 1987 veniat,
1734 1924 1895 1978 tunc
1937 1924 2470 1978 consummatum
2503 1914 2704 1977 habet
2738 1914 3035 1996 plenum-

732 2038 862 2100 que
914 2018 1164 2081 bonum
1226 2019 1422 2082 sortis
1471 2019 1847 2097 humanae;
1907 2039 2060 2082 cum
2110 2019 2364 2083 calcato
2409 2019 2590 2082 omni
2641 2018 2819 2082 malo
2865 2019 3035 2102 petit

731 2119 937 2184 altum
984 2132 1050 2184 et
1099 2122 1164 2183 in
1210 2121 1584 2185 interiorem
1630 2131 1903 2186 naturae
1946 2121 2161 2185 sinum
2203 2122 2403 2200 venit,
2433 2130 2590 2185 tunc
2629 2120 2821 2203 juvat
2868 2122 3037 2183 inter

731 2225 876 2307 ipsa
906 2226 1119 2289 sidera
1148 2238 1504 2307 vagantem
1536 2225 1815 2289 divitum
1849 2226 2226 2308 pavimenta
2254 2227 2478 2290 videre
2517 2236 2585 2290 et
2626 2236 2839 2290 totam
2883 2244 3033 2288 cum

732 2349 893 2393 auro
924 2350 1044 2394 suo
1076 2338 1340 2408 terram,
1370 2350 1503 2392 non
1538 2328 1650 2393 illo
1683 2338 1946 2393 tantum
1978 2330 2160 2411 quod
2192 2331 2458 2412 egessit,
2486 2329 2603 2393 sed
2626 2329 2742 2392 illo
2766 2329 2946 2411 quod
2969 2329 3035 2390 in

733 2432 996 2497 occulto
1026 2442 1240 2497 servat
1270 2433 1703 2516 posteriorum
1731 2431 2079 2499 avaritiae.'
2149 2442 2164 2467 ‘
2191 2433 2345 2498 Hoc
2374 2443 2474 2498 est
2498 2445 2820 2516 punctum
2852 2432 3035 2514 quod

733 2537 901 2601 inter
942 2547 1047 2602 tot
1090 2546 1324 2621 gentes
1367 2537 1536 2601 ferro
1581 2547 1648 2601 et
1694 2540 1845 2622 igne
1889 2538 2220 2602 dividitur.
2315 2537 2377 2602 Ο
2440 2558 2641 2620 quam
2706 2536 3033 2601 ridiculosi

733 2645 887 2707 sunt
959 2642 1218 2706 termini
1287 2641 1705 2706 mortalium!
1785 2643 1955 2707 ultra
2017 2643 2260 2706 Istrum
2324 2642 2551 2706 Dacus
2620 2661 2754 2705 non
2816 2652 3034 2704 exeat.

734 2747 994 2811 Parthis
1025 2747 1247 2810 obstet
1281 2747 1677 2831 EuphrateS,
1711 2746 2061 2810 Danubius
2093 2746 2462 2811 Sarmatica
2490 2757 2693 2830 atque
2727 2745 3035 2809 Romana

730 2852 1160 2932 disterminet,
1225 2852 1498 2915 Rhenus
1558 2850 1953 2916 Germaniae
2012 2852 2287 2915 modum
2350 2850 2565 2915 saciat.
2656 2850 3033 2931 Pyrenaeus

733 2957 901 3020 inter
945 2955 1229 3020 Galliam
1277 2966 1342 3020 et
1393 2955 1789 3038 Hispaniam
1840 2956 2132 3018 medium
2178 2954 2461 3019 extollat
2501 2955 2759 3037 jugum.
2858 2953 3036 3016 Inter

730 3059 1127 3144 Aegyptum
1175 3069 1242 3123 et
1286 3060 1721 3142 Aethiopiam
1767 3079 2117 3123 arenarum
2164 3058 2413 3122 inculta
2456 3061 2733 3121 vastitas
2789 3057 3029 3140 jaceat.

733 3162 804 3227 Si
851 3165 1000 3246 quis
1042 3164 1328 3228 formicis
1373 3165 1488 3228 det
1541 3164 1948 3227 intellectum
1997 3163 2303 3239 hominis,
2351 3183 2567 3226 nonne
2634 3160 2784 3224 illae
2828 3180 3030 3223 unam

731 3288 951 3331 aream
985 3268 1052 3330 in
1085 3267 1330 3330 multas
1361 3267 1657 3332 divident
1689 3268 2102 3352 provincias?
2194 3266 2364 3331 Cum
2408 3267 2661 3331 videbis
2702 3266 3031 3330 exercitus

731 3371 1052 3436 subrectis
1099 3372 1188 3434 ire
1248 3371 1531 3449 vexilli3‚
1592 3373 1882 3454 equitem
1945 3374 2149 3435 modo
2203 3371 2513 3435 ulteriora
2572 3370 3031 3453 explorantem

734 3477 935 3539 modo
984 3497 1024 3539 a
1067 3474 1377 3539 lateribus
1423 3474 1726 3555 affusum,
1774 3477 2196 3539 formicarum
2242 3475 2366 3540 iste
2402 3474 2731 3539 discursus
2770 3469 2931 3561 [est]
2968 3474 3034 3536 in

732 3590 1016 3662 angusto
1044 3578 1508 3643 laborantium.
1599 3579 1781 3663 Quid
1833 3579 1921 3642 illi
1968 3590 2037 3644 et
2083 3580 2274 3644 nobis
2314 3579 2584 3643 interest
2638 3580 2769 3641 nisi·
2804 3579 3028 3660 exigui

733 3703 1037 3747 mensura
1082 3685 1497 3766 corpusculi?
1588 3684 1915 3748 Punctum
1948 3695 2050 3748 est
2085 3684 2260 3748 istud
2301 3684 2365 3747 in
2411 3704 2548 3765 quo
2589 3683 2934 3766 navigatis„
2967 3682 3033 3744 in

731 3810 867 3871 quo
897 3790 1210 3872 regnatis,
1241 3789 1308 3851 in
1351 3810 1486 3872 quo
1517 3788 1798 3853 bellatis,
1892 3789 2167 3854 Sursum
2200 3789 2492 3870 ingentia
2524 3789 2743 3872 spatia
2771 3798 2926 3853 sunt
2963 3787 3032 3851 in

727 3913 1008 3975 quorum
1057 3891 1589 3976 possessionem²
1639 3896 1900 3957 animus
1932 3893 2344 3970 admittitur3
2405 3913 2483 3957 ac
2529 3893 2709 3957 velut
2755 3892 3035 3956 vinculis

730 3997 1044 4061 liberatus
1075 3998 1140 4060 in
1179 3999 1501 4080 originem
1548 4000 1739 4062 redit.
1851 3997 1944 4060 Et
1975 3996 2102 4061 hoc
2141 4007 2606 4080 argumentum
2650 4009 2751 4060 est
2796 3997 3034 4060 divini·

733 4103 889 4166 tatis
919 4122 1099 4178 suae,
1143 4103 1322 4184 quod
1365 4101 1553 4165 illum
1599 4101 1935 4165 delectant
1977 4102 2203 4166 divina
2243 4121 2364 4165 nec
2406 4111 2482 4165 ut
2529 4101 2778 4176 alienis,
2809 4103 2925 4164 sed
2959 4111 3035 4165 ut

729 4207 863 4269 suis
889 4209 1161 4271 interest
1183 4217 1341 4271 tunc
1370 4217 1751 4271 contemnet
1777 4207 2010 4291 prioris
2032 4206 2350 4270 domicilii
2382 4208 2746 4289 angustias,
2828 4204 3032 4288 Quod

729 4312 903 4374 enim
949 4313 1037 4374 ab
1095 4311 1347 4374 ultimis
1395 4310 1765 4394 Hispaniae
1825 4331 2036 4393 usque
2091 4311 2177 4375 ad
2232 4311 2434 4375 Indos
2489 4312 2667 4394 jacet
2714 4314 3037 4394 paucissi-

793 4464 806 4493 ¹
845 4463 971 4513 This
1011 4465 1054 4513 is
1094 4472 1187 4514 not
1226 4465 1356 4513 from
1399 4465 1485 4513 the
1525 4464 1654 4525 fifth,
1692 4465 1784 4514 but
1825 4465 1953 4514 from
1993 4466 2083 4514 the
2126 4466 2379 4528 prologue
2425 4474 2477 4515 to
2516 4467 2606 4515 the
2652 4467 2763 4515 first
2803 4466 2943 4514 book
2984 4467 3042 4516 of

726 4541 996 4590 Naturales
1026 4542 1359 4604 Quaestae'ones.
1426 4543 1538 4591 The
1562 4544 1830 4604 quotation
1852 4544 1947 4593 has
1968 4544 2101 4594 been
2125 4545 2416 4595 somewhat
2437 4545 2634 4595 altered
2659 4546 2728 4607 by
2753 4545 2948 4596 Bacon.

793 4618 813 4646 ²
844 4621 1158 4682 passionem,
1177 4628 1274 4684 pm
1296 4621 1696 4684 possessionem,
1723 4622 1793 4671 M.
