3542 5359
427 637 622 698 MORALIS
647 636 944 696 PHILOSOPHIA
959 659 970 694 .·
1005 638 1119 697 PARS
1143 639 1293 697 PRIMA.
1378 655 1439 716 235

285 811 363 864 sunt
379 802 422 865 de
437 800 555 865 finibus
570 801 759 885 Aquilonis,
806 801 851 864 Et
865 801 941 866 ideo
958 803 1124 867 discursus
1139 801 1353 865 Tartarorum
1370 823 1437 865 non

284 904 406 969 sufficit
433 905 620 969 verificare¹
648 916 780 988 tempus
810 908 852 970 de
882 907 1027 970 adventu
1055 905 1264 986 Antichristi‚
1285 909 1344 970 sed
1371 908 1437 970 alia

285 1011 464 1093 exiguntur
479 1021 516 1074 ut
531 1012 701 1092 sequentia
716 1011 943 1093 explicabunt.

328 1113 431 1177 Aliud
449 1135 527 1179 vero
543 1115 737 1197 principium
759 1125 810 1180 est
825 1117 868 1180 de
884 1115 1011 1199 judicio
1027 1114 1138 1179 futuro
1150 1113 1172 1178 ².
1219 1116 1309 1180 Nam
1324 1116 1357 1178 in
1373 1116 1437 1180 hoc

285 1215 374 1282 cadit
404 1239 489 1282 unus
511 1219 669 1284 articulus
691 1218 768 1283 fidei
792 1218 1000 1284 Christianae
1021 1221 1064 1283 de
1086 1241 1154 1303 quo
1176 1220 1264 1284 dixit
1295 1221 1437 1285 Ethicus

285 1322 511 1406 philosophus
527 1323 699 1399 Diabolus,
719 1325 776 1406 qui
798 1327 907 1406 primo
929 1324 1083 1388 conditus
1104 1324 1230 1388 suerat³
1253 1334 1287 1388 et
1310 1325 1437 1408 primus

285 1437 459 1506 corruerat,
474 1439 552 1491 ante
567 1448 681 1492 omnes
696 1429 858 1512 pessimos
875 1429 1025 1491 homines
1042 1430 1195 1512 punietur
1211 1440 1246 1493 et
1261 1431 1294 1492 in
1310 1428 1437 1493 inlerno

286 1529 492 1604 recludetur3
516 1531 571 1614 qui
588 1533 666 1613 quia
683 1542 851 1596 creaturae
869 1532 1040 1615 praefulsit
1063 1533 1096 1595 in
1117 1534 1232 1596 ordine
1253 1534 1386 1616 primus,
1402 1543 1436 1596 ct

284 1635 411 1732 viarum
436 1634 499 1697 Dei
524 1634 642 1700 claruit
663 1636 696 1698 in
717 1636 922 1709 miraculum,
939 1636 1028 1699 idem
1052 1637 1178 1719 primus
1201 1638 1234 1700 in
1257 1638 1438 1700 novissimo

282 1737 408 1819 judicio
423 1739 559 1803 terribili
575 1748 714 1802 venturo
730 1760 854 1821 poenas
874 1741 1027 1824 patietur,
1048 1751 1083 1804 et
1102 1741 1132 1804 ei
1152 1740 1269 1824 quales
1283 1741 1327 1806 ab
1343 1741 1437 1805 initio

285 1842 384 1907 datae
399 1852 476 1906 sunt
491 1845 522 1907 in
537 1863 675 1907 caverna
692 1843 762 1917 laci,
779 1853 829 1907 tot
845 1854 924 1908 ante
948 1845 1092 1908 tribunal
1116 1847 1204 1928 regis
1221 1848 1294 1927 ipso
1310 1845 1436 1928 judicio

286 1958 361 2012 sunt
385 1947 519 2024 dilatae,
543 1958 579 2010 ut
602 1958 735 2013 cernant
763 1949 855 2031 impii
879 1948 1195 2014 truculentissimum
1218 1970 1298 2013 suae
1320 1949 1436 2013 mortis

285 2062 462 2116 auctorem.

329 2155 383 2219 De
397 2155 572 2220 Creatione
582 2176 661 2219 vero
675 2164 725 2219 est
737 2154 827 2220 aliud
838 2155 1048 2240 principium,
1058 2158 1148 2240 quod
1165 2157 1244 2240 quia
1259 2157 1292 2220 in
1308 2157 1435 2220 mathe-
1449 2180 1533 2228 views
1544 2180 1574 2228 os

287 2260 414 2323 maticis
435 2259 536 2324 habet
559 2260 701 2343 probari,
722 2269 839 2324 notum
863 2270 934 2338 est;
963 2261 1040 2324 ideo
1060 2261 1170 2324 solum
1194 2259 1361 2325 moraliter
1383 2261 1436 2324 hic
1449 2244 1605 2359 ffljnffd

286 2365 490 2444 tangendum
517 2375 577 2428 est.
623 2363 823 2428 Aristoteles
853 2365 989 2447 quidem
1020 2365 1053 2427 in
1084 2364 1169 2452 libro
1192 2364 1235 2428 de
1258 2364 1435 2449 Regimine
1449 2377 1569 2453 queres-

288 2467 479 2551 Regnorum
496 2489 652 2550 expresse
668 2469 761 2552 ponit
776 2479 809 2531 et
825 2471 976 2533 nominat
993 2468 1105 2533 Adam
1121 2479 1156 2533 et
1172 2469 1298 2547 Enoch
1310 2478 1344 2533 et
1360 2471 1436 2532 ideo
1448 2451 1515 2503 rme

285 2573 429 2654 primum
459 2571 626 2637 hominem
649 2582 683 2636 et
705 2573 903 2656 principium
926 2572 1041 2636 mundi
1063 2572 1238 2637 intellexit.
1286 2571 1437 2655 Quodsi

286 2675 483 2758 principium
499 2676 625 2754 habuit,
642 2696 775 2740 necesse
795 2687 845 2740 est
867 2687 1014 2740 creatum
1031 2676 1138 2755 luisse,
1154 2688 1192 2741 ut
1214 2677 1365 2759 superius
1386 2686 1437 2740 est

285 2781 450 2844 edoctum.
500 2781 546 2845 Et
576 2781 783 2846 Albumazar
812 2781 845 2845 in
876 2781 960 2844 libro
992 2765 1273 2864 Conjunctionum
1302 2781 1436 2864 egregie

286 2887 430 2950 serviens
451 2886 567 2950 morali
583 2885 814 2970 philosophiae
835 2887 930 2968 ponit
949 2885 1094 2969 primum
1116 2883 1294 2960 hominem,
1309 2885 1436 2950 scilicet

286 2989 410 3068 Adam,
431 2999 464 3052 et
487 2993 585 3054 docet
611 2998 775 3072 quantum
802 2988 864 3052 suit
888 2990 932 3053 ab
953 3011 994 3053 eo
1018 3009 1122 3071 usque
1144 2989 1187 3053 ad
1208 2990 1378 3065 diluvium,
1401 3001 1436 3054 et

286 3105 448 3176 quantum
464 3115 485 3159 a
505 3095 630 3158 diluvio
649 3115 753 3177 usque
772 3095 815 3157 ad
838 3093 1015 3172 Christum,
1030 3105 1065 3156 ct
1084 3103 1245 3177 quantum
1261 3114 1282 3156 a
1299 3093 1435 3159 Christo

286 3217 389 3281 usque
412 3199 455 3261 ad
481 3198 743 3276 Machometum,
763 3208 797 3262 et
818 3208 981 3281 quantum
1003 3196 1047 3261 ab
1071 3218 1112 3260 eo
1133 3218 1237 3279 usque
1258 3199 1302 3262 ad
1326 3197 1435 3282 legem

285 3302 426 3368 foedam.
473 3303 518 3366 Et
530 3300 704 3366 Avicenna
718 3303 751 3366 in
770 3303 956 3367 Moralibus
964 3302 1101 3366 omnino
1110 3303 1206 3385 ponit
1221 3303 1434 3366 creationem.

286 3407 332 3470 Et
354 3407 492 3470 Ethicus
508 3406 726 3489 philosophus
749 3407 839 3484 dicit,
859 3406 1005 3470 Primum
1027 3406 1177 3471 omnium
1202 3406 1295 3470 Deus
1317 3426 1434 3472 omnes

286 3522 451 3574 creaturas
466 3509 662 3590 aedificavit,
677 3519 712 3572 et
732 3531 865 3573 summo
881 3529 981 3593 opere
996 3530 1097 3573 unam
1114 3506 1262 3574 molem⁴
1277 3510 1433 3590 instituit,

285 3625 386 3698 atque
403 3636 442 3679 ea
457 3635 544 3697 quae
558 3635 603 3678 ex
619 3614 723 3678 nihilo
738 3613 816 3677 lecit
833 3613 1059 3698 multipliciter
1074 3613 1235 3677 dilatavit.
1281 3613 1327 3678 Et
1343 3613 1435 3676 Tris-

286 3721 445 3802 megistus
466 3720 499 3782 in
516 3719 602 3784 libro
617 3720 660 3783 de
675 3719 860 3783 Divinitate
875 3718 920 3783 ad
935 3717 1131 3800 Asclepium
1147 3718 1203 3795 ait,
1221 3717 1260 3780 ln
1277 3715 1435 3782 Creatore

285 3833 361 3888 sunt
383 3823 495 3888 omnia
513 3833 692 3906 antequam
717 3832 858 3886 creasset
879 3842 941 3898 ea3
963 3832 1000 3885 ut
1019 3823 1197 3887 concordat
1218 3842 1293 3885 cum
1309 3822 1436 3903 Joanne

287 3927 499 4010 Evangelista
514 3929 571 4011 qui
587 3928 676 4002 dicit,
692 3925 793 4008 Quod
809 3925 933 3990 lactum
954 3937 1005 3990 est
1021 3927 1054 3989 in
1071 3927 1144 4008 ipso
1159 3926 1228 3989 vita
1243 3936 1336 4003 erat;
1357 3944 1434 3988 cum

283 4042 396 4096 tamen
413 4033 465 4095 hic
480 4031 716 4115 Trismegistus
738 4029 799 4094 suit
819 4031 949 4095 circiter
965 4041 1098 4113 tempus
1118 4029 1231 4111 Moysi
1247 4038 1280 4091 et
1303 4029 1435 4111 josuae,

285 4147 321 4201 ut
337 4137 478 4200 habetur
492 4137 536 4201 ab
552 4137 744 4222 Augustino
761 4135 847 4200 libro
862 4136 905 4200 de
922 4135 1065 4201 Ciuitate
1081 4135 1156 4198 Dei.

329 4239 426 4306 Circa
466 4263 546 4306 vero
590 4243 697 4326 primo
736 4251 857 4317 creata,
897 4240 1062 4304 invenitur
1104 4235 1300 4324 principium
1336 4235 1436 4319 hujus

283 4347 456 4409 scientiae:
478 4345 669 4428 hujusmodi
684 4355 796 4409 autem
812 4354 891 4408 sunt
906 4344 1030 4428 Angeli
1046 4344 1124 4408 boni
1140 4353 1174 4407 et
1190 4339 1278 4405 mali.
1323 4340 1435 4406 Primo
1449 4364 1480 4399 on
1493 4348 1595 4413 Angels.

283 4449 383 4532 igitur
410 4470 469 4533 per
493 4459 603 4513 motus
626 4469 800 4533 corporum
826 4449 952 4526 mundi,
978 4468 1062 4532 quos
1087 4448 1282 4510 invenerunt
1308 4445 1436 4508 circiter

315 4602 324 4631 ¹
342 4603 515 4652 determinare
528 4604 588 4666 (pro
599 4603 752 4665 verificare),
767 4604 801 4654 hl.
1023 4602 1034 4632 ⁸
1048 4609 1169 4663 venturo,
1182 4600 1219 4650 M.

314 4681 325 4711 ⁸
342 4682 399 4733 Vol.
411 4683 426 4734 i.
440 4699 464 4746 p.
479 4697 538 4746 190:
556 4684 611 4732 also
624 4683 696 4746 Opus
711 4683 829 4744 Tertium,
842 4698 897 4745 cap.
911 4697 951 4742 41.
1190 4679 1201 4708 ⁶
1217 4679 1321 4738 molam,
1333 4675 1371 4730 li.
