3542 5359
394 1448 541 1495 Facts
549 1446 702 1495 about

391 1511 475 1561 the
499 1527 649 1561 moon

731 619 848 680 104
1185 601 1496 660 OPERIS
1546 598 1924 670 MAJORJS
1971 597 2202 656 PARS
2253 596 2593 669 QUINTA.

725 766 916 850 quasi
961 785 1146 843 unuS,
1179 775 1247 828 et
1276 765 1535 828 videtur
1561 764 1742 846 quod
1788 762 1896 827 ille
1928 763 2015 827 sit
2051 761 2240 845 quasi
2283 760 2538 824 mixtus
2574 779 2663 822 ex
2702 757 3024 822 omnibus

729 871 821 934 Et
873 871 959 934 de
1019 869 1121 932 his
1175 878 1327 932 sunt
1379 867 1693 951 exempla
1748 866 2019 943 infinita,
2067 876 2137 929 et
2196 867 2411 949 posita
2471 873 2624 927 sunt
2685 863 2907 944 aliqua
2959 861 3024 922 in

727 971 1117 1058 principio¹,
1149 984 1216 1037 et
1249 974 1316 1036 in
1349 973 1619 1037 diversis
1652 971 1814 1035 locis
1841 993 1857 1050 ;
1903 981 1970 1034 et
2001 971 2154 1034 ideo
2185 979 2587 1052 pertranseo,

1587 1166 2041 1232 CAPITULUM
2092 1166 2182 1229 11.
2228 1247 2234 1256 ι

1343 1305 1450 1368 De
1487 1304 1867 1385 cognitione
1900 1324 2015 1386 per
2046 1305 2410 1368 scientiam.

819 1444 1012 1528 Quae
1057 1465 1214 1507 vero
1256 1442 1903 1524 comprehenduntur
1946 1465 2064 1526 per
2100 1445 2443 1508 scientiam
2465 1442 2506 1520 ²,
2546 1451 2702 1507 sunt
2748 1461 2862 1523 per
2898 1439 3030 1501 dis-

392 1578 549 1626 learnt
571 1579 638 1642 by
730 1551 1117 1615 tinctionem
1181 1547 1645 1611 universalium
1706 1550 1793 1611 ad
1857 1548 2136 1610 invicem
2197 1550 2301 1612 vel
2372 1547 2862 1632 particularium
2926 1541 3030 1604 vel

393 1643 623 1721 repented

395 1723 703 1773 experienee.

404 2921 649 2984 Explana-

404 2989 511 3036 tion
535 2986 593 3034 of

406 3052 540 3100 ‘hese
575 3051 716 3100 facts.

733 1652 1198 1718 universalium
1246 1674 1286 1716 a
1328 1651 1727 1734 particulari,
1759 1661 1833 1715 ut
1878 1653 2131 1716 dictum
2164 1662 2303 1717 est:
2365 1654 2542 1715 unde
2573 1650 2924 1715 diversitas
2965 1656 3032 1708 et

732 1758 1071 1822 distinctio
1129 1777 1344 1820 rerum
1397 1757 1752 1819 visibilium
1814 1759 2266 1822 consideratur
2324 1759 2388 1821 in
2446 1757 2570 1820 hac
2634 1752 3035 1835 cognitione,

733 1873 801 1927 et
847 1862 1007 1925 haec
1053 1862 1342 1945 cognitio
1387 1861 1602 1943 primo
1656 1870 1722 1924 et
1779 1882 1895 1943 per
1941 1884 2013 1926 se
2057 1863 2426 1927 attenditur
2478 1861 2651 1925 circa
2698 1860 2912 1921 lucem
2969 1864 3036 1917 et

735 1968 1045 2040 colorem,
1107 1967 1422 2048 quoniam
1485 1975 1639 2029 sunt
1700 1966 1997 2031 maxime
2056 1968 2405 2032 sensibilia.
2528 1965 2815 2047 Quando
2877 1978 3037 2042 ergo

736 2072 889 2135 luna
920 2082 1023 2135 est
1054 2081 1243 2134 extra
1282 2071 1584 2134 umbram
1625 2080 1858 2149 terrae,
1889 2072 2091 2135 habet
2133 2071 2357 2134 lumen
2400 2071 2649 2135 clarum
2691 2079 2757 2132 et
2789 2065 3035 2136 album,

735 2175 1006 2258 quando
1054 2184 1153 2238 est
1201 2175 1264 2237 in
1309 2175 1626 2257 superiori
1672 2185 1862 2257 parte
1908 2177 2181 2240 umbrae
2226 2175 2430 2238 habet
2473 2174 2695 2237 lumen
2746 2172 3040 2243 rubeum,

737 2280 1007 2362 quando
1036 2299 1190 2342 vero
1236 2290 1339 2343 est
1381 2278 1445 2340 in
1483 2279 1762 2342 inferiori
1797 2291 1983 2362 parte
2020 2301 2151 2344 non
2194 2280 2455 2343 videtur
2485 2277 2726 2350 lumen,
2767 2273 3037 2358 quando

738 2385 938 2447 etiam
993 2382 1118 2446 soli
1167 2382 1596 2463 conjungitur
1645 2385 1709 2446 in
1767 2385 2105 2449 novilunio
2161 2405 2289 2448 non
2352 2391 2629 2466 apparet
2681 2381 2742 2444 ei
2796 2379 3039 2441 lumen.

743 2487 835 2550 Et
889 2487 1038 2550 ideo
1085 2487 1263 2549 visus
1325 2487 1597 2569 percipit
1659 2488 1830 2552 hanc
1890 2489 2379 2553 diversitatem:
2456 2488 2572 2550 sed
2628 2505 2756 2548 non
2819 2489 3038 2564 potest

738 2592 919 2655 solus
968 2611 1198 2655 sensus
1242 2591 1370 2654 hoc
1413 2590 1794 2671 certificare,
1836 2595 1953 2656 sed
2005 2604 2358 2677 postquam
2415 2592 2658 2675 pluries
2712 2589 2877 2651 vidit
2921 2586 3040 2649 has

739 2696 1157 2760 diversitates
1203 2706 1270 2759 et
1315 2696 1593 2778 aspiciat
1635 2698 1878 2773 lunam,
1911 2709 2132 2781 potest
2175 2716 2570 2780 cognoscere
2610 2695 2789 2776 quod
2824 2692 2888 2755 in
2922 2689 3039 2754 tali

741 2811 1042 2884 tempore
1072 2801 1174 2865 vel
1208 2802 1273 2864 in
1307 2801 1424 2866 tali
1456 2803 1549 2865 sic
1580 2803 1682 2865 vel
1729 2804 1823 2866 sic
1853 2814 2153 2885 apparet,
2185 2814 2253 2867 et
2293 2804 2358 2865 in
2404 2801 2548 2865 aliis
2591 2820 2723 2863 non
2768 2798 3043 2862 videtur.

745 2904 966 2969 Causa
1010 2927 1169 2970 vero
1217 2906 1412 2989 hujus
1466 2907 1556 2971 rei
1605 2906 1889 2983 difficilis
1938 2919 2079 2987 est;
2132 2919 2388 2971 certum
2434 2916 2656 2970 tamen
2713 2912 2814 2966 est
2862 2901 3042 2983 quod

745 3009 969 3073 lumen
1031 3010 1227 3074 lunae
1286 3022 1595 3076 causatur
1653 3035 1694 3077 a
1755 3012 1913 3087 sole,
1964 3011 2133 3076 sicut
2198 3012 2492 3075 omnium
2554 3008 2913 3082 stellarum,
2973 3012 3046 3066 ut

743 3115 1040 3196 superius
1070 3115 1320 3177 dictum
1355 3126 1476 3180 est.
1556 3115 1692 3180 Sed
1718 3127 1790 3179 ut
1821 3117 1981 3180 dicit
2010 3117 2431 3180 Ptolemaeus
2463 3115 2528 3177 in
2560 3113 2729 3176 libro
2757 3109 3047 3174 secundo

746 3218 1163 3301 Opticorum,
1192 3220 1462 3299 quando
1496 3219 1922 3301 conjungitur
1954 3221 2078 3285 soli
2098 3219 2125 3258 ³
2154 3232 2316 3286 tunc
2360 3220 2516 3282 illud
2556 3218 2736 3300 quod
2768 3211 3047 3295 impedit

745 3321 973 3384 lunam
1022 3321 1371 3386 illuminari
1402 3345 1628 3388 versus
1671 3345 1795 3388 nos
1840 3335 1943 3388 est
1994 3327 2436 3409 propinquum
2482 3324 2691 3394 lunae,
2729 3318 3045 3402 quoniam

747 3436 850 3489 est
879 3425 1013 3489 fere
1044 3427 1365 3490 medietas
1403 3428 1696 3509 corporis
1730 3429 1975 3493 lunaris
2006 3429 2201 3493 nobis
2233 3428 2518 3509 objecta,
2549 3427 2706 3508 quia
2736 3423 2865 3488 alia
2897 3442 3049 3504 pars

749 3529 1172 3594 illuminatur.
1267 3531 1359 3595 Et
1403 3531 1554 3596 ideo
1597 3533 1761 3596 radii
1808 3533 2056 3597 solares
2091 3554 2223 3597 non
2271 3540 2552 3615 possunt
2595 3530 2918 3610 attingere
2962 3526 3047 3589 ad

747 3643 1003 3714 partem
1037 3654 1262 3697 versus
1296 3655 1454 3711 nos3
1504 3657 1716 3720 neque
1745 3637 2141 3721 principales
2160 3636 2205 3716 ⁴,
2238 3647 2312 3700 ut
2344 3645 2569 3719 patet;
2615 3634 2731 3698 sed
2765 3631 3047 3694 multum

813 3767 829 3794 ¹
868 3769 971 3818 See
1069 3806 1080 3818 .
1239 3773 1288 3820 6.

813 3846 833 3873 ¹
866 3848 979 3896 The
994 3784 1346 3898 graffiis-luere
1362 3853 1490 3900 used
1506 3854 1557 3901 in
1575 3852 1664 3901 the
1679 3868 1836 3901 sense
1854 3852 2131 3900 attributed
2147 3859 2201 3901 to
2220 3851 2275 3909 it,
2289 3849 2676 3912 provisionally,
2689 3865 2756 3897 on
2774 3865 2859 3912 pp.
2872 3850 3051 3912 79-80,

751 3927 811 3975 os
825 3927 1071 3974 memoria
1085 3927 1298 3977 visionis
1313 3931 1454 3991 prius
1472 3930 1653 3979 sactae.
1691 3930 1803 3978 The
1819 3929 2129 3990 knowledge
2144 3936 2199 3977 to
2214 3929 2279 3976 be
2294 3928 2599 3977 considered
2618 3927 2783 3976 under
2797 3927 2899 3976 this
2919 3927 3051 3975 head

752 4006 796 4054 is
819 4006 931 4054 that
956 4006 1128 4054 which
1153 4008 1343 4056 results
1368 4008 1499 4056 srorn
1523 4010 1800 4058 reiterated
1825 4010 2164 4071 experience:
2202 4022 2271 4056 no
2289 4007 2477 4068 faculty
2496 4007 2652 4066 being
2675 4006 2877 4054 needed
2902 4006 3057 4054 other

750 4085 873 4133 than
896 4085 986 4131 the
1010 4100 1191 4145 power
1212 4093 1267 4135 to
1292 4088 1637 4136 discriminate
1660 4088 1901 4135 between
1927 4103 2029 4135 one
2054 4087 2310 4135 universal
2332 4086 2435 4134 and
2458 4085 2694 4143 another,
2717 4099 2781 4132 or
2808 4099 2911 4131 one
2939 4098 3054 4145 par-

751 4164 935 4212 ticular
955 4163 1057 4211 and
1081 4166 1315 4227 another,
1334 4181 1395 4213 or
1408 4167 1576 4228 again,
1599 4167 1841 4214 between
1858 4181 1889 4213 a
1904 4165 2180 4227 particular
2196 4166 2298 4213 and
2316 4180 2347 4212 a
2364 4164 2639 4212 universal.
2691 4162 2800 4209 The
2823 4162 3055 4210 instance

754 4243 880 4290 here
903 4242 1055 4303 given
1079 4243 1278 4304 applies
1302 4243 1363 4292 of
1379 4259 1564 4292 course
1589 4244 1714 4304 only
1736 4251 1793 4292 to
1817 4244 1906 4292 the
1928 4242 2058 4292 facts
2082 4243 2354 4292 discerned
2375 4259 2387 4298 ;
2422 4248 2514 4290 not
2538 4249 2592 4291 to
2615 4242 2705 4291 the
2728 4240 3054 4301 disquisition

753 4337 810 4370 as
835 4329 889 4369 to
913 4322 1047 4369 their
1069 4336 1254 4382 cause3
1288 4323 1476 4384 which,
1501 4324 1749 4371 however
1771 4323 2099 4384 interesting,
2129 4323 2172 4370 is
2195 4338 2226 4370 a
2250 4321 2557 4382 digression.

819 4399 838 4427 ⁸
875 4399 1006 4448 Ptol.
1037 4399 1191 4461 Optxc.
1217 4417 1264 4462 p.
1289 4416 1371 4462 39.

818 4475 837 4504 ⁴
874 4476 1058 4537 Neque
1105 4478 1430 4540 principales,
1480 4479 1667 4528 should
1711 4479 1777 4527 be
1822 4479 2066 4528 followed
2111 4479 2181 4541 by
2217 4494 2388 4540 neque
2425 4477 2782 4537 accidentales,
2832 4476 2921 4525 but
2967 4477 3057 4525 the

754 4561 1008 4603 structure
1039 4554 1099 4602 os
1126 4555 1217 4604 the
1248 4564 1499 4605 sentence
1524 4572 1634 4606 was
1656 4558 1869 4615 altered,
1895 4558 1947 4604 in
1984 4559 2072 4605 the
2106 4559 2267 4617 hurry
2287 4555 2349 4604 os
2375 4557 2735 4617 composition,
2758 4571 2818 4603 as
2842 4555 2887 4603 is
2912 4554 3055 4603 osten

755 4633 845 4683 the
869 4648 987 4682 case
1022 4634 1152 4682 with
1177 4634 1372 4683 Bacon.
1437 4634 1550 4684 The
1584 4635 1920 4697 explanation
1945 4636 2071 4698 why
2104 4635 2193 4684 the
2229 4634 2386 4683 Moon
2424 4634 2470 4683 is
2503 4634 2817 4696 completely
2860 4633 3057 4681 hidden
