3542 5359
369 597 427 662 142
586 583 742 642 OPERIS
766 584 957 654 MAJORIS
982 586 1097 645 PARS
1122 586 1293 660 QUINTA.

366 749 472 812 cauda
491 745 632 830 pavonis
652 757 686 810 et
707 747 794 812 collo
810 748 993 826 columbae,
1008 748 1083 814 licet
1102 748 1202 832 aliqui
1223 759 1356 833 negant,
1372 751 1519 816 maxime

365 853 409 916 de
424 851 510 916 collo
526 851 717 928 columbae3
736 851 842 934 figura
853 853 940 917 enim
954 853 1174 918 determinata
1188 853 1351 918 coloribus
1363 856 1396 918 in
1412 858 1519 920 cauda

366 955 505 1038 pavonis
537 955 713 1020 manifesto
751 957 900 1021 continet
936 957 1081 1021 colorem
1121 967 1257 1032 certum,
1290 961 1350 1024 sed
1383 971 1520 1044 propter

317 1130 322 1138 ,
366 1058 552 1142 plumanun
580 1060 776 1124 tenuitatem
800 1060 833 1124 in
859 1062 945 1125 collo
976 1060 1160 1140 columbae,
1189 1062 1267 1145 quia
1295 1083 1362 1126 non
1394 1063 1519 1130 habent

365 1163 624 1246 spissitudinem,
641 1173 675 1228 et
697 1174 872 1247 propterea
889 1184 1046 1248 magnam
1067 1166 1282 1246 vicinitatem,
1297 1187 1363 1232 nou
1381 1169 1516 1252 percipi-

365 1289 438 1331 mus
462 1268 510 1332 sic
532 1268 660 1333 colores
674 1287 769 1332 veros
792 1269 940 1351 quisunt
956 1272 988 1332 in
1005 1270 1058 1334 eis.
1105 1270 1182 1333 Non
1197 1280 1311 1334 tamen
1328 1291 1423 1356 nego,
1438 1273 1518 1354 quin

364 1391 424 1456 per
445 1373 612 1436 diversum
636 1393 749 1437 casum
776 1373 857 1438 lucis
885 1376 928 1438 ad
959 1375 1104 1438 diversos
1130 1373 1270 1457 angulos
1298 1395 1386 1440 nunc
1413 1377 1518 1441 mani·

364 1478 523 1542 lestentur
554 1479 658 1562 magis
684 1477 811 1543 colores
836 1478 892 1553 illi,
922 1499 1009 1544 nunc
1042 1481 1149 1563 magis
1182 1481 1397 1557 occultentur,
1429 1501 1518 1544 nunc

364 1580 584 1646 clarificentur
605 1591 639 1646 et
659 1581 872 1657 vivificentur,
890 1603 976 1647 nunc
998 1585 1215 1649 obscurentur
1235 1593 1270 1648 et
1292 1584 1518 1650 debilitentur.

366 1685 413 1749 Et
427 1687 472 1750 sic
488 1697 538 1750 est
555 1687 588 1749 in
605 1697 700 1768 parte
714 1688 757 1750 de
772 1686 937 1752 coloribus
952 1686 1061 1752 iridis:
1085 1707 1161 1752 nam
1178 1689 1211 1750 in
1232 1688 1278 1752 rei
1293 1689 1434 1754 veritate
1451 1709 1516 1753 non

364 1800 441 1854 sunt
458 1791 518 1853 nisi
535 1792 715 1855 secundum
734 1793 965 1876 apparentiam
985 1802 1147 1875 quantum
1166 1792 1245 1857 facit
1260 1813 1355 1857 casus
1372 1793 1452 1857 lucis
1472 1795 1515 1857 ad

363 1895 502 1977 angulos
520 1881 763 1960 determinatos.
810 1896 856 1960 Et
871 1899 1042 1980 generatio
1061 1897 1133 1979 ejus
1153 1907 1205 1961 est
1223 1917 1283 1980 per
1301 1896 1514 1963 reflexionem

363 2020 429 2062 non
452 2021 511 2082 per
537 2001 750 2080 fractionem
776 2002 931 2085 quoniam
962 2003 1108 2066 variatur
1140 2003 1320 2068 secundum
1344 2014 1515 2086 aspectum

361 2104 514 2183 videntis,
530 2113 566 2168 ut
582 2105 731 2172 Scientia
747 2105 1031 2190 Experimentalis
1051 2107 1195 2171 docebit.

193 2217 312 2268 lllusions
407 2209 501 2273 Ebrii
517 2231 594 2275 vero
610 2219 643 2274 et
658 2210 778 2274 infirmi
799 2212 982 2278 secundum
1000 2208 1217 2276 Aristotelem
1234 2211 1332 2276 tertio
1348 2212 1514 2277 Meteoro·

191 2283 322 2400 {¹de
364 2313 546 2396 logicorum
558 2312 577 2390 ¹,
593 2325 626 2379 et
645 2317 825 2380 seeundum
843 2316 1003 2380 Senecam
1024 2317 1108 2380 libro
1123 2317 1166 2380 de
1182 2315 1270 2379 Iride
1285 2315 1400 2380 vident
1416 2337 1461 2395 se,
1480 2327 1514 2380 et

191 2416 266 2479 sight.
361 2419 494 2483 videtur
516 2418 563 2482 eis
589 2420 679 2501 quod
707 2420 820 2484 vident
844 2441 880 2484 se
904 2421 995 2503 ipsos
1021 2420 1191 2484 ambulare
1215 2429 1293 2484 ante
1319 2441 1363 2483 se.
1410 2419 1513 2503 Cujus

362 2543 495 2586 causam
513 2521 641 2587 Seneca
655 2524 801 2606 assignat
813 2523 836 2602 2,
852 2524 966 2588 dicens
981 2527 1072 2607 quod
1084 2525 1210 2607 species
1222 2525 1265 2588 ab
1275 2523 1323 2589 eis
1334 2523 1512 2602 venientes,

360 2627 395 2691 id
425 2635 484 2702 est,
514 2627 604 2690 visus
634 2648 747 2690 eorum
771 2638 848 2692 sunt
874 2629 1011 2705 debiles,
1034 2639 1068 2692 et
1092 2631 1168 2693 ideo
1198 2649 1255 2692 aer
1285 2629 1360 2692 licet
1392 2649 1511 2710 parum

360 2732 485 2814 spissus
506 2742 616 2815 potest
638 2735 787 2798 resistere
807 2734 927 2816 speciei
946 2744 980 2800 et
1000 2733 1167 2799 reflectere
1190 2736 1223 2798 in
1245 2734 1362 2810 visum,
1378 2743 1412 2798 et
1436 2735 1511 2799 ideo

360 2858 470 2902 coram
495 2857 530 2900 se
555 2837 636 2920 ipsis
659 2837 696 2902 fit
719 2838 846 2920 species
874 2839 908 2902 in
931 2859 1008 2902 aere
1030 2849 1063 2903 et
1087 2839 1172 2903 redit
1196 2838 1239 2901 ad
1266 2837 1388 2916 oculos,
1410 2846 1445 2902 et
1467 2838 1510 2903 ad

359 2951 467 3006 totum
484 2962 612 3024 corpus.
651 2941 751 3006 Unde
773 2941 888 3005 vident
905 2942 1043 3007 sesicut
1060 2943 1212 3007 viderent
1227 2941 1261 3006 in
1280 2940 1424 3025 speculo.
1466 2943 1511 3006 Et

358 3045 412 3108 hic
434 3045 540 3109 solum
562 3045 599 3108 fit
618 3046 703 3109 visio
724 3067 783 3130 per
799 3046 944 3128 speciem
966 3045 1062 3121 oculi,
1078 3056 1112 3110 et
1132 3066 1198 3111 uon
1220 3066 1280 3129 per
1298 3045 1440 3129 speciem
1465 3044 1510 3108 rei

358 3151 456 3227 visae,
478 3151 539 3213 nisi
564 3149 641 3231 quia
664 3149 778 3214 oculus
801 3169 878 3214 cum
901 3158 976 3214 toto
1001 3150 1138 3214 homine
1161 3150 1301 3226 videtur,
1325 3161 1359 3215 et
1384 3150 1510 3233 species

358 3253 445 3317 oculi
461 3252 640 3317 reflectitur
654 3253 697 3316 ad
712 3273 827 3317 omnes
843 3263 954 3336 partes
968 3253 1147 3318 anteriores
1162 3254 1318 3338 corporis,
1332 3265 1366 3318 et
1380 3255 1511 3318 videtur

358 3357 460 3422 homo
490 3365 567 3421 ante
597 3379 641 3432 se,
671 3357 750 3440 quia
779 3357 872 3422 locus
902 3358 1056 3443 imaginis
1087 3369 1138 3423 est
1168 3370 1247 3423 ante
1276 3357 1445 3422 hominem
1476 3359 1509 3421 in

358 3481 517 3526 concursu
547 3461 631 3525 radii
660 3461 796 3526 visualis
827 3483 901 3526 cum
933 3464 1078 3528 catheto.
1123 3461 1223 3546 Quod
1254 3470 1366 3525 autem
1400 3461 1508 3526 solum

357 3565 415 3631 flat
430 3567 512 3630 haec
529 3565 612 3630 visio
628 3587 686 3650 per
704 3567 847 3648 speciem
870 3566 958 3630 oculi
974 3566 1188 3630 manifestum
1210 3575 1269 3645 est,
1284 3566 1361 3649 quia
1382 3567 1509 3650 species

357 3669 496 3734 aliarum
509 3671 652 3750 partium
665 3671 811 3754 corporis
824 3681 858 3734 et
871 3691 1054 3752 pannorum
1071 3681 1149 3735 sunt
1160 3671 1269 3748 sortes,
1284 3681 1321 3734 ut
1336 3680 1510 3753 penetrent

357 3795 466 3837 aerem
489 3775 544 3857 qui
565 3774 709 3856 speciem
727 3775 814 3838 oculi
830 3774 975 3838 debilem
992 3774 1140 3840 reflectit.
1187 3775 1232 3837 Et
1247 3795 1307 3856 per
1321 3775 1386 3838 hoc
1402 3775 1508 3838 mani-

355 3878 476 3943 festum
492 3887 543 3941 est
557 3880 646 3960 quod
659 3878 748 3942 visus
762 3878 841 3942 lacit
862 3879 1006 3960 speciem
1022 3900 1116 3943 suam
1132 3899 1153 3943 a
1168 3900 1212 3943 se.
1260 3877 1305 3942 Et
1325 3878 1407 3942 haec
1427 3879 1509 3942 visio

356 3982 475 4046 debilis
493 3993 545 4047 est
567 3983 645 4065 quia
662 4004 722 4067 per
742 3982 846 4046 solam
868 3984 1011 4066 speciem
1032 3983 1118 4047 oculi
1140 3981 1197 4060 fit3
1220 3991 1254 4046 et
1273 3983 1401 4064 species
1418 3984 1509 4046 visus

356 4086 463 4171 magis
485 4097 519 4152 et
546 4087 642 4150 citius
666 4086 858 4151 debilitatur
880 4108 982 4170 quam
1006 4087 1140 4152 alterius
1170 4086 1274 4168 partis
1304 4086 1400 4165 oculi,
1431 4086 1509 4168 quia

355 4192 470 4255 oculus
486 4191 669 4255 tenuiorem
686 4202 719 4256 et
735 4191 986 4256 imbecilliorem
1002 4190 1102 4255 habet
1117 4191 1346 4255 substantiam.

389 4336 396 4364 ¹
414 4336 470 4385 Lib.
483 4335 518 4386 iii.
530 4351 584 4399 cap
599 4353 622 4398 4.

387 4413 397 4443 ²
415 4414 525 4476 Seneca,
537 4414 674 4464 Naturales
690 4415 858 4477 Qumstrbnes,
875 4416 891 4466 i.
908 4431 931 4477 3,
949 4412 1057 4477 quoting
1073 4414 1139 4462 from
1150 4411 1289 4463 Aristode:
1313 4410 1440 4473 ‘Quidam
1458 4411 1508 4460 hoc

353 4509 450 4555 genere
461 4494 609 4542 valitudinis
620 4493 744 4555 laborant,
758 4501 785 4542 ut
797 4495 846 4556 ipsi
860 4494 908 4542 sibi
919 4495 1056 4542 videantur
1067 4507 1211 4551 occurrere,
1223 4498 1252 4539 ut
1262 4491 1358 4553 ubique
1371 4489 1507 4552 imaginem

352 4586 424 4620 suam
443 4578 558 4620 cernant.
591 4571 695 4632 Quarel
714 4573 774 4634 quia
789 4573 891 4621 infirma
904 4572 945 4620 vis
963 4571 1096 4621 oculorum
1115 4585 1167 4619 uon
1184 4577 1272 4633 potest
1289 4582 1456 4633 perrumpere
1473 4581 1507 4616 ue

352 4649 402 4699 sibi
413 4651 516 4712 quidem
529 4650 672 4712 proximum
684 4667 751 4710 aera,
763 4651 809 4700 sed
821 4647 935 4700 resistit!
