3542 5359
196 3133 276 3181 Other

199 3197 289 3247 results

195 3263 225 3310 ol
229 3278 306 3326 anger
315 3280 321 3314 :

196 3327 285 3378 hatred

196 3395 224 3443 oi
229 3393 285 3452 seli,
297 3394 326 3444 oi

198 3475 265 3519 men,
277 3459 307 3508 oi

198 3524 265 3575 God,

368 603 429 666 288
582 609 739 669 OPERIS
762 610 950 679 MAJORIS
976 610 1090 669 PARS
1115 607 1314 669 SEPTIMA.

370 789 427 834 cor
441 775 659 843 adolescentis
675 777 756 862 figit.
788 779 834 842 Et
851 779 957 856 insert,
973 779 1070 842 ‘Non
1085 777 1203 841 dubito
1219 777 1299 859 quin
1316 767 1518 857 Harpagus¹

368 879 436 962 regi
461 880 632 946 Persarum
655 884 777 967 aliquid
804 884 870 947 tale
900 882 1048 960 suaserit,
1071 902 1139 964 quo
1161 879 1308 946 offensus
1331 879 1376 943 illi
1400 878 1521 943 liberos

369 983 553 1066 epulandos
583 986 757 1070 apposuit.'
802 987 869 1051 ‘Et
893 988 1014 1052 Darius
1036 987 1091 1069 qui
1115 986 1241 1071 primus
1264 994 1340 1066 post
1372 983 1520 1048 ablatum

371 1086 476 1172 Mago
499 1090 674 1172 imperium
699 1092 814 1156 Persas
834 1091 987 1168 obtinuit,
1011 1098 1148 1173 rogatus*
1169 1089 1213 1152 ab
1236 1087 1396 1153 Oeobazo
1417 1086 1519 1151 nobili

369 1211 447 1254 sene
469 1202 505 1257 ut
528 1215 572 1258 ex
595 1195 700 1259 tribus
719 1196 829 1260 liberis
852 1216 954 1260 unum
974 1195 1061 1279 patri
1085 1196 1118 1257 in
1141 1193 1297 1258 solatium
1322 1193 1520 1274 relinqueret

368 1308 402 1363 et
421 1298 563 1361 duorum
580 1319 681 1382 opera
697 1308 852 1374 uteretur,
867 1319 983 1363 omnes
1001 1319 1037 1363 se
1060 1297 1106 1360 illi
1129 1297 1217 1360 dixit
1239 1297 1465 1373 remissurum,
1488 1305 1522 1359 et

368 1403 494 1467 occisos
517 1401 550 1465 in
573 1414 753 1484 conspectu
778 1403 924 1487 parentis
946 1399 1091 1484 abjecit!
1131 1401 1176 1465 Et
1199 1399 1295 1463 iniert
1317 1399 1437 1462 ‘Dabo
1459 1399 1521 1462 tibi

369 1527 412 1569 ex
428 1507 501 1570 sinu
515 1506 708 1572 Aristotelis
722 1507 955 1571 Alexandrum
972 1527 1083 1591 regem
1099 1505 1155 1588 qui
1173 1504 1299 1568 Clitum
1315 1504 1521 1568 carissimum

369 1610 482 1674 sibiet
505 1632 571 1673 una
588 1611 765 1675 educatum
789 1612 874 1676 inter
894 1606 1016 1694 epulas*
1028 1608 1213 1687 transfodit,
1229 1619 1263 1673 et
1280 1607 1520 1688 Lysimachum

368 1734 473 1796 aeque
496 1713 689 1780 familiarem
713 1715 775 1778 sibi
799 1715 885 1780 leoni
902 1715 1033 1798 objecit,
1054 1723 1087 1778 et
1110 1713 1352 1796 Telesphorum
1375 1713 1520 1775 amicum

368 1838 464 1880 suum
480 1818 626 1900 undique
637 1821 846 1884 decurtatum
862 1840 940 1884 cum
957 1839 1052 1884 aures
1067 1818 1114 1882 illi
1126 1837 1310 1898 nasumque
1324 1816 1521 1880 abscidisset

369 1922 402 1982 in
439 1941 541 1985 cavea
571 1923 663 1988 velut
700 1943 822 1987 novum
860 1922 984 1987 animal
1022 1931 1056 1986 et
1093 1922 1286 1985 inusitatum
1317 1922 1375 1982 diu
1405 1917 1520 2002 pavit'

369 2024 524 2108 Cumque
553 2027 796 2107 perambulavit
827 2029 1000 2103 mundum,
1030 2025 1213 2090 Aristotele
1245 2033 1280 2089 et
1318 2023 1520 2088 Callisthene

368 2130 517 2207 ducibus,
539 2129 792 2195 Callisthenem²
814 2151 918 2194 unum
942 2151 960 2193 e
982 2132 1110 2214 magnis
1134 2129 1305 2205 interiecit,
1331 2138 1368 2193 ut
1393 2126 1520 2192 Seneca

367 2244 477 2297 narrat
500 2235 533 2297 in
557 2233 642 2298 libro
664 2235 884 2299 Naturalium.
934 2236 979 2299 Et
1001 2234 1217 2299 Aristotelem
1242 2235 1275 2296 in
1296 2241 1426 2296 tantum
1445 2251 1520 2314 pro·

367 2337 498 2400 vocavit
513 2339 603 2419 quod
615 2348 751 2402 coactus
767 2339 828 2402 suit
843 2361 879 2402 se
894 2349 928 2404 et
946 2341 1106 2402 mundum
1122 2338 1261 2402 liberare
1277 2357 1338 2418 per
1351 2355 1518 2400 venenum

367 2440 457 2520 quod
488 2441 519 2502 ei
550 2441 684 2504 miserat
714 2442 907 2520 bibendum,
938 2443 1022 2506 sicut
1052 2450 1164 2504 narrat
1195 2439 1317 2504 Plinius
1346 2437 1519 2521 trigesimo

369 2541 540 2606 Naturalis
558 2543 739 2609 Historiae.
777 2545 845 2609 Sed
860 2546 942 2610 haec
958 2566 1064 2628 pauca
1079 2545 1245 2608 sufficiunt
1261 2542 1427 2626 exempla,
1440 2543 1520 2624 quia

366 2655 445 2710 uota
461 2657 495 2710 et
510 2647 633 2729 scripta
648 2658 726 2713 sunt
741 2649 785 2713 de
800 2649 919 2731 quibus
932 2658 983 2713 est
998 2669 1116 2712 sermo.

779 2937 1007 3004 Cnmuunuu
1023 2939 1102 3003 VII.

412 3123 491 3188 Non
510 3127 618 3191 solum
633 3147 711 3191 vero
730 3127 898 3192 iracundia
918 3126 1059 3192 destruit
1080 3127 1251 3212 proprium
1275 3125 1464 3210 subjectum
1485 3131 1520 3192 et

368 3229 559 3308 proximum
593 3241 628 3295 et
650 3232 776 3295 amicos
799 3231 945 3312 amittit;
975 3232 1033 3295 sed
1057 3231 1189 3296 divitias
1221 3231 1371 3314 dissipat,
1394 3228 1519 3294 samam

370 3331 516 3414 negligit,
542 3333 703 3398 honorem
727 3337 919 3400 contemnit.
963 3334 1052 3398 Nam
1078 3356 1171 3399 amor
1194 3336 1361 3399 vindictae
1385 3341 1521 3417 superat

369 3454 504 3498 omnem
519 3435 619 3500 aliam
635 3436 844 3502 affectionem
856 3438 956 3502 animi
969 3448 1002 3504 et
1017 3459 1115 3503 omne
1131 3438 1220 3503 aliud
1232 3439 1350 3503 vitium
1363 3437 1520 3503 devincit.

369 3538 538 3621 Quoniam
561 3540 641 3605 dicit
664 3539 799 3618 Seneca,
823 3542 855 3605 in
882 3541 948 3604 fine
974 3543 1109 3606 secundi
1132 3543 1175 3606 de
1198 3544 1262 3618 Ira,
1284 3541 1521 3608 ‘Avaritiam³

367 3643 577 3706 durissimum
602 3643 726 3708 malurn
750 3645 952 3728 minimeque
980 3645 1126 3710 flexibile
1156 3647 1205 3711 ira
1227 3647 1378 3724 calcavit,
1400 3647 1521 3710 adacta

365 3766 448 3829 opes
480 3768 556 3810 suas
583 3767 747 3830 spargere,
779 3758 811 3811 et
849 3749 964 3812 domui
995 3752 1161 3832 rebusque
1191 3750 1224 3813 in
1255 3771 1359 3815 unum
1389 3747 1519 3814 collatis

365 3849 500 3931 indcere
522 3851 643 3933 ignem.
690 3851 836 3934 Quidam
858 3873 938 3916 vero
968 3853 1166 3918 ambitiosus
1196 3875 1320 3938 magno
1342 3855 1520 3918 aestimata

365 3953 505 4038 projecit
516 3955 667 4038 insignia,
679 3954 905 4038 honoremque
917 3956 1064 4020 delatum
1077 3956 1207 4040 repulit.
1246 3957 1366 4022 Nullus
1381 3957 1520 4022 affectus

367 4057 472 4121 estin
495 4078 595 4141 quem
621 4078 687 4122 non
710 4060 757 4123 ira
781 4055 991 4123 dominetur.’
1037 4059 1081 4125 Et
1107 4081 1172 4125 non
1199 4071 1332 4125 tantum
1359 4063 1463 4126 iratus
1484 4081 1520 4124 se

367 4161 474 4242 ipsum
496 4161 615 4244 perdit,
637 4182 697 4225 nec
720 4161 827 4225 solum
854 4164 1057 4244 proximum,
1081 4183 1142 4229 nec
1166 4166 1254 4229 bona
1277 4165 1439 4242 fortunae,
1460 4165 1520 4230 sed

367 4264 478 4326 Deum
508 4264 648 4329 offendit
677 4275 711 4328 et
741 4265 873 4329 amittit.
930 4266 1008 4328 Non
1038 4268 1172 4348 quidem
1202 4278 1335 4334 tantum
1365 4269 1442 4350 quia
1472 4270 1520 4334 ira

366 4375 539 4447 peccatum
555 4379 615 4448 est,
631 4369 686 4431 sed
701 4369 778 4448 quia
794 4366 981 4449 specialiter
1001 4369 1150 4434 iracundi
1170 4372 1203 4435 in
1228 4373 1338 4435 Deum
1363 4371 1519 4453 blasphe-

366 4479 468 4541 mant,
484 4480 522 4532 ut
536 4479 612 4532 sunt
623 4472 780 4555 exempla
795 4470 933 4544 infinita,
946 4482 979 4535 et
996 4470 1127 4536 suerunt
1143 4485 1177 4539 et
1190 4485 1295 4540 erunt.
1342 4475 1387 4538 Et
1402 4485 1520 4540 contra

398 4618 406 4646 ¹
423 4619 523 4679 Daelru,
538 4620 572 4668 iii.
587 4633 623 4682 15,
640 4623 678 4683 16,
694 4637 731 4683 ¹7·
847 4620 858 4650 ¹
873 4621 935 4670 Nat.
948 4621 1048 4684 Quaest.
1060 4623 1094 4674 vi.
1107 4639 1147 4686 ²3-
1262 4627 1272 4656 ³
1289 4627 1328 4675 De
1339 4626 1389 4688 Ira,
1405 4627 1431 4677 ii.
1444 4628 1487 4689 36.
