3542 5359
381 648 442 710 490
654 629 993 688 MULTIPLICATIO
1016 628 1274 688 SPECIERUM.

382 806 475 879 patet
490 795 606 859 ultima
624 794 802 873 conclusio,
817 794 908 876 quod
930 813 1045 857 omnes
1066 793 1148 856 radii
1167 793 1324 857 cadentes
1346 792 1379 855 in
1399 792 1541 857 circum-

382 900 555 965 ferentiam
570 899 797 982 cujuscunque
811 899 925 963 circuli
941 898 1113 980 imaginati
1130 897 1163 959 in
1184 898 1392 964 concavitate
1414 900 1542 981 speculi

383 1004 543 1088 sphaerici
558 1005 643 1068 circa
663 1023 763 1067 axem
786 1003 997 1067 reflectantur
1019 1004 1061 1065 ad
1086 1021 1186 1066 unum
1209 1012 1243 1066 et
1267 1003 1354 1065 idem
1377 1014 1541 1084 punctum
1588 1041 1591 1045 -

383 1110 415 1173 in
431 1130 506 1174 axe.
553 1108 600 1173 Et
621 1110 678 1190 qui
702 1109 736 1171 in
760 1107 825 1171 alia
847 1106 1110 1171 circumferentia
1132 1107 1262 1183 cadent,
1278 1105 1490 1171 reflectentur
1507 1108 1542 1171 in

382 1214 485 1278 alium
501 1226 672 1298 punctum,
687 1222 721 1276 et
736 1212 842 1294 quiin
862 1212 960 1275 tertia
982 1212 1015 1274 in
1037 1212 1183 1285 tertium,
1199 1220 1233 1275 et
1253 1222 1333 1275 sunt
1354 1212 1407 1274 isti
1429 1211 1543 1275 circuli

383 1320 476 1401 quasi
492 1318 751 1401 aequidistantes
770 1318 803 1380 in
819 1316 971 1400 sphaera,
986 1325 1023 1379 ut
1046 1315 1295 1398 aequinoctialis
1318 1327 1353 1380 et
1374 1318 1424 1380 sui
1448 1338 1542 1381 com·

384 1443 488 1506 pares

214 1548 270 1597 The
285 1545 371 1595 circla
429 1526 715 1591 Considerandum
733 1535 845 1588 tamen
864 1528 955 1609 quod
979 1525 1034 1589 isti
1056 1523 1165 1589 circuli
1188 1545 1255 1588 non
1277 1524 1401 1589 faciunt
1422 1526 1467 1589 ad
1491 1546 1544 1589 re·

214 1613 371 1730 ffiffl
384 1631 560 1695 flexionem
584 1632 643 1695 scd
658 1630 811 1694 accidunt
826 1630 969 1695 omnino.
1017 1629 1095 1692 Non
1119 1629 1206 1692 enim
1230 1630 1262 1691 iu
1286 1650 1401 1695 eorum
1424 1651 1544 1713 super-

216 1749 268 1795 tion
280 1761 323 1795 are
385 1734 520 1799 ficiebus
532 1734 644 1815 jacent
661 1734 741 1797 radii
763 1733 943 1799 incidentes
966 1745 1000 1798 et
1021 1733 1146 1807 reflexi,
1161 1735 1218 1797 sed
1242 1734 1275 1797 in
1299 1734 1420 1797 coluris
1442 1735 1545 1797 dictis

214 1811 360 1942 fga„
383 1839 573 1905 coincidunt
591 1838 644 1901 isti
660 1837 771 1901 circuli
791 1838 900 1901 solum
923 1838 955 1900 in
979 1837 1058 1903 locis
1082 1837 1313 1917 reflexionum,
1327 1838 1385 1920 qui
1407 1847 1484 1901 sunt
1507 1838 1543 1900 in

385 1944 514 2017 coluris,
534 1952 668 2025 propter
682 1941 854 2023 aequalem
870 1942 1062 2007 distantiam
1081 1943 1124 2006 ab
1139 1963 1207 2006 axe
1225 1943 1258 2004 in
1279 1942 1426 2019 circuitu,
1442 1952 1476 2005 et
1495 1962 1544 2005 ex

383 2046 448 2110 hoc
471 2046 621 2108 oriuntur
642 2044 693 2107 isti
715 2043 826 2108 circuli
851 2056 884 2108 et
907 2056 1048 2125 possunt
1069 2045 1207 2127 intelligi
1229 2048 1316 2109 circa
1338 2065 1447 2108 axem.
1495 2044 1545 2108 Et

383 2152 459 2214 ideo
476 2149 570 2213 multi
587 2149 794 2231 decipiuntur
808 2150 1022 2213 aestimantes
1037 2150 1127 2230 quod
1149 2149 1182 2211 hi
1202 2150 1312 2213 circuli
1333 2158 1412 2213 sunt
1430 2168 1544 2212 neces·

384 2254 459 2318 sarii
494 2255 538 2318 ad
568 2252 794 2332 reflexionem,
823 2254 900 2333 quia
930 2272 1046 2316 omnes
1077 2253 1158 2316 radii
1189 2254 1347 2317 cadentes
1376 2253 1409 2315 iu
1438 2271 1544 2315 unam

385 2357 678 2422 circumferentiam
708 2356 921 2421 reflectuntur
949 2358 992 2421 ad
1019 2367 1179 2440 punctum
1206 2378 1318 2424 unum.
1376 2356 1441 2420 Sed
1476 2355 1545 2419 hoc

386 2464 521 2527 omnino
543 2463 745 2528 accidentale
768 2472 838 2539 est;
871 2463 1028 2544 quoniam
1052 2464 1112 2526 etsi
1136 2483 1203 2526 non
1226 2472 1335 2527 essent
1362 2463 1394 2524 hi
1418 2462 1546 2537 circuli,

386 2566 481 2631 fieret
496 2566 640 2640 reflexio,
651 2567 710 2630 sed
725 2566 821 2629 nobis
833 2566 1063 2630 manifestatur
1078 2566 1181 2631 levius
1196 2588 1255 2651 per
1270 2567 1544 2650 imaginationem

385 2672 522 2735 istorum
545 2670 748 2735 circulorum.
807 2671 852 2734 Et
870 2670 953 2735 haec
969 2670 1103 2735 reflexio
1119 2673 1278 2755 probatur
1292 2692 1351 2755 per
1365 2669 1544 2752 experien-

385 2778 466 2840 tiam
490 2785 524 2838 et
549 2774 714 2840 effectum.
759 2775 848 2840 Nam
875 2776 1012 2857 speculo
1037 2796 1184 2841 concavo
1210 2778 1253 2839 ad
1285 2774 1388 2839 solem
1421 2775 1544 2859 posito,

385 2882 469 2963 ignis
485 2880 684 2956 accenditur,
701 2890 737 2943 ut
755 2880 833 2943 dicit
850 2880 966 2944 ultima
980 2881 1166 2964 propositio
1182 2883 1224 2944 de
1240 2880 1401 2963 Speculis,
1415 2879 1545 2944 scilicet

385 2987 418 3049 in
435 2996 559 3067 puncto
574 2986 647 3048 axis
663 2987 705 3049 ad
721 3005 822 3067 quem
838 2985 1052 3049 reflectuntur
1072 3005 1187 3049 omnes
1208 2986 1290 3049 radii
1312 2983 1545 3049 circumferen-

385 3091 452 3153 tiae
483 3090 578 3153 unius
608 3090 728 3153 circuli.
783 3090 886 3155 Unde
919 3092 946 3155 si
977 3101 1075 3173 stupa
1105 3090 1156 3154 vel
1187 3090 1276 3154 aliud
1307 3088 1546 3153 combustibile

385 3203 586 3277 apponatur,
609 3194 681 3258 sole
703 3192 833 3259 fortiter
859 3195 1018 3273 radiante,
1041 3196 1189 3259 comburi
1214 3204 1326 3279 potest
1353 3194 1386 3257 in
1416 3204 1545 3277 puncto

385 3298 451 3362 illo.

217 3428 349 3474 construc-
431 3400 500 3471 Sed
523 3423 591 3466 non
612 3422 729 3467 omnes
756 3403 839 3467 radii
864 3404 1023 3467 cadentes
1049 3404 1082 3466 in
1109 3403 1283 3486 superficie
1307 3402 1392 3466 illius
1416 3402 1547 3484 speculi

217 3494 269 3568 “tn
282 3490 311 3538 ⁰¹
386 3518 585 3569 concurrunt
600 3506 634 3568 in
650 3517 810 3588 punctum
826 3528 938 3586 unum,
949 3528 1010 3571 nec
1023 3509 1067 3571 ad
1083 3528 1217 3572 omnem
1232 3507 1424 3572 distantiam
1438 3528 1545 3589 quam

218 3572 356 3671 itiinctiiva-
386 3609 550 3675 volumus.
597 3611 644 3675 Et
660 3613 734 3675 ideo
755 3612 943 3694 philosophi
965 3613 1120 3697 ingeniati
1139 3624 1216 3677 sunt
1238 3611 1374 3696 specula
1396 3632 1547 3676 concava

216 3688 374 3803 &liclimah
388 3717 525 3780 aliarum
542 3715 720 3799 figurarum
742 3737 844 3799 quam
862 3726 939 3781 sunt
957 3717 1093 3800 specula
1112 3718 1201 3781 dicta
1224 3718 1446 3781 communiter
1464 3736 1546 3781 con·

216 3819 363 3869 “500100111·
388 3841 481 3899 cava,
511 3831 548 3886 ut
578 3819 637 3885 fiat
666 3822 882 3905 congregatio
915 3822 1062 3885 omnium
1093 3823 1259 3886 radiorum
1289 3820 1477 3900 cadentium
1510 3824 1545 3886 in

217 3886 355 4014 Γὲῖὲξξῖἓ
388 3925 561 4009 superficie
576 3925 700 4007 speculi
715 3927 759 3988 ad
775 3936 935 4007 punctum
952 3945 1055 3989 unum
1074 3926 1107 3988 in
1127 3946 1202 4003 axe,
1218 3937 1251 3988 et
1267 3944 1333 3987 non
1354 3924 1464 3987 solum
1483 3924 1547 3991 fiat

387 4034 431 4093 ad
447 4031 593 4111 aliquam
609 4030 864 4094 determinatam
879 4030 1078 4107 distantiam,
1094 4030 1152 4093 sed
1169 4031 1212 4092 ad
1231 4049 1365 4093 omnem
1380 4041 1547 4111 quantum

387 4134 527 4199 voluerit
563 4135 846 4216 experimentator
882 4132 1052 4217 perfectu's.
1106 4134 1152 4197 Et
1188 4134 1252 4198 hoc
1288 4135 1449 4217 probatur
1486 4156 1551 4218 per

388 4250 559 4303 auctorem
582 4238 656 4302 libri
679 4241 722 4303 de
739 4238 892 4323 Speculis
916 4238 1206 4317 Comburentibus,
1222 4238 1279 4320 qui
1294 4239 1382 4311 dicit,
1399 4240 1551 4320 qualiter

388 4355 500 4407 autem
516 4343 697 4406 habeamus
718 4345 889 4428 speculum
909 4364 1090 4408 concavum
1114 4344 1319 4422 comburens,
1334 4343 1428 4425 cujus
1452 4364 1550 4408 com-

323 4516 327 4523 ,
388 4448 500 4512 bustio
514 4449 556 4511 sit
570 4450 752 4512 secundum
767 4448 1008 4533 longitudinem
1025 4458 1138 4513 notam
1155 4468 1386 4531 quamcunque
1401 4448 1550 4513 volueri-

390 4573 473 4628 mus,
497 4573 659 4634 ponemus
689 4554 846 4617 laminam
878 4555 921 4619 de
950 4554 1101 4636 chalybe,
1123 4563 1194 4630 etc,
1221 4556 1312 4635 quod
1342 4553 1443 4616 docet
1474 4552 1550 4621 fieri

389 4658 570 4721 secundum
596 4658 735 4741 figuram
760 4659 812 4722 ovi
837 4658 888 4723 vel
918 4659 1041 4737 annuli,
1066 4670 1099 4723 et
1123 4658 1220 4743 ponit
1244 4659 1287 4722 ad
1314 4659 1377 4722 hoc
1402 4658 1551 4726 demon-
