3542 5359
342 612 384 674 54
565 596 721 655 OPERIS
745 595 934 666 MAJORIS
958 594 1073 653 PARS
1097 592 1269 667 QUINTA.

663 1040 944 1107 DISTINCTIO
977 1040 1184 1107 OCTAVA.

390 1215 429 1278 In
450 1234 516 1297 qua
534 1218 726 1300 proponitur
743 1217 832 1299 quod
849 1182 987 1298 praeter
999 1215 1141 1299 speciem
1161 1215 1339 1299 exiguntur
1361 1212 1499 1277 novem¹

344 1319 386 1382 ad
407 1320 523 1395 visum,
538 1321 664 1384 habens
687 1322 749 1385 tria
771 1321 924 1402 capitula.
970 1320 1009 1383 In
1033 1320 1137 1403 primo
1160 1320 1306 1395 docetur,
1326 1320 1417 1401 quod
1440 1319 1499 1381 lux

344 1434 378 1486 et
393 1423 552 1489 distantia
565 1424 679 1489 debita
696 1426 902 1508 requiruntur
917 1424 959 1489 ad
974 1424 1143 1489 visionem.

788 1708 1014 1775 Cnmrunuu
1039 1709 1065 1772 1.

177 1868 327 1947 Conantem
391 1862 471 1926 Post
493 1862 575 1927 haee
596 1884 674 1927 vero
697 1864 972 1928 considerandum
998 1874 1057 1942 est,
1080 1863 1170 1945 quod
1194 1870 1325 1945 praeter
1347 1860 1501 1943 speciem,

178 1938 322 2066 ffsssfl'glgt·
347 1986 464 2030 novem
488 1968 695 2049 requimntur
716 1969 759 2031 ad
783 1968 899 2045 visum,
920 1968 1005 2032 sicut
1028 1969 1150 2032 docent
1174 1977 1326 2031 auctores
1348 1985 1501 2049 perspec-

347 2070 442 2133 tivae.
483 2070 596 2136 Unum
612 2082 662 2135 est
679 2072 747 2149 lux,
763 2072 840 2154 quia
862 2071 941 2134 nihil
957 2072 1087 2136 videtur
1106 2070 1175 2133 sine
1190 2069 1274 2133 luce.
1320 2069 1397 2132 Lux
1413 2070 1501 2131 enim

347 2185 397 2239 est
419 2176 529 2257 primo
549 2175 684 2251 visibile,
700 2177 819 2241 deinde
843 2175 936 2240 color
958 2185 992 2240 et
1014 2184 1145 2239 caetera
1167 2174 1282 2257 viginti
1303 2195 1389 2256 quae
1413 2173 1502 2255 prius

347 2280 523 2358 numeravi,
538 2290 572 2343 et
592 2280 702 2345 omnia
718 2281 782 2344 alia
804 2280 1025 2344 mediantibus
1048 2281 1096 2344 eis
1115 2279 1274 2357 videntur,
1293 2279 1351 2342 sed
1375 2278 1501 2340 nullum

346 2383 476 2447 videtur
494 2384 554 2447 nisi
573 2384 646 2448 luce
666 2386 890 2468 perfundatur.
937 2383 1040 2466 Cujus
1059 2404 1158 2447 causa
1177 2383 1370 2448 aestimatur
1390 2380 1501 2445 multis

347 2487 453 2551 modis
476 2509 556 2565 esse,
576 2490 700 2554 scilicet
723 2499 780 2555 aut
804 2490 880 2574 quia
907 2490 999 2554 color
1023 2510 1089 2554 non
1113 2488 1215 2553 habet
1238 2509 1310 2553 esse
1331 2507 1444 2552 verum
1468 2486 1500 2549 in

348 2592 501 2669 tenebris,
515 2594 695 2657 secundum
711 2594 922 2659 Avicennam
937 2594 1035 2659 tertio
1050 2594 1093 2658 de
1108 2592 1243 2669 Anima,
1255 2602 1314 2656 aut
1328 2593 1355 2656 si
1371 2591 1501 2668 habeat,

347 2716 413 2760 non
425 2706 537 2780 potest
546 2698 652 2763 lacere
663 2699 806 2782 speciem
818 2699 850 2762 in
864 2698 910 2763 eis
922 2698 1103 2763 secundum
1114 2697 1275 2776 Alhazen,
1283 2705 1340 2761 aut
1352 2698 1380 2759 si
1393 2705 1502 2779 potest

348 2819 415 2862 non
438 2801 627 2884 operabitur
649 2802 681 2865 in
704 2803 819 2880 visum,
843 2823 903 2866 nec
927 2802 1115 2865 immutabit
1138 2801 1245 2884 ipsum
1268 2810 1305 2865 ut
1327 2798 1386 2864 fiat
1409 2809 1502 2863 actus

347 2905 490 2981 visionis,
505 2909 685 2971 secundum
706 2909 847 2971 eundem
864 2907 1024 2971 Alhazen.
1070 2906 1214 2970 Primum
1234 2902 1373 2969 destruit
1394 2904 1503 2967 Ptole·

349 3029 463 3074 maeus
475 3010 508 3074 in
519 3013 667 3075 secundo
680 3012 911 3096 Perspectivae
924 3007 1073 3076 dicens²:
1093 3010 1128 3075 Si
1141 3009 1226 3073 enim
1238 3010 1283 3073 sic
1296 3019 1391 3086 esset,
1401 3009 1502 3073 etiam

349 3114 517 3195 quaelibet
540 3136 590 3178 res
612 3117 698 3179 duae
720 3115 883 3180 habentes
904 3116 1005 3179 situm
1029 3115 1171 3179 eundem
1193 3124 1344 3197 respectu
1367 3112 1447 3176 lucis
1469 3123 1503 3176 et

349 3218 435 3280 visus
458 3218 646 3283 viderentur
668 3219 782 3283 similis
809 3219 938 3298 coloris,
960 3218 1053 3302 cujus
1076 3219 1275 3282 contrarium
1296 3218 1447 3281 videmus
1470 3216 1502 3278 in

349 3320 484 3386 diversis
508 3323 604 3386 rebus
630 3323 723 3405 quasi
745 3323 979 3403 universaliter,
1001 3333 1036 3387 et
1058 3323 1091 3387 in
1115 3324 1232 3387 eadem
1255 3343 1290 3385 re
1312 3323 1346 3386 in
1370 3322 1504 3386 diversis

350 3428 563 3510 temporibus,
585 3438 622 3491 ut
644 3428 676 3491 in
701 3428 924 3506 chameleone,
946 3429 1002 3511 qui
1026 3438 1133 3491 mutat
1155 3427 1300 3492 colorem
1322 3427 1503 3490 secundum

350 3531 572 3596 diversitatem
609 3554 717 3596 rerum
754 3553 840 3616 quae
874 3534 1143 3617 appropinquant
1172 3530 1210 3608 ei,
1240 3542 1274 3595 et
1305 3531 1338 3593 in
1374 3552 1415 3595 eo
1447 3531 1503 3613 qui
1568 3536 1573 3543 ’

351 3635 492 3699 rubescit
508 3657 552 3699 ex
566 3636 761 3702 verecundia
777 3648 810 3701 et
825 3637 975 3721 pallescit
992 3637 1024 3700 in
1040 3637 1175 3714 timore;
1199 3634 1347 3719 quamvis
1362 3636 1503 3699 eundem

350 3738 449 3803 situm
464 3738 586 3804 habeat
602 3761 653 3804 res
668 3763 797 3826 semper
813 3754 964 3825 respectu
980 3740 1071 3804 lueis.
1117 3738 1309 3805 Secundum
1323 3748 1418 3821 patet
1433 3758 1505 3801 esse

350 3842 468 3906 salsum
484 3864 542 3927 per
556 3844 663 3908 simile
679 3846 721 3910 de
739 3845 827 3910 omni
843 3867 877 3909 re
898 3845 963 3911 alia
983 3845 1100 3919 activa,
1116 3865 1203 3927 quae
1222 3844 1366 3927 speciem
1382 3842 1504 3906 faciunt

351 3947 385 4011 in
413 3948 558 4011 tenebris
587 3959 620 4012 et
648 3948 680 4012 in
705 3947 787 4013 luce.
833 3949 984 4015 Tertium
1014 3960 1064 4013 est
1087 3968 1211 4027 verum,
1233 3958 1268 4011 et
1297 3967 1405 4021 causa,
1429 3946 1505 4029 quia

350 4050 477 4115 visibile
503 4052 644 4136 primum
675 4063 709 4117 et
738 4054 917 4137 principale
946 4064 997 4119 est
1027 4054 1095 4130 lux,
1117 4062 1151 4117 et
1180 4053 1256 4115 ideo
1285 4049 1364 4115 nihil
1394 4060 1506 4135 potest

351 4155 455 4219 videri
471 4156 532 4220 nisi
548 4158 714 4222 mediante
730 4180 789 4235 ea3
816 4160 906 4245 sicut·
919 4161 952 4222 in
970 4158 1043 4222 aliis
1057 4157 1215 4236 sensibus,
1236 4156 1314 4220 nihil
1333 4155 1506 4219 olfacimus

352 4258 414 4321 nisi
437 4260 603 4324 mediante
624 4263 734 4339 odore,
755 4282 815 4326 nec
843 4264 1010 4347 tangimus
1034 4263 1095 4326 nisi
1122 4261 1343 4326 mediantibus
1365 4269 1508 4343 quatuor

386 4396 393 4424 ¹
410 4395 467 4445 The
485 4396 540 4446 first
556 4398 597 4445 six
614 4396 644 4447 ol
658 4397 733 4447 those
750 4398 898 4448 conditions
914 4416 960 4448 are
976 4399 1028 4448 laid
1045 4399 1123 4448 down
1140 4399 1176 4461 by
1191 4398 1315 4459 Alhazeu,
1334 4397 1376 4447 lib.
1395 4398 1413 4447 i.
1429 4411 1504 4459 prop.

352 4474 520 4601 sfftssiolem·
536 4553 631 4615 Optr'oa,
646 4568 689 4617 pp.
704 4570 792 4604 11·12.
827 4554 916 4605 Bacon
933 4556 981 4605 lus
997 4556 1148 4605 condensed
1164 4552 1304 4616 Ptolemy's
1320 4554 1443 4615 remarks,
1460 4554 1507 4603 but

354 4627 401 4677 has
412 4630 488 4689 given
500 4630 540 4679 his
552 4632 674 4695 meaning
685 4632 839 4695 accuntely.
