3542 5359
372 582 413 663 36
599 586 756 646 OPERIS
779 585 968 657 MAJORIS
991 585 1106 645 PARS
1131 585 1302 659 QUINYA.

369 746 506 830 judicat,
521 758 579 812 aut
595 750 680 813 male
697 770 755 832 per
772 749 858 813 solas
879 748 981 813 lineas
1000 768 1067 812 non
1089 746 1374 832 perpendiculares
1390 754 1526 828 propter

373 852 576 917 debilitatem
602 854 722 938 speciei
748 853 907 918 venientis
937 874 996 936 per
1026 853 1106 932 illas,
1130 853 1280 935 quamvis
1309 862 1421 915 tamen
1450 847 1526 912 illae

373 968 606 1022 concurrentes
621 979 697 1022 curn
713 958 1037 1042 perpendicularibus
1053 952 1275 1021 abundantius
1290 964 1468 1040 operentur
1481 953 1524 1017 ad

373 1062 593 1143 cognitionem
604 1063 745 1144 visibilis,
756 1075 793 1129 ut
802 1063 934 1128 inferius
947 1064 1083 1148 patebit.
1129 1058 1525 1146 Deperpendicularitate

371 1186 451 1229 vero
478 1165 635 1231 linearum
662 1178 697 1233 et
723 1170 917 1251 specierum,
939 1188 1042 1251 quare
1070 1168 1248 1249 exigantur
1273 1167 1315 1230 ad
1339 1165 1524 1229 bonitatem

371 1270 518 1351 actionis,
548 1273 628 1337 satis
665 1273 816 1338 habitum
847 1284 898 1337 est
927 1273 960 1336 in
991 1271 1211 1356 superioribus
1241 1272 1284 1336 de
1314 1269 1526 1335 multitudine

370 1375 552 1456 specierum
563 1373 585 1439 ¹.

203 1489 285 1541 These
300 1506 358 1557 may
416 1477 483 1543 Sed
499 1500 585 1545 nunc
598 1480 831 1546 verificandum
853 1492 913 1560 est,
928 1483 1018 1565 quod
1037 1482 1070 1545 in
1091 1480 1269 1563 superficie
1279 1476 1434 1563 glacialis,
1448 1475 1524 1541 licet

202 1571 358 1687 ffiughthe
370 1582 412 1645 sit
442 1585 581 1659 modica,
606 1595 718 1666 potest
748 1586 816 1649 fieri
852 1587 1018 1652 distinctio
1047 1585 1182 1650 visibilis
1211 1585 1433 1667 cujuscunque
1465 1603 1525 1665 per

202 1688 310 1751 puilia
369 1686 608 1752 ordinationem
631 1689 813 1771 specierum
840 1691 1038 1755 venientium
1064 1690 1108 1753 ab
1134 1689 1190 1768 eis
1217 1689 1373 1773 quoniam
1397 1686 1523 1771 species

202 1752 228 1801 in
247 1754 298 1803 nite

203 1818 327 1869 numbers
370 1790 423 1868 rei,
438 1803 692 1875 quantacunque
709 1794 760 1871 sit,
775 1803 888 1877 potest
906 1795 938 1857 in
960 1795 1095 1859 minimo
1114 1794 1224 1877 spatio
1246 1794 1397 1859 ordinate
1419 1791 1522 1856 collo-

368 1893 441 1970 cari,
457 1896 533 1978 quia
555 1906 607 1961 tot
628 1907 705 1962 sunt
723 1906 833 1980 partes
854 1898 977 1961 minimi
998 1899 1154 1981 corporis,
1171 1908 1254 1980 quot
1277 1907 1354 1961 sunt
1377 1895 1524 1972 maximi,

370 1999 445 2080 quia
460 2019 559 2064 omne
574 2021 694 2082 corpus
708 2010 759 2066 est
773 2002 933 2066 divisibile
952 2002 983 2065 in
1004 2002 1176 2080 infinitum,
1190 2014 1225 2067 et
1240 2023 1338 2067 omne
1352 2011 1523 2084 quantum,

369 2102 452 2166 sicut
477 2103 598 2167 clamat
622 2114 695 2169 tota
718 2105 935 2188 philosophia.
982 2107 1028 2171 Et
1054 2106 1254 2171 Aristoteles
1278 2106 1399 2189 probat
1424 2113 1522 2170 sexto

370 2205 610 2288 Physicoruml,
626 2209 715 2290 quod
736 2230 802 2273 non
826 2211 867 2273 sit
888 2211 1004 2273 divisio
1026 2211 1140 2292 quanti
1160 2212 1202 2273 ad
1228 2209 1441 2284 indivisibilia,
1460 2228 1521 2271 nec

367 2311 574 2393 componitur
588 2322 749 2393 quantum
766 2334 809 2376 ex
825 2313 1080 2391 indivisibilibus,
1094 2324 1129 2379 ct
1146 2313 1222 2379 ideo
1243 2324 1294 2378 tot
1316 2324 1392 2377 sunt
1411 2322 1521 2398 partes

368 2413 399 2476 in
422 2434 525 2495 grano
544 2415 629 2493 milii,
645 2416 777 2480 sicut'in
801 2417 963 2482 diametro
985 2418 1106 2495 mundi,
1120 2420 1210 2500 quod
1233 2429 1326 2502 patet
1349 2418 1381 2480 in
1407 2417 1520 2501 figura

367 2516 402 2581 Si
422 2517 480 2582 fiat
502 2519 682 2602 triangulus
697 2522 749 2585 vel
768 2523 914 2604 pyramis
934 2542 1074 2606 magnae
1093 2522 1181 2586 basis
1202 2544 1224 2585 a
1244 2522 1302 2597 bc,
1326 2532 1360 2585 et
1385 2521 1519 2586 subten-

365 2621 464 2685 datur
492 2643 577 2687 cono
603 2623 674 2707 ejus
704 2624 789 2689 linea
818 2625 1009 2690 brevissima
1032 2648 1050 2690 e
1070 2625 1103 2701 d,
1129 2634 1260 2691 constat
1289 2636 1400 2688 autem
1430 2626 1520 2706 quod

365 2745 387 2787 a·
411 2726 584 2809 quodlibet
608 2738 732 2812 puncto
757 2729 863 2794 lineae
889 2729 951 2793 ab
977 2740 1090 2813 potest
1119 2730 1194 2795 duci
1223 2730 1309 2793 linea
1338 2730 1371 2792 in
1394 2752 1420 2807 c,
1443 2730 1520 2812 quia

633 2906 641 2933 Ι
672 2856 702 2899 ·a
718 2846 842 2920 puncto
858 2835 891 2899 in
904 2845 1062 2918 punctum
1074 2854 1249 2917 possumus
1262 2834 1379 2898 lineam
1396 2846 1519 2899 rectam

680 2942 809 3015 ducere,
820 2950 854 3003 et
868 2960 936 3023 qua
951 2940 1077 3005 ratione
1092 2940 1136 3003 ab
1152 2938 1415 3003 extremitatibus
1431 2938 1518 3003 basis

680 3054 791 3127 potest
807 3045 881 3109 duc'i
905 3044 991 3108 linea
1012 3044 1045 3107 in
1066 3066 1093 3121 c,
1108 3054 1142 3108 et
1157 3043 1201 3106 ab
1216 3043 1286 3107 aliis
1302 3043 1373 3126 ejus
1388 3043 1517 3128 punctis

680 3158 801 3229 potest,
835 3157 868 3211 et
899 3147 942 3211 ab
972 3148 1125 3212 omnibus
1153 3148 1225 3230 ejus
1255 3147 1410 3230 partibus,
1440 3147 1517 3229 quia

679 3251 785 3315 lineae
799 3251 944 3315 infinitae
956 3260 1093 3336 possunt
1105 3253 1149 3316 ad
1161 3272 1263 3314 unum
1279 3261 1438 3333 punctum
1453 3262 1519 3317 ter·

679 3356 803 3420 minari.
839 3355 917 3419 Hoc
932 3357 1012 3420 satis
1028 3365 1144 3420 notum
1159 3365 1219 3420 est.
1255 3354 1291 3420 Si
1306 3375 1516 3439 ergoomnes

678 3460 761 3523 istae
774 3459 876 3524 lineae
889 3461 1079 3543 pertingunt
1094 3460 1137 3524 ad
1152 3481 1178 3536 c,
1193 3470 1272 3525 tunc
1288 3468 1519 3544 pertranseunt

679 3585 738 3647 per
757 3575 877 3648 puncta
900 3565 963 3629 de
986 3565 1111 3641 lineae3
1138 3584 1213 3629 curn
1241 3584 1322 3647 ergo
1346 3584 1414 3628 non
1439 3585 1517 3628 con-

364 3680 496 3733 currant
511 3678 627 3745 antec,
643 3670 829 3735 transibunt
849 3689 909 3751 per
923 3669 1051 3733 diversa
1071 3678 1194 3751 puncta
1212 3668 1313 3731 inde
1328 3668 1421 3745 linea,
1439 3668 1518 3751 quia

360 3772 386 3835 si
416 3792 476 3854 per
507 3774 594 3837 idem
625 3784 785 3857 punctum
815 3794 929 3838 omnes
957 3772 1010 3838 vel
1041 3772 1170 3855 aliquae
1203 3772 1387 3846 transirent,
1423 3771 1517 3836 fieret

362 3891 537 3938 concursus
558 3884 637 3938 ante
658 3897 684 3953 c,
706 3877 765 3939 sed
788 3874 932 3957 positum
951 3874 1113 3956 estquod
1135 3893 1211 3936 non.
1257 3871 1293 3937 Si
1315 3873 1402 3936 enirn
1425 3872 1518 3937 fieret

364 3996 542 4043 concursus
562 3980 710 4043 omniurn
729 3978 780 4041 vel
804 3979 989 4060 aliquarum
1008 3979 1041 4042 in
1062 3977 1175 4061 aliquo
1189 3986 1314 4061 puncto
1328 3976 1386 4039 de
1405 3977 1519 4054 lineae,

363 4081 581 4164 proculdubio
608 4092 687 4146 tunc
717 4092 794 4166 post
823 4103 1019 4148 concursum
1049 4092 1279 4167 separarentur
1300 4082 1345 4146 ab
1375 4082 1517 4145 invicem

362 4185 395 4248 in
420 4186 595 4264 infinitum,
618 4197 652 4251 et
675 4208 741 4251 non
769 4207 915 4269 unquam
941 4198 1170 4252 concurrerent
1195 4188 1229 4252 in
1252 4208 1279 4264 c,
1298 4196 1335 4250 ut
1357 4195 1450 4268 patet
1472 4187 1516 4249 ad

360 4309 493 4353 sensum
524 4292 555 4355 in
587 4290 649 4356 hac
679 4292 855 4375 pyramide
886 4291 1026 4356 breviori
1047 4293 1079 4375 s
1091 4313 1122 4375 g
1144 4290 1177 4354 Ιι.
1236 4290 1405 4374 Quoniam
1436 4309 1516 4373 ergo

452 3531 514 3583 Fre.
537 3542 575 3596 η.

393 4446 401 4475 ¹
420 4448 459 4496 Cs.
472 4448 521 4497 vol.
534 4448 550 4496 i.
562 4463 605 4511 pp.
620 4462 740 4510 rao-123.

389 4522 400 4551 ²
417 4524 456 4572 De
474 4524 533 4576 Nat.
556 4526 673 4575 Auscult.
689 4526 723 4577 vi.
742 4532 754 4586 5
775 4542 791 4588 3
809 4525 914 4590 φανερὸν
933 4525 959 4576 δὲ
979 4524 1020 4575 καὶ
1043 4525 1081 4576 ὅτι
1102 4525 1151 4575 πᾶν
1168 4524 1271 4589 συνεχὲς
1292 4523 1410 4588 uulpem
1428 4524 1462 4574 rlr
1476 4522 1516 4573 dcl

351 4599 442 4665 uipera.
476 4603 516 4654 Cl.
529 4602 636 4669 Metaplr.
649 4604 692 4656 xii.
706 4606 730 4662 8,
744 4610 756 4666 5
769 4619 787 4667 9
797 4602 900 4669 μίγεθοε
910 4603 932 4653 δ’
944 4606 970 4668 ἐξ
980 4603 1122 4670 dimplrur
1132 4606 1275 4669 Μκεῖσθιι
1286 4605 1333 4655 πῶς
1344 4605 1446 4657 δυνατόν
1453 4622 1462 4667 ;
