3542 5359
522 538 723 599 SCIENTIA
749 536 1138 596 EXPERIMENTALIS.
1337 552 1395 614 193

241 702 377 785 quando
399 701 482 765 radii
502 711 677 784 penetrant
700 722 764 775 eas,
779 701 831 765 'sic
854 709 966 782 potest
988 700 1040 764 hic
1063 701 1106 763 de
1128 697 1215 763 taciti
1235 698 1294 761 lux
1316 698 1395 762 solis

242 807 365 869 cadens
393 806 436 869 ad
462 805 651 889 hujusmodi
678 805 811 888 specula
837 805 1013 869 ostendere
1039 803 1118 887 quid
1146 802 1253 867 simile
1282 803 1395 881 colori,

242 912 418 994 praecipue
432 930 508 976 cum
524 931 590 975 non
606 912 648 975 sit
665 912 725 974 nisi
741 911 811 974 sola
825 909 1029 993 apparentia,
1045 918 1082 972 ut
1097 909 1223 972 dictum
1239 918 1298 973 est.

670 1177 897 1242 Cnerruuuu
925 1179 968 1241 X.

288 1332 375 1397 Cum
402 1334 454 1397 his
482 1332 761 1397 considerandum
785 1341 836 1396 est
861 1334 904 1397 de
928 1333 1118 1397 diversitate
1144 1333 1302 1399 colorum.
1348 1335 1394 1400 Et
1407 1351 1531 1402 Errorstn

243 1458 361 1502 omnes
387 1439 501 1501 dicunt
528 1437 618 1520 quod
644 1437 762 1501 accidit
788 1457 832 1499 ex
859 1437 1049 1502 diversitate
1077 1437 1174 1500 nubis
1200 1439 1338 1515 roridae‚
1361 1448 1395 1502 et
1407 1415 1551 1533 22}ss2ss

243 1540 306 1604 hoc
329 1541 470 1604 habetur
492 1540 525 1602 in
549 1549 645 1603 textu
666 1539 855 1604 Aristotelis
871 1537 1018 1622 vulgato,
1033 1541 1122 1603 unde
1144 1541 1258 1604 dicunt
1280 1549 1497 1605 secun-duero

243 1645 324 1708 dum
358 1645 449 1727 quod
484 1645 623 1708 materia
658 1642 794 1726 spissior
826 1653 888 1721 est,
917 1643 1048 1707 videtur
1078 1663 1150 1707 esse
1184 1645 1324 1727 nigrior3
1362 1654 1396 1709 et
1408 1614 1551 1730 fflffit

244 1751 425 1812 secundum
451 1750 541 1830 quod
569 1747 677 1811 minus
702 1747 816 1828 spissa,
837 1748 969 1811 videtur
994 1767 1067 1811 esse
1092 1748 1183 1811 color
1208 1747 1326 1827 lazuli3
1361 1745 1562 1813 ett1²¹1⁵¹⁸fi0¹¹·

243 1854 423 1916 secundum
440 1853 528 1935 quod
545 1853 653 1914 minus
667 1851 781 1933 spissa,
796 1851 928 1914 videtur
940 1851 1054 1915 viridis
1072 1872 1163 1926 esse;
1186 1860 1220 1915 et
1235 1853 1262 1915 si
1278 1853 1395 1928 minus,

243 1956 374 2022 videtur
406 1957 530 2032 vinosa,
560 1964 594 2019 et
629 1956 753 2032 rubea3
791 1957 972 2020 seeundum
1008 1955 1098 2038 quod
1133 1956 1242 2020 adhuc
1278 1958 1395 2034 minus,

243 2062 373 2125 videtur
396 2081 469 2125 esse
492 2059 609 2144 glauca
633 2070 667 2125 et
690 2060 875 2136 subrubea3
904 2068 939 2124 et
962 2060 1143 2123 secundum
1169 2062 1260 2142 quod
1283 2061 1396 2138 rarior,

244 2166 373 2230 videtur
388 2185 460 2229 esse
474 2166 562 2229 alba.
607 2163 798 2229 Secundum
822 2163 913 2245 quod
935 2164 1070 2247 ponitur
1092 2165 1286 2248 exemplum
1302 2166 1395 2229 An's-

244 2269 354 2333 totelis
380 2271 423 2334 de
448 2268 593 2344 flamma,
617 2289 703 2352 quae
729 2279 866 2352 propter
893 2269 1062 2333 raritatem
1092 2279 1124 2332 et
1151 2270 1396 2352 spissitudinem

245 2371 325 2437 fumi
340 2375 501 2438 terrestris
522 2382 661 2455 apparet
683 2372 769 2436 clara
790 2383 824 2436 et
844 2374 946 2437 rubea
967 2383 1000 2437 et
1018 2373 1121 2456 nigra,
1136 2383 1171 2438 et
1191 2373 1239 2436 sic
1260 2374 1397 2438 diversis

245 2479 361 2541 modis.
413 2477 480 2541 Sed
512 2477 600 2541 istud
632 2476 709 2539 nihil
740 2489 798 2557 est,
828 2478 915 2541 sicut
945 2487 1039 2561 patet
1068 2498 1128 2560 per
1157 2478 1396 2559 experientiam

244 2581 363 2665 lapidis
385 2581 576 2662 crystallini.
621 2580 710 2643 Nam
733 2581 778 2644 ibi
799 2593 998 2664 generantur
1019 2581 1155 2660 colores,
1176 2591 1212 2647 et
1233 2582 1324 2646 nulla
1346 2591 1398 2645 est

246 2685 421 2748 diversitas
447 2685 602 2749 materiae
626 2684 660 2747 in
685 2684 896 2766 spissitudine
921 2695 956 2749 et
981 2686 1125 2764 raritate,
1145 2695 1178 2749 et
1205 2695 1317 2749 tamen
1342 2686 1396 2749 hic

246 2789 314 2851 veri
331 2787 456 2852 colores
470 2799 674 2870 generantur.
709 2787 755 2851 Et
771 2788 900 2866 iterum,
915 2808 991 2851 cum
1007 2809 1073 2853 non
1089 2790 1132 2852 sit
1146 2810 1243 2853 verus
1258 2789 1350 2854 color
1364 2791 1396 2852 in

245 2893 336 2971 iride,
358 2889 417 2955 sed
441 2893 640 2976 apparentia,
660 2913 727 2956 non
751 2900 882 2974 oportet
905 2913 1028 2976 ponere
1050 2894 1112 2958 nisi
1134 2913 1269 2957 causam
1292 2913 1396 2975 appa·

244 2996 376 3074 tentiae,
397 2995 448 3062 vel
474 2997 701 3080 apparentiam
727 3016 854 3060 causae.
901 2997 987 3060 Item
1011 3017 1070 3080 per
1093 2998 1335 3082 experientiam
1363 2997 1396 3061 in

244 3099 466 3166 rorationibus
486 3122 530 3164 ex
549 3101 738 3183 aspersione
758 3120 823 3163 non
846 3101 965 3165 accidit
983 3100 1106 3184 aliquid
1128 3103 1170 3166 de
1192 3102 1242 3166 his
1264 3104 1396 3167 diversi-

243 3205 377 3280 tatibus,
397 3225 458 3269 nec
480 3205 512 3268 in
535 3205 639 3288 guttis
663 3205 743 3267 roris
766 3205 800 3268 in
824 3205 1068 3270 summitatibus
1094 3205 1291 3283 herbarum3
1317 3229 1397 3291 ergo

245 3307 457 3373 manifestum
482 3318 543 3387 est,
564 3309 656 3392 quod
680 3307 762 3372 haec
789 3329 890 3374 causa
916 3309 1113 3374 diversitatis
1138 3310 1219 3373 salsa
1245 3320 1305 3375 est
1351 3311 1396 3374 Et

247 3432 315 3477 non
335 3423 385 3477 est
406 3421 521 3478 contra
536 3412 764 3492 Aristotelem,
779 3414 857 3496 quia
878 3414 982 3477 multa
1002 3413 1066 3476 alia
1086 3412 1169 3478 salsa
1188 3416 1399 3479 continentur

246 3517 279 3580 in
304 3515 448 3600 capitulo
471 3517 513 3580 de
538 3516 628 3588 iride,
644 3525 678 3581 et
701 3516 779 3580 alibi
803 3518 835 3580 in
858 3516 1129 3581 translationibus
1148 3516 1301 3602 vulgatis,
1316 3517 1399 3582 sicut

247 3621 459 3685 manifestum
485 3629 536 3684 est
563 3640 621 3703 per
643 3630 751 3684 totam
775 3619 1021 3704 philosophiam
1044 3621 1251 3698 Latinorum,
1274 3622 1301 3686 si
1325 3621 1399 3705 quis

246 3726 394 3790 diversas
422 3725 656 3789 translationes
690 3725 832 3807 inquirat
866 3734 900 3788 et
935 3725 1097 3789 Graecum
1132 3726 1249 3809 ipsum,
1279 3748 1299 3790 a
1332 3747 1399 3809 quo

245 3838 492 3913 transumptum
531 3839 583 3895 est
618 3829 709 3912 quod
747 3827 871 3892 habent
902 3829 1025 3893 Latini.
1078 3829 1205 3893 Verum
1244 3850 1310 3893 non
1348 3839 1399 3893 est

245 3933 410 3996 sententia
444 3932 636 3997 Aristotelis
672 3931 794 4015 ubique
831 3933 1000 4008 translata,
1030 3933 1089 3996 sed
1125 3953 1213 3996 error
1245 3931 1306 3996 suit
1339 3953 1400 3996 ex-

245 4035 466 4119 emplarium¹
500 4035 700 4101 Graecorum
736 4045 770 4100 et
800 4035 1032 4116 Arabicorum,
1060 4034 1113 4097 vel
1146 4035 1255 4118 potius
1283 4036 1401 4098 vitium

245 4140 492 4219 translatorum,
528 4160 668 4223 quorum
703 4138 812 4204 nuilus
850 4139 995 4222 perfecte
1034 4139 1131 4203 scivit
1171 4139 1300 4221 linguas
1340 4159 1401 4203 nec

245 4244 411 4324 scientias,
431 4253 468 4308 ut
491 4253 698 4326 praetactum
722 4252 781 4308 est.

288 4348 436 4412 Necesse
455 4359 568 4412 autem
591 4357 643 4412 est
661 4348 750 4413 aliud
772 4348 979 4413 mendacium
1002 4349 1093 4431 quod
1113 4348 1147 4411 in
1168 4347 1231 4412 hoc
1253 4347 1399 4431 capitulo

278 4496 286 4526 ¹
302 4497 328 4558 J.
341 4496 389 4546 has
404 4497 583 4560 interpretum.
618 4497 658 4549 Cf.
671 4497 743 4548 what
761 4497 783 4547 is
800 4498 855 4547 said
873 4513 908 4548 on
920 4496 1067 4547 Aristode’s
1078 4497 1174 4559 theory
1187 4494 1218 4545 oi
1229 4496 1275 4544 the
1287 4495 1404 4546 rainbow

242 4579 270 4626 in
282 4575 335 4626 vol.
348 4576 365 4626 i.
378 4591 420 4640 pp.
434 4591 467 4638 4⁰
478 4577 529 4626 and
541 4591 646 4638 ars-13

286 4671 371 4722 VOL.
387 4669 427 4722 11.
798 4671 822 4722 0
