3542 5359
378 613 705 674 PERSPECTIVAE
728 614 843 673 PARS
867 615 1092 674 SECUNDA:
1125 615 1235 675 DIST.
1262 617 1286 674 I.
1370 611 1410 692 87

260 776 404 860 partium
429 779 475 841 rei
499 778 589 841 visae
614 778 826 860 occupabunt
847 777 922 842 loca
948 778 1046 842 nimis
1072 779 1267 862 propinqua,
1293 789 1327 843 et
1352 778 1410 843 fiet

260 881 411 946 confusio
434 881 548 963 major.
596 881 680 945 Item
704 891 837 965 oportet
860 883 950 964 quod
971 883 1014 946 sit
1034 885 1186 962 mundus,
1206 893 1240 947 et
1260 883 1411 948 similiter

260 986 382 1049 humor
401 987 614 1068 albugineus:
645 1007 722 1049 narn
738 987 972 1069 impressiones
991 996 1026 1050 et
1047 987 1196 1051 maculae
1209 989 1278 1051 cito
1293 988 1409 1072 depre-

260 1089 453 1153 henduntur
468 1090 500 1152 in
516 1111 550 1152 re
566 1092 700 1168 munda,
716 1097 753 1153 ut
768 1098 861 1170 patet
877 1091 920 1154 de
935 1091 1073 1156 maculis
1094 1093 1128 1155 in
1144 1112 1255 1174 panno
1275 1092 1411 1166 mundo,

261 1202 297 1256 et
325 1194 402 1257 ideo
431 1194 558 1276 species
590 1214 697 1257 rerum
732 1195 913 1278 impressae
945 1195 1044 1259 oculo
1080 1195 1198 1260 melius
1227 1207 1262 1261 et
1292 1195 1412 1259 certius

261 1297 480 1380 apparebunt,
496 1298 523 1361 si
546 1297 700 1362 humores
718 1309 795 1362 sunt
820 1298 935 1362 mundi
960 1306 995 1362 et
1016 1298 1189 1363 defaecati.
1235 1298 1411 1364 Caeterum

261 1410 395 1482 oportet
416 1401 507 1484 quod
530 1401 650 1465 humor
670 1400 866 1484 albugineus
894 1404 939 1466 sit
963 1412 1169 1486 temperatae
1194 1402 1410 1486 quantitatisr

262 1525 341 1568 narn
371 1506 467 1570 aliter
495 1507 559 1570 erit
588 1516 738 1590 respectu
768 1505 917 1591 glacialis
946 1507 1032 1570 sicut
1060 1528 1148 1590 aqua
1177 1506 1348 1590 profunda,
1374 1516 1411 1570 ut

262 1610 390 1673 dictum
407 1619 468 1687 est,
481 1621 515 1674 et
530 1610 760 1675 obscurabitur
771 1613 869 1674 visus.
902 1611 1076 1676 Praeterea
1091 1621 1224 1695 oportet
1239 1611 1329 1694 quod
1344 1610 1413 1675 tela

262 1733 383 1778 aranea
405 1724 439 1778 et
462 1734 581 1778 cornea
603 1714 671 1779 sint
692 1725 807 1778 tenues
829 1725 863 1778 et
885 1715 1022 1780 subtiles
1046 1727 1081 1780 et
1103 1718 1187 1781 bene
1209 1717 1350 1798 perviae,
1369 1735 1413 1779 ne

263 1818 415 1882 umbram
449 1817 570 1884 iaciant
600 1819 740 1902 glaciali.
797 1819 938 1903 Insuper
967 1829 1100 1904 oportet
1129 1822 1220 1903 quod
1249 1840 1317 1883 non
1346 1821 1414 1884 sint

263 1941 413 2004 rugosae,
427 1923 486 1986 sed
507 1921 614 1986 lenem
633 1934 669 1988 et
687 1945 872 2008 expansam
891 1924 1037 1988 habeant
1056 1924 1273 2008 superficiem.
1319 1922 1414 2006 Quo-

263 2026 351 2090 niam
373 2027 402 2090 si
425 2047 525 2110 rugas
546 2026 693 2092 habeant
715 2027 839 2092 iaciunt
865 2029 1040 2092 umbram:
1077 2038 1113 2092 et
1136 2028 1219 2091 haec
1241 2037 1292 2092 est
1315 2047 1415 2092 causa

262 2150 366 2213 quare
388 2151 483 2194 senes
506 2131 729 2214 impediantur
751 2153 772 2195 a
789 2131 915 2196 visione
935 2132 1093 2196 distincta
1109 2141 1143 2195 et
1158 2131 1311 2207 discreta,
1330 2151 1415 2212 quo·

265 2235 353 2296 niam
368 2255 489 2298 aranea
504 2244 539 2298 et
554 2254 673 2298 cornea
695 2235 822 2299 habent
839 2255 937 2317 rugas
957 2236 991 2298 in
1011 2236 1157 2314 senibus,
1172 2235 1257 2300 sicut
1277 2245 1311 2298 et
1331 2235 1417 2298 cutis

263 2338 368 2403 totius
382 2340 537 2422 corporis

309 2442 388 2506 Non
402 2443 511 2508 solum
531 2443 806 2508 considerandum
826 2454 877 2508 est
897 2446 940 2509 de
961 2445 1114 2509 acumine
1131 2447 1220 2508 visus
1241 2447 1286 2509 ad
1299 2445 1415 2508 viden·
1428 2456 1545 2506 Reunon
1558 2456 1585 2503 or

264 2547 346 2611 dum
369 2547 512 2630 longius,
526 2557 560 2611 et
583 2548 626 2610 de
648 2547 846 2611 discretione
865 2549 998 2612 videndi
1022 2570 1081 2632 per
1103 2558 1256 2613 naturam
1279 2569 1415 2631 compo·
1427 2522 1583 2654 {fflfl‘gos

265 2651 394 2714 sitionis
417 2651 541 2728 oculis;
570 2652 629 2715 sed
656 2653 699 2715 de
725 2651 788 2714 hoc
814 2652 1048 2716 conserendum
1071 2663 1131 2732 est,
1153 2673 1256 2736 quare
1278 2653 1414 2734 quidam
1428 2654 1500 2718 light·

265 2756 380 2820 vident
402 2757 436 2819 in
458 2756 604 2819 tenebris
626 2765 660 2820 et
683 2756 874 2838 crepusculo
899 2766 934 2821 et
955 2777 1059 2840 parva
1082 2757 1155 2820 luce
1178 2757 1294 2820 melius
1313 2776 1416 2838 quam

266 2861 299 2922 in
329 2859 427 2942 pleno
460 2859 594 2937 lumine,
621 2869 655 2923 et
679 2859 734 2922 alii
759 2880 778 2922 e
804 2871 928 2924 contra.
975 2860 1021 2923 Et
1047 2860 1265 2942 proculdubio
1291 2858 1338 2922 illi
1361 2860 1417 2941 qui

266 2963 391 3027 habent
417 2964 559 3028 multum
587 2964 630 3027 de
654 2963 792 3027 humore
821 2965 998 3048 albugineo
1024 2964 1173 3046 indigent
1200 2962 1305 3026 multa
1335 2963 1418 3041 luce,

265 3077 446 3150 antequam
479 3066 692 3143 clarificetur3
727 3069 904 3151 praecipue
929 3069 955 3132 si
982 3077 1033 3132 est
1059 3069 1193 3152 spissus,
1215 3080 1249 3132 et
1272 3067 1419 3130 maxime

267 3172 478 3250 immundus;
504 3182 539 3236 et
561 3172 637 3235 ideo
658 3171 741 3236 tales
762 3170 848 3237 oculi
870 3193 938 3237 non
954 3174 1066 3236 vident
1086 3173 1171 3235 bene
1192 3172 1236 3235 de
1258 3180 1355 3235 nocte
1375 3172 1418 3234 ad

268 3275 437 3339 modicum
467 3275 588 3340 lumen.
646 3275 692 3340 Et
721 3276 763 3339 ad
794 3275 857 3340 hoc
885 3276 965 3342 sacit
998 3278 1026 3341 si
1053 3277 1173 3340 humor
1199 3275 1347 3358 glacialis
1377 3276 1420 3340 sit

269 3378 392 3442 multus
420 3391 453 3444 et
477 3381 602 3463 spissus
627 3391 661 3445 et
684 3381 886 3459 immundus,
906 3392 940 3446 et
962 3379 990 3445 si
1012 3381 1080 3446 tela
1101 3402 1222 3445 aranea
1244 3391 1278 3444 et
1300 3400 1420 3443 cornea

268 3493 347 3547 sunt
361 3484 487 3568 spissae
503 3493 538 3547 et
559 3503 718 3566 rugosae:
745 3484 948 3549 necessaria¹
965 3487 1054 3548 enim
1075 3496 1125 3548 est
1146 3485 1252 3549 multa
1270 3482 1421 3566 operatio

269 3587 351 3651 lucis
366 3599 401 3651 et
417 3587 519 3664 sortis,
535 3598 572 3652 ut
588 3588 701 3653 omnia
717 3588 779 3652 ista
795 3588 1024 3666 clarificentur,
1042 3600 1077 3654 et
1093 3592 1124 3652 in
1142 3590 1197 3653 die
1216 3600 1251 3653 et
1271 3585 1304 3651 in
1320 3586 1421 3671 pleno

268 3690 395 3755 lumine
409 3692 495 3756 bene
509 3693 633 3769 vident,
649 3703 684 3757 et
700 3713 767 3756 non
782 3693 883 3757 aliter.
923 3694 990 3759 Sed
1006 3693 1052 3757 illi
1067 3695 1125 3776 qui
1140 3693 1264 3758 habent
1279 3712 1420 3776 paucam

269 3796 506 3860 humiditatem
528 3797 562 3860 in
585 3797 788 3873 humoribus,
812 3807 846 3860 et
865 3797 988 3862 claram
1011 3808 1045 3863 et
1068 3799 1236 3876 mundam,
1259 3807 1293 3861 et
1319 3794 1422 3862 telam

270 3911 305 3963 et
326 3921 481 3966 corneam
502 3902 586 3965 bene
604 3902 793 3985 perspicuas
813 3911 847 3966 et
867 3903 939 3965 sine
959 3923 1050 3984 ruga,
1073 3923 1139 3965 non
1159 3912 1297 3986 possunt
1311 3901 1423 3965 videre

272 4005 305 4068 in
329 4024 451 4087 magna
473 4005 565 4069 luce:
595 4006 673 4088 quia
694 4006 755 4069 lux
779 4005 884 4070 multa
906 4004 1079 4071 confundit
1101 4005 1234 4069 oculum
1254 4005 1356 4069 talem
1377 4026 1422 4069 ex

272 4110 373 4174 nimia
395 4109 553 4186 claritate,
576 4109 666 4174 etin
688 4119 818 4174 tantum
841 4121 983 4194 occupat
1003 4109 1109 4174 visum
1132 4109 1213 4174 lucis
1236 4106 1362 4193 fulgore
1385 4118 1421 4172 ut

272 4212 331 4277 fiat
357 4224 509 4298 respectu
534 4234 643 4278 rerum
668 4214 847 4279 visibilium
876 4215 1081 4278 exteriorum
1107 4213 1261 4278 inhabilis
1283 4213 1326 4277 ad
1353 4212 1422 4276 dis·

271 4318 474 4382 cernendum
498 4319 530 4382 in
558 4317 630 4382 illis.
676 4317 771 4384 Sicut
796 4319 901 4384 homo
926 4321 983 4402 qui
1010 4320 1101 4383 stetit
1128 4319 1161 4382 in
1186 4317 1262 4381 forti
1288 4316 1422 4391 lumine,

271 4423 408 4506 quando
423 4423 583 4488 convertit
601 4443 638 4486 se
657 4425 700 4487 ad
724 4423 796 4488 loca
816 4424 1001 4502 tenebrosa,
1022 4443 1089 4487 non
1109 4431 1219 4505 potest
1237 4421 1423 4485 discernere

272 4549 326 4593 res
352 4528 385 4592 iu
411 4527 459 4592 eis
486 4540 623 4612 propter
646 4531 790 4612 speciem
814 4527 897 4592 lucis
920 4528 1041 4593 sortem
1067 4547 1152 4609 quae
1175 4527 1207 4588 in
1230 4524 1335 4589 oculis
1355 4525 1424 4588 suis

501 4661 509 4692 ¹
529 4661 628 4722 nociva,
639 4660 665 4722 J.
679 4661 813 4724 obvioudy
824 4675 857 4710 un
869 4676 951 4710 error.
985 4657 1139 4718 namna,
1151 4657 1184 4708 0.
