<?xml version="1.0" encoding="UTF-8"?>
<!DOCTYPE html PUBLIC "-//W3C//DTD XHTML 1.0 Transitional//EN"
    "http://www.w3.org/TR/xhtml1/DTD/xhtml1-transitional.dtd">
<html xmlns="http://www.w3.org/1999/xhtml" xml:lang="en" lang="en">
 <head>
  <title>
</title>
<meta http-equiv="Content-Type" content="text/html;charset=utf-8" />
  <meta name='ocr-system' content='tesseract 3.04.00' />
  <meta name='ocr-capabilities' content='ocr_page ocr_carea ocr_par ocr_line ocrx_word'/>
</head>
<body>
  <div class='ocr_page' id='page_1' title='image "./opusmajusrogerb02bridgoog/opusmajusrogerb02bridgoog_0035.png"; bbox 0 0 3542 5359; ppageno 0'>
   <div class='ocr_carea' id='block_1_1' title="bbox 379 541 1308 617">
    <p class='ocr_par' dir='ltr' id='par_1_1' title="bbox 379 541 1308 617">
     <span class='ocr_line' id='line_1_1' title="bbox 379 541 1308 617; baseline -0.005 -12"><span class='ocrx_word' id='word_1_1' title='bbox 379 547 417 605; x_wconf 93' lang='lat'>16</span> <span class='ocrx_word' id='word_1_2' title='bbox 604 547 760 605; x_wconf 86' lang='lat' dir='ltr'><em>OPERIS</em></span> <span class='ocrx_word' id='word_1_3' title='bbox 784 546 973 617; x_wconf 80' lang='lat' dir='ltr'><em>MAJORJS</em></span> <span class='ocrx_word' id='word_1_4' title='bbox 996 543 1112 603; x_wconf 79' lang='lat' dir='ltr'><em>PARS</em></span> <span class='ocrx_word' id='word_1_5' title='bbox 1136 541 1308 616; x_wconf 84' lang='lat' dir='ltr'><em>QUINTA.</em></span> 
     </span>
    </p>
   </div>
   <div class='ocr_carea' id='block_1_2' title="bbox 376 726 1536 2686">
    <p class='ocr_par' dir='ltr' id='par_1_2' title="bbox 376 726 1536 2686">
     <span class='ocr_line' id='line_1_2' title="bbox 378 726 1530 804; baseline -0.001 -13"><span class='ocrx_word' id='word_1_6' title='bbox 378 749 488 804; x_wconf 90' lang='lat' dir='ltr'>uveae,</span> <span class='ocrx_word' id='word_1_7' title='bbox 504 737 538 792; x_wconf 92' lang='lat' dir='ltr'>et</span> <span class='ocrx_word' id='word_1_8' title='bbox 556 734 607 791; x_wconf 90' lang='lat' dir='ltr'>est</span> <span class='ocrx_word' id='word_1_9' title='bbox 625 728 711 791; x_wconf 89' lang='lat' dir='ltr'>sicut</span> <span class='ocrx_word' id='word_1_10' title='bbox 729 747 828 790; x_wconf 91' lang='lat' dir='ltr'>comu</span> <span class='ocrx_word' id='word_1_11' title='bbox 852 726 987 801; x_wconf 89' lang='lat' dir='ltr'>clarum,</span> <span class='ocrx_word' id='word_1_12' title='bbox 1004 736 1039 790; x_wconf 90' lang='lat' dir='ltr'>et</span> <span class='ocrx_word' id='word_1_13' title='bbox 1059 728 1135 792; x_wconf 92' lang='lat' dir='ltr'>ideo</span> <span class='ocrx_word' id='word_1_14' title='bbox 1153 738 1291 792; x_wconf 89' lang='lat' dir='ltr'>vocatur</span> <span class='ocrx_word' id='word_1_15' title='bbox 1310 746 1438 793; x_wconf 91' lang='lat' dir='ltr'>cornea.</span> <span class='ocrx_word' id='word_1_16' title='bbox 1485 726 1530 790; x_wconf 93' lang='lat' dir='ltr'>Et</span> 
     </span>
     <span class='ocr_line' id='line_1_3' title="bbox 376 830 1531 915; baseline -0.003 -19"><span class='ocrx_word' id='word_1_17' title='bbox 376 831 595 915; x_wconf 86' lang='lat' dir='ltr'>componitur,</span> <span class='ocrx_word' id='word_1_18' title='bbox 618 842 655 895; x_wconf 92' lang='lat' dir='ltr'>ut</span> <span class='ocrx_word' id='word_1_19' title='bbox 682 830 854 895; x_wconf 85' lang='lat' dir='ltr'>Avicenna</span> <span class='ocrx_word' id='word_1_20' title='bbox 882 832 963 895; x_wconf 92' lang='lat' dir='ltr'>dicit</span> <span class='ocrx_word' id='word_1_21' title='bbox 989 830 1073 896; x_wconf 91' lang='lat' dir='ltr'>libro</span> <span class='ocrx_word' id='word_1_22' title='bbox 1099 841 1292 907; x_wconf 89' lang='lat' dir='ltr'>memorato,</span> <span class='ocrx_word' id='word_1_23' title='bbox 1316 852 1361 895; x_wconf 93' lang='lat' dir='ltr'>ex</span> <span class='ocrx_word' id='word_1_24' title='bbox 1386 838 1531 913; x_wconf 89' lang='lat' dir='ltr'>quatuor</span> 
     </span>
     <span class='ocr_line' id='line_1_4' title="bbox 377 934 1530 1014; baseline -0.003 -13"><span class='ocrx_word' id='word_1_25' title='bbox 377 937 498 1001; x_wconf 89' lang='lat' dir='ltr'>tunicis</span> <span class='ocrx_word' id='word_1_26' title='bbox 528 935 705 999; x_wconf 85' lang='lat' dir='ltr'>subtilibus</span> <span class='ocrx_word' id='word_1_27' title='bbox 735 934 955 1014; x_wconf 89' lang='lat' dir='ltr'>corticalibus,</span> <span class='ocrx_word' id='word_1_28' title='bbox 978 946 1012 1000; x_wconf 86' lang='lat' dir='ltr'>et</span> <span class='ocrx_word' id='word_1_29' title='bbox 1041 947 1120 1000; x_wconf 91' lang='lat' dir='ltr'>sunt</span> <span class='ocrx_word' id='word_1_30' title='bbox 1149 937 1235 1001; x_wconf 91' lang='lat' dir='ltr'>sicut</span> <span class='ocrx_word' id='word_1_31' title='bbox 1263 937 1411 1014; x_wconf 89' lang='lat' dir='ltr'>cortices,</span> <span class='ocrx_word' id='word_1_32' title='bbox 1434 946 1480 1013; x_wconf 93' lang='lat' dir='ltr'>ut,</span> <span class='ocrx_word' id='word_1_33' title='bbox 1503 936 1530 997; x_wconf 91' lang='lat' dir='ltr'>si</span> 
     </span>
     <span class='ocr_line' id='line_1_5' title="bbox 377 1041 1532 1126; baseline -0.003 -19"><span class='ocrx_word' id='word_1_34' title='bbox 377 1043 598 1108; x_wconf 90' lang='lat' dir='ltr'>excorticetur</span> <span class='ocrx_word' id='word_1_35' title='bbox 614 1063 698 1105; x_wconf 90' lang='lat' dir='ltr'>unus</span> <span class='ocrx_word' id='word_1_36' title='bbox 719 1062 843 1115; x_wconf 85' lang='lat' dir='ltr'>eorum,</span> <span class='ocrx_word' id='word_1_37' title='bbox 861 1062 927 1106; x_wconf 92' lang='lat' dir='ltr'>non</span> <span class='ocrx_word' id='word_1_38' title='bbox 947 1051 1082 1126; x_wconf 90' lang='lat' dir='ltr'>propter</span> <span class='ocrx_word' id='word_1_39' title='bbox 1096 1042 1160 1105; x_wconf 90' lang='lat' dir='ltr'>hoc</span> <span class='ocrx_word' id='word_1_40' title='bbox 1180 1042 1354 1107; x_wconf 88' lang='lat' dir='ltr'>laedantur</span> <span class='ocrx_word' id='word_1_41' title='bbox 1374 1041 1441 1106; x_wconf 90' lang='lat' dir='ltr'>alii.</span> <span class='ocrx_word' id='word_1_42' title='bbox 1486 1041 1532 1104; x_wconf 93' lang='lat' dir='ltr'>Et</span> 
     </span>
     <span class='ocr_line' id='line_1_6' title="bbox 377 1145 1531 1231; baseline 0 -23"><span class='ocrx_word' id='word_1_43' title='bbox 377 1145 501 1212; x_wconf 89' lang='lat' dir='ltr'>factum</span> <span class='ocrx_word' id='word_1_44' title='bbox 525 1157 574 1211; x_wconf 88' lang='lat' dir='ltr'>est</span> <span class='ocrx_word' id='word_1_45' title='bbox 599 1147 654 1223; x_wconf 85' lang='lat' dir='ltr'>ita,</span> <span class='ocrx_word' id='word_1_46' title='bbox 673 1155 710 1210; x_wconf 92' lang='lat' dir='ltr'>ut</span> <span class='ocrx_word' id='word_1_47' title='bbox 731 1146 775 1210; x_wconf 91' lang='lat' dir='ltr'>sit</span> <span class='ocrx_word' id='word_1_48' title='bbox 798 1145 879 1209; x_wconf 89' lang='lat' dir='ltr'>haee</span> <span class='ocrx_word' id='word_1_49' title='bbox 903 1147 1015 1209; x_wconf 89' lang='lat' dir='ltr'>tunica</span> <span class='ocrx_word' id='word_1_50' title='bbox 1038 1146 1131 1211; x_wconf 89' lang='lat' dir='ltr'>fortis</span> <span class='ocrx_word' id='word_1_51' title='bbox 1156 1156 1291 1231; x_wconf 88' lang='lat' dir='ltr'>propter</span> <span class='ocrx_word' id='word_1_52' title='bbox 1313 1146 1475 1211; x_wconf 89' lang='lat' dir='ltr'>laesiones</span> <span class='ocrx_word' id='word_1_53' title='bbox 1498 1156 1531 1208; x_wconf 91' lang='lat' dir='ltr'>et</span> 
     </span>
     <span class='ocr_line' id='line_1_7' title="bbox 378 1248 1532 1333; baseline 0.001 -21"><span class='ocrx_word' id='word_1_54' title='bbox 378 1249 608 1333; x_wconf 84' lang='lat' dir='ltr'>impressiones</span> <span class='ocrx_word' id='word_1_55' title='bbox 631 1251 810 1314; x_wconf 85' lang='lat' dir='ltr'>exteriores</span> <span class='ocrx_word' id='word_1_56' title='bbox 835 1251 879 1313; x_wconf 94' lang='lat' dir='ltr'>ab</span> <span class='ocrx_word' id='word_1_57' title='bbox 906 1270 982 1313; x_wconf 90' lang='lat' dir='ltr'>aere</span> <span class='ocrx_word' id='word_1_58' title='bbox 1004 1251 1181 1329; x_wconf 90' lang='lat' dir='ltr'>venientes,</span> <span class='ocrx_word' id='word_1_59' title='bbox 1202 1261 1236 1313; x_wconf 89' lang='lat' dir='ltr'>et</span> <span class='ocrx_word' id='word_1_60' title='bbox 1262 1260 1334 1314; x_wconf 91' lang='lat' dir='ltr'>tum</span> <span class='ocrx_word' id='word_1_61' title='bbox 1362 1259 1412 1313; x_wconf 88' lang='lat' dir='ltr'>est</span> <span class='ocrx_word' id='word_1_62' title='bbox 1435 1248 1532 1313; x_wconf 85' lang='lat' dir='ltr'>valde</span> 
     </span>
     <span class='ocr_line' id='line_1_8' title="bbox 378 1354 1530 1437; baseline -0.003 -18"><span class='ocrx_word' id='word_1_63' title='bbox 378 1355 554 1436; x_wconf 90' lang='lat' dir='ltr'>diaphana,</span> <span class='ocrx_word' id='word_1_64' title='bbox 568 1364 604 1418; x_wconf 90' lang='lat' dir='ltr'>ut</span> <span class='ocrx_word' id='word_1_65' title='bbox 621 1355 801 1419; x_wconf 92' lang='lat' dir='ltr'>multitudo</span> <span class='ocrx_word' id='word_1_66' title='bbox 813 1355 999 1419; x_wconf 90' lang='lat' dir='ltr'>tunicarum</span> <span class='ocrx_word' id='word_1_67' title='bbox 1016 1354 1087 1437; x_wconf 89' lang='lat' dir='ltr'>ejus</span> <span class='ocrx_word' id='word_1_68' title='bbox 1102 1374 1169 1418; x_wconf 86' lang='lat' dir='ltr'>non</span> <span class='ocrx_word' id='word_1_69' title='bbox 1184 1354 1341 1437; x_wconf 88' lang='lat' dir='ltr'>impediat</span> <span class='ocrx_word' id='word_1_70' title='bbox 1355 1355 1530 1418; x_wconf 87' lang='lat' dir='ltr'>transitum</span> 
     </span>
     <span class='ocr_line' id='line_1_9' title="bbox 377 1456 1532 1540; baseline 0.001 -19"><span class='ocrx_word' id='word_1_71' title='bbox 377 1460 559 1540; x_wconf 86' lang='lat' dir='ltr'>specierum</span> <span class='ocrx_word' id='word_1_72' title='bbox 587 1479 694 1522; x_wconf 90' lang='lat' dir='ltr'>rerum</span> <span class='ocrx_word' id='word_1_73' title='bbox 719 1459 906 1522; x_wconf 88' lang='lat' dir='ltr'>visibilium.</span> <span class='ocrx_word' id='word_1_74' title='bbox 951 1458 1066 1522; x_wconf 90' lang='lat' dir='ltr'>Tertia</span> <span class='ocrx_word' id='word_1_75' title='bbox 1091 1460 1201 1523; x_wconf 89' lang='lat' dir='ltr'>tunica</span> <span class='ocrx_word' id='word_1_76' title='bbox 1227 1458 1314 1523; x_wconf 91' lang='lat' dir='ltr'>oculi</span> <span class='ocrx_word' id='word_1_77' title='bbox 1342 1459 1380 1523; x_wconf 88' lang='lat' dir='ltr'>fit</span> <span class='ocrx_word' id='word_1_78' title='bbox 1407 1480 1451 1523; x_wconf 93' lang='lat' dir='ltr'>ex</span> <span class='ocrx_word' id='word_1_79' title='bbox 1477 1456 1532 1522; x_wconf 87' lang='lat' dir='ltr'>illa</span> 
     </span>
     <span class='ocr_line' id='line_1_10' title="bbox 378 1561 1533 1646; baseline 0 -21"><span class='ocrx_word' id='word_1_80' title='bbox 378 1561 532 1646; x_wconf 87' lang='lat' dir='ltr'>pellicula</span> <span class='ocrx_word' id='word_1_81' title='bbox 553 1563 642 1626; x_wconf 89' lang='lat' dir='ltr'>nervi</span> <span class='ocrx_word' id='word_1_82' title='bbox 659 1563 764 1637; x_wconf 88' lang='lat' dir='ltr'>tertia,</span> <span class='ocrx_word' id='word_1_83' title='bbox 780 1584 867 1646; x_wconf 89' lang='lat' dir='ltr'>quae</span> <span class='ocrx_word' id='word_1_84' title='bbox 882 1562 971 1627; x_wconf 93' lang='lat' dir='ltr'>venit</span> <span class='ocrx_word' id='word_1_85' title='bbox 991 1583 1011 1626; x_wconf 87' lang='lat' dir='ltr'>a</span> <span class='ocrx_word' id='word_1_86' title='bbox 1033 1563 1227 1627; x_wconf 86' lang='lat' dir='ltr'>membrana</span> <span class='ocrx_word' id='word_1_87' title='bbox 1245 1583 1394 1641; x_wconf 89' lang='lat' dir='ltr'>corneae,</span> <span class='ocrx_word' id='word_1_88' title='bbox 1408 1572 1443 1626; x_wconf 92' lang='lat' dir='ltr'>et</span> <span class='ocrx_word' id='word_1_89' title='bbox 1461 1561 1533 1644; x_wconf 89' lang='lat' dir='ltr'>ejus</span> 
     </span>
     <span class='ocr_line' id='line_1_11' title="bbox 379 1665 1533 1750; baseline -0.002 -21"><span class='ocrx_word' id='word_1_90' title='bbox 379 1686 456 1747; x_wconf 90' lang='lat' dir='ltr'>pars</span> <span class='ocrx_word' id='word_1_91' title='bbox 475 1666 580 1748; x_wconf 89' lang='lat' dir='ltr'>prima</span> <span class='ocrx_word' id='word_1_92' title='bbox 600 1666 813 1750; x_wconf 85' lang='lat' dir='ltr'>conjungitur</span> <span class='ocrx_word' id='word_1_93' title='bbox 830 1666 895 1730; x_wconf 90' lang='lat' dir='ltr'>ossi</span> <span class='ocrx_word' id='word_1_94' title='bbox 915 1666 1010 1742; x_wconf 91' lang='lat' dir='ltr'>oculi,</span> <span class='ocrx_word' id='word_1_95' title='bbox 1026 1676 1060 1731; x_wconf 89' lang='lat' dir='ltr'>et</span> <span class='ocrx_word' id='word_1_96' title='bbox 1079 1668 1166 1731; x_wconf 88' lang='lat' dir='ltr'>adeo</span> <span class='ocrx_word' id='word_1_97' title='bbox 1186 1675 1235 1731; x_wconf 90' lang='lat' dir='ltr'>est</span> <span class='ocrx_word' id='word_1_98' title='bbox 1255 1667 1347 1743; x_wconf 91' lang='lat' dir='ltr'>dura,</span> <span class='ocrx_word' id='word_1_99' title='bbox 1362 1676 1397 1729; x_wconf 92' lang='lat' dir='ltr'>et</span> <span class='ocrx_word' id='word_1_100' title='bbox 1416 1665 1533 1739; x_wconf 91' lang='lat' dir='ltr'>solida,</span> 
     </span>
     <span class='ocr_line' id='line_1_12' title="bbox 383 1769 1534 1853; baseline -0.002 -21"><span class='ocrx_word' id='word_1_101' title='bbox 383 1779 416 1832; x_wconf 91' lang='lat' dir='ltr'>et</span> <span class='ocrx_word' id='word_1_102' title='bbox 436 1769 511 1832; x_wconf 93' lang='lat' dir='ltr'>ideo</span> <span class='ocrx_word' id='word_1_103' title='bbox 535 1770 654 1833; x_wconf 90' lang='lat' dir='ltr'>dicitur</span> <span class='ocrx_word' id='word_1_104' title='bbox 676 1770 855 1848; x_wconf 91' lang='lat' dir='ltr'>sclerotica,</span> <span class='ocrx_word' id='word_1_105' title='bbox 873 1769 999 1853; x_wconf 88' lang='lat' dir='ltr'>reliqua</span> <span class='ocrx_word' id='word_1_106' title='bbox 1018 1790 1097 1835; x_wconf 87' lang='lat' dir='ltr'>vero</span> <span class='ocrx_word' id='word_1_107' title='bbox 1118 1789 1194 1853; x_wconf 91' lang='lat' dir='ltr'>pars</span> <span class='ocrx_word' id='word_1_108' title='bbox 1216 1770 1410 1833; x_wconf 84' lang='lat' dir='ltr'>extenditur</span> <span class='ocrx_word' id='word_1_109' title='bbox 1431 1789 1534 1851; x_wconf 89' lang='lat' dir='ltr'>usque</span> 
     </span>
     <span class='ocr_line' id='line_1_13' title="bbox 382 1873 1533 1958; baseline -0.003 -21"><span class='ocrx_word' id='word_1_110' title='bbox 382 1874 424 1937; x_wconf 88' lang='lat' dir='ltr'>ad</span> <span class='ocrx_word' id='word_1_111' title='bbox 441 1893 605 1937; x_wconf 90' lang='lat' dir='ltr'>corneam.</span> <span class='ocrx_word' id='word_1_112' title='bbox 650 1876 739 1937; x_wconf 90' lang='lat' dir='ltr'>Nam</span> <span class='ocrx_word' id='word_1_113' title='bbox 760 1894 825 1938; x_wconf 87' lang='lat' dir='ltr'>non</span> <span class='ocrx_word' id='word_1_114' title='bbox 847 1874 1036 1958; x_wconf 88' lang='lat' dir='ltr'>completur</span> <span class='ocrx_word' id='word_1_115' title='bbox 1055 1874 1137 1939; x_wconf 90' lang='lat' dir='ltr'>haee</span> <span class='ocrx_word' id='word_1_116' title='bbox 1156 1876 1276 1951; x_wconf 90' lang='lat' dir='ltr'>tunica,</span> <span class='ocrx_word' id='word_1_117' title='bbox 1291 1875 1350 1937; x_wconf 91' lang='lat' dir='ltr'>sed</span> <span class='ocrx_word' id='word_1_118' title='bbox 1371 1873 1484 1938; x_wconf 87' lang='lat' dir='ltr'>deficit</span> <span class='ocrx_word' id='word_1_119' title='bbox 1503 1873 1533 1935; x_wconf 91' lang='lat' dir='ltr'>ei</span> 
     </span>
     <span class='ocr_line' id='line_1_14' title="bbox 383 1976 1534 2062; baseline -0.001 -22"><span class='ocrx_word' id='word_1_120' title='bbox 383 1976 490 2059; x_wconf 92' lang='lat' dir='ltr'>portio</span> <span class='ocrx_word' id='word_1_121' title='bbox 520 1978 688 2061; x_wconf 85' lang='lat' dir='ltr'>sphaerae,</span> <span class='ocrx_word' id='word_1_122' title='bbox 710 1988 745 2041; x_wconf 90' lang='lat' dir='ltr'>et</span> <span class='ocrx_word' id='word_1_123' title='bbox 775 1988 825 2041; x_wconf 90' lang='lat' dir='ltr'>est</span> <span class='ocrx_word' id='word_1_124' title='bbox 856 1978 982 2060; x_wconf 88' lang='lat' dir='ltr'>repleta</span> <span class='ocrx_word' id='word_1_125' title='bbox 1011 1998 1110 2043; x_wconf 90' lang='lat' dir='ltr'>carne</span> <span class='ocrx_word' id='word_1_126' title='bbox 1138 1978 1250 2062; x_wconf 84' lang='lat' dir='ltr'>pingui</span> <span class='ocrx_word' id='word_1_127' title='bbox 1277 1988 1310 2043; x_wconf 91' lang='lat' dir='ltr'>et</span> <span class='ocrx_word' id='word_1_128' title='bbox 1340 1978 1426 2054; x_wconf 89' lang='lat' dir='ltr'>alba,</span> <span class='ocrx_word' id='word_1_129' title='bbox 1450 1978 1534 2041; x_wconf 90' lang='lat' dir='ltr'>sicut</span> 
     </span>
     <span class='ocr_line' id='line_1_15' title="bbox 382 2080 1534 2159; baseline 0 -15"><span class='ocrx_word' id='word_1_130' title='bbox 382 2081 533 2145; x_wconf 90' lang='lat' dir='ltr'>videmus</span> <span class='ocrx_word' id='word_1_131' title='bbox 556 2083 702 2146; x_wconf 86' lang='lat' dir='ltr'>exterius</span> <span class='ocrx_word' id='word_1_132' title='bbox 723 2082 755 2146; x_wconf 89' lang='lat' dir='ltr'>in</span> <span class='ocrx_word' id='word_1_133' title='bbox 779 2080 892 2159; x_wconf 90' lang='lat' dir='ltr'>oculis,</span> <span class='ocrx_word' id='word_1_134' title='bbox 907 2093 941 2146; x_wconf 90' lang='lat' dir='ltr'>et</span> <span class='ocrx_word' id='word_1_135' title='bbox 959 2093 1098 2147; x_wconf 89' lang='lat' dir='ltr'>vocatur</span> <span class='ocrx_word' id='word_1_136' title='bbox 1117 2081 1353 2147; x_wconf 87' lang='lat' dir='ltr'>consolidativa</span> <span class='ocrx_word' id='word_1_137' title='bbox 1375 2103 1433 2145; x_wconf 90' lang='lat' dir='ltr'>seu</span> <span class='ocrx_word' id='word_1_138' title='bbox 1457 2102 1534 2145; x_wconf 91' lang='lat' dir='ltr'>con·</span> 
     </span>
     <span class='ocr_line' id='line_1_16' title="bbox 379 2184 1535 2271; baseline 0.001 -24"><span class='ocrx_word' id='word_1_139' title='bbox 379 2184 537 2266; x_wconf 88' lang='lat' dir='ltr'>junctiva.</span> <span class='ocrx_word' id='word_1_140' title='bbox 593 2186 876 2251; x_wconf 86' lang='lat' dir='ltr'>Considerandum</span> <span class='ocrx_word' id='word_1_141' title='bbox 903 2207 982 2250; x_wconf 89' lang='lat' dir='ltr'>vero</span> <span class='ocrx_word' id='word_1_142' title='bbox 1012 2186 1195 2271; x_wconf 82' lang='lat' dir='ltr'>diligenter,</span> <span class='ocrx_word' id='word_1_143' title='bbox 1220 2188 1311 2269; x_wconf 92' lang='lat' dir='ltr'>quod</span> <span class='ocrx_word' id='word_1_144' title='bbox 1339 2206 1405 2249; x_wconf 91' lang='lat' dir='ltr'>uno</span> <span class='ocrx_word' id='word_1_145' title='bbox 1434 2187 1535 2249; x_wconf 91' lang='lat' dir='ltr'>modo</span> 
     </span>
     <span class='ocr_line' id='line_1_17' title="bbox 381 2290 1535 2372; baseline 0.001 -20"><span class='ocrx_word' id='word_1_146' title='bbox 381 2290 535 2352; x_wconf 92' lang='lat' dir='ltr'>dicuntur</span> <span class='ocrx_word' id='word_1_147' title='bbox 564 2300 631 2354; x_wconf 91' lang='lat' dir='ltr'>tres</span> <span class='ocrx_word' id='word_1_148' title='bbox 661 2292 791 2355; x_wconf 90' lang='lat' dir='ltr'>tunicae</span> <span class='ocrx_word' id='word_1_149' title='bbox 821 2300 961 2367; x_wconf 90' lang='lat' dir='ltr'>tantum,</span> <span class='ocrx_word' id='word_1_150' title='bbox 985 2290 1052 2356; x_wconf 91' lang='lat' dir='ltr'>alio</span> <span class='ocrx_word' id='word_1_151' title='bbox 1081 2294 1184 2356; x_wconf 90' lang='lat' dir='ltr'>modo</span> <span class='ocrx_word' id='word_1_152' title='bbox 1214 2312 1294 2355; x_wconf 85' lang='lat' dir='ltr'>sex:</span> <span class='ocrx_word' id='word_1_153' title='bbox 1332 2300 1366 2354; x_wconf 91' lang='lat' dir='ltr'>et</span> <span class='ocrx_word' id='word_1_154' title='bbox 1396 2301 1535 2372; x_wconf 90' lang='lat' dir='ltr'>utraque</span> 
     </span>
     <span class='ocr_line' id='line_1_18' title="bbox 381 2393 1536 2477; baseline 0.003 -21"><span class='ocrx_word' id='word_1_155' title='bbox 381 2393 600 2458; x_wconf 85' lang='lat' dir='ltr'>consideratio</span> <span class='ocrx_word' id='word_1_156' title='bbox 615 2414 692 2458; x_wconf 90' lang='lat' dir='ltr'>vera</span> <span class='ocrx_word' id='word_1_157' title='bbox 712 2406 762 2458; x_wconf 90' lang='lat' dir='ltr'>est</span> <span class='ocrx_word' id='word_1_158' title='bbox 784 2405 817 2458; x_wconf 91' lang='lat' dir='ltr'>et</span> <span class='ocrx_word' id='word_1_159' title='bbox 837 2395 1050 2459; x_wconf 89' lang='lat' dir='ltr'>rationabilis.</span> <span class='ocrx_word' id='word_1_160' title='bbox 1096 2396 1185 2459; x_wconf 92' lang='lat' dir='ltr'>Nam</span> <span class='ocrx_word' id='word_1_161' title='bbox 1205 2396 1233 2458; x_wconf 91' lang='lat' dir='ltr'>si</span> <span class='ocrx_word' id='word_1_162' title='bbox 1247 2395 1394 2477; x_wconf 85' lang='lat' dir='ltr'>integras</span> <span class='ocrx_word' id='word_1_163' title='bbox 1407 2396 1536 2459; x_wconf 83' lang='lat' dir='ltr'>tunicas</span> 
     </span>
     <span class='ocr_line' id='line_1_19' title="bbox 382 2498 1536 2583; baseline -0.001 -21"><span class='ocrx_word' id='word_1_164' title='bbox 382 2498 635 2577; x_wconf 88' lang='lat' dir='ltr'>consideremus,</span> <span class='ocrx_word' id='word_1_165' title='bbox 650 2508 728 2563; x_wconf 93' lang='lat' dir='ltr'>sunt</span> <span class='ocrx_word' id='word_1_166' title='bbox 743 2509 875 2563; x_wconf 91' lang='lat' dir='ltr'>tantum</span> <span class='ocrx_word' id='word_1_167' title='bbox 892 2509 967 2564; x_wconf 87' lang='lat' dir='ltr'>tres.</span> <span class='ocrx_word' id='word_1_168' title='bbox 1014 2498 1050 2563; x_wconf 91' lang='lat' dir='ltr'>Si</span> <span class='ocrx_word' id='word_1_169' title='bbox 1065 2520 1144 2563; x_wconf 94' lang='lat' dir='ltr'>vero</span> <span class='ocrx_word' id='word_1_170' title='bbox 1165 2499 1409 2563; x_wconf 89' lang='lat' dir='ltr'>consideremus</span> <span class='ocrx_word' id='word_1_171' title='bbox 1427 2509 1536 2583; x_wconf 88' lang='lat' dir='ltr'>partes</span> 
     </span>
     <span class='ocr_line' id='line_1_20' title="bbox 383 2602 1536 2686; baseline 0 -20"><span class='ocrx_word' id='word_1_172' title='bbox 383 2602 582 2686; x_wconf 86' lang='lat' dir='ltr'>posteriores</span> <span class='ocrx_word' id='word_1_173' title='bbox 608 2604 780 2667; x_wconf 89' lang='lat' dir='ltr'>distinctas</span> <span class='ocrx_word' id='word_1_174' title='bbox 805 2625 824 2666; x_wconf 91' lang='lat' dir='ltr'>a</span> <span class='ocrx_word' id='word_1_175' title='bbox 852 2604 1016 2686; x_wconf 89' lang='lat' dir='ltr'>prioribus</span> <span class='ocrx_word' id='word_1_176' title='bbox 1042 2612 1077 2666; x_wconf 94' lang='lat' dir='ltr'>et</span> <span class='ocrx_word' id='word_1_177' title='bbox 1103 2605 1236 2668; x_wconf 90' lang='lat' dir='ltr'>nomine</span> <span class='ocrx_word' id='word_1_178' title='bbox 1262 2613 1296 2667; x_wconf 91' lang='lat' dir='ltr'>et</span> <span class='ocrx_word' id='word_1_179' title='bbox 1321 2624 1366 2678; x_wconf 92' lang='lat' dir='ltr'>re,</span> <span class='ocrx_word' id='word_1_180' title='bbox 1387 2604 1433 2666; x_wconf 89' lang='lat' dir='ltr'>sic</span> <span class='ocrx_word' id='word_1_181' title='bbox 1458 2612 1536 2666; x_wconf 89' lang='lat' dir='ltr'>sunt</span> 
     </span>
    </p>
   </div>
   <div class='ocr_carea' id='block_1_3' title="bbox 382 2706 1538 2898">
    <p class='ocr_par' dir='ltr' id='par_1_3' title="bbox 382 2706 1538 2898">
     <span class='ocr_line' id='line_1_21' title="bbox 382 2706 1537 2792; baseline 0.003 -23"><span class='ocrx_word' id='word_1_182' title='bbox 382 2727 453 2770; x_wconf 90' lang='lat' dir='ltr'>sex.</span> <span class='ocrx_word' id='word_1_183' title='bbox 499 2706 587 2771; x_wconf 92' lang='lat' dir='ltr'>Nam</span> <span class='ocrx_word' id='word_1_184' title='bbox 607 2718 674 2771; x_wconf 91' lang='lat' dir='ltr'>tres</span> <span class='ocrx_word' id='word_1_185' title='bbox 695 2717 804 2791; x_wconf 87' lang='lat' dir='ltr'>partes</span> <span class='ocrx_word' id='word_1_186' title='bbox 827 2718 905 2771; x_wconf 89' lang='lat' dir='ltr'>sunt</span> <span class='ocrx_word' id='word_1_187' title='bbox 924 2730 945 2772; x_wconf 90' lang='lat' dir='ltr'>a</span> <span class='ocrx_word' id='word_1_188' title='bbox 965 2707 1147 2792; x_wconf 87' lang='lat' dir='ltr'>posteriori,</span> <span class='ocrx_word' id='word_1_189' title='bbox 1162 2718 1197 2772; x_wconf 92' lang='lat' dir='ltr'>et</span> <span class='ocrx_word' id='word_1_190' title='bbox 1218 2719 1285 2772; x_wconf 91' lang='lat' dir='ltr'>tres</span> <span class='ocrx_word' id='word_1_191' title='bbox 1307 2708 1350 2771; x_wconf 92' lang='lat' dir='ltr'>ab</span> <span class='ocrx_word' id='word_1_192' title='bbox 1372 2707 1537 2772; x_wconf 85' lang='lat' dir='ltr'>anteriori.</span> 
     </span>
     <span class='ocr_line' id='line_1_22' title="bbox 384 2811 1538 2898; baseline -0.001 -24"><span class='ocrx_word' id='word_1_193' title='bbox 384 2811 498 2896; x_wconf 85' lang='lat' dir='ltr'>Aliqui</span> <span class='ocrx_word' id='word_1_194' title='bbox 532 2814 632 2876; x_wconf 87' lang='lat' dir='ltr'>etiam</span> <span class='ocrx_word' id='word_1_195' title='bbox 667 2813 841 2878; x_wconf 88' lang='lat' dir='ltr'>voluerunt</span> <span class='ocrx_word' id='word_1_196' title='bbox 878 2833 950 2879; x_wconf 90' lang='lat' dir='ltr'>esse</span> <span class='ocrx_word' id='word_1_197' title='bbox 987 2814 1168 2898; x_wconf 87' lang='lat' dir='ltr'>pauciores,</span> <span class='ocrx_word' id='word_1_198' title='bbox 1198 2825 1232 2878; x_wconf 93' lang='lat' dir='ltr'>et</span> <span class='ocrx_word' id='word_1_199' title='bbox 1265 2814 1328 2877; x_wconf 93' lang='lat' dir='ltr'>hoc</span> <span class='ocrx_word' id='word_1_200' title='bbox 1367 2812 1538 2896; x_wconf 89' lang='lat' dir='ltr'>multiplici</span> 
     </span>
    </p>
   </div>
   <div class='ocr_carea' id='block_1_4' title="bbox 384 2915 1541 4034">
    <p class='ocr_par' dir='ltr' id='par_1_4' title="bbox 384 2915 1541 4034">
     <span class='ocr_line' id='line_1_23' title="bbox 384 2915 1538 2999; baseline -0.002 -18"><span class='ocrx_word' id='word_1_201' title='bbox 384 2918 663 2996; x_wconf 80' lang='lat' dir='ltr'>consideratione3</span> <span class='ocrx_word' id='word_1_202' title='bbox 694 2918 752 2981; x_wconf 90' lang='lat' dir='ltr'>sed</span> <span class='ocrx_word' id='word_1_203' title='bbox 776 2918 819 2981; x_wconf 89' lang='lat' dir='ltr'>de</span> <span class='ocrx_word' id='word_1_204' title='bbox 841 2917 894 2981; x_wconf 90' lang='lat' dir='ltr'>his</span> <span class='ocrx_word' id='word_1_205' title='bbox 916 2938 983 2982; x_wconf 92' lang='lat' dir='ltr'>non</span> <span class='ocrx_word' id='word_1_206' title='bbox 1006 2926 1057 2982; x_wconf 90' lang='lat' dir='ltr'>est</span> <span class='ocrx_word' id='word_1_207' title='bbox 1080 2919 1273 2991; x_wconf 89' lang='lat' dir='ltr'>curandum,</span> <span class='ocrx_word' id='word_1_208' title='bbox 1295 2916 1374 2999; x_wconf 90' lang='lat' dir='ltr'>quia</span> <span class='ocrx_word' id='word_1_209' title='bbox 1395 2915 1538 2981; x_wconf 89' lang='lat' dir='ltr'>violenta</span> 
     </span>
     <span class='ocr_line' id='line_1_24' title="bbox 384 3020 1536 3103; baseline 0 -20"><span class='ocrx_word' id='word_1_210' title='bbox 384 3030 435 3084; x_wconf 91' lang='lat' dir='ltr'>est</span> <span class='ocrx_word' id='word_1_211' title='bbox 450 3041 564 3083; x_wconf 90' lang='lat' dir='ltr'>eorum</span> <span class='ocrx_word' id='word_1_212' title='bbox 582 3021 818 3103; x_wconf 87' lang='lat' dir='ltr'>interpretatio,</span> <span class='ocrx_word' id='word_1_213' title='bbox 829 3033 863 3085; x_wconf 95' lang='lat' dir='ltr'>et</span> <span class='ocrx_word' id='word_1_214' title='bbox 879 3022 990 3085; x_wconf 91' lang='lat' dir='ltr'>deviat</span> <span class='ocrx_word' id='word_1_215' title='bbox 1005 3044 1025 3085; x_wconf 94' lang='lat' dir='ltr'>a</span> <span class='ocrx_word' id='word_1_216' title='bbox 1040 3033 1129 3087; x_wconf 90' lang='lat' dir='ltr'>recta</span> <span class='ocrx_word' id='word_1_217' title='bbox 1144 3023 1277 3085; x_wconf 88' lang='lat' dir='ltr'>ratione.</span> <span class='ocrx_word' id='word_1_218' title='bbox 1307 3020 1420 3103; x_wconf 85' lang='lat' dir='ltr'>Aliqui</span> <span class='ocrx_word' id='word_1_219' title='bbox 1436 3020 1536 3083; x_wconf 90' lang='lat' dir='ltr'>etiam</span> 
     </span>
     <span class='ocr_line' id='line_1_25' title="bbox 385 3121 1538 3207; baseline 0 -21"><span class='ocrx_word' id='word_1_220' title='bbox 385 3133 513 3205; x_wconf 90' lang='lat' dir='ltr'>septem</span> <span class='ocrx_word' id='word_1_221' title='bbox 526 3121 538 3159; x_wconf 86' lang='lat'>¹</span> <span class='ocrx_word' id='word_1_222' title='bbox 553 3124 681 3187; x_wconf 88' lang='lat' dir='ltr'>tunicas</span> <span class='ocrx_word' id='word_1_223' title='bbox 696 3135 898 3206; x_wconf 87' lang='lat' dir='ltr'>posuerunt;</span> <span class='ocrx_word' id='word_1_224' title='bbox 914 3126 972 3189; x_wconf 87' lang='lat' dir='ltr'>sed</span> <span class='ocrx_word' id='word_1_225' title='bbox 984 3125 1106 3191; x_wconf 88' lang='lat' dir='ltr'>salsum</span> <span class='ocrx_word' id='word_1_226' title='bbox 1116 3137 1177 3203; x_wconf 90' lang='lat' dir='ltr'>est,</span> <span class='ocrx_word' id='word_1_227' title='bbox 1188 3126 1266 3207; x_wconf 91' lang='lat' dir='ltr'>quia</span> <span class='ocrx_word' id='word_1_228' title='bbox 1281 3125 1382 3188; x_wconf 91' lang='lat' dir='ltr'>telam</span> <span class='ocrx_word' id='word_1_229' title='bbox 1398 3143 1538 3187; x_wconf 83' lang='lat' dir='ltr'>araneae</span> 
     </span>
     <span class='ocr_line' id='line_1_26' title="bbox 386 3227 1538 3312; baseline 0.001 -23"><span class='ocrx_word' id='word_1_230' title='bbox 386 3248 446 3309; x_wconf 88' lang='lat' dir='ltr'>pro</span> <span class='ocrx_word' id='word_1_231' title='bbox 461 3227 572 3291; x_wconf 89' lang='lat' dir='ltr'>tunica</span> <span class='ocrx_word' id='word_1_232' title='bbox 587 3235 872 3310; x_wconf 87' lang='lat' dir='ltr'>computaverunt,</span> <span class='ocrx_word' id='word_1_233' title='bbox 888 3250 964 3294; x_wconf 89' lang='lat' dir='ltr'>cum</span> <span class='ocrx_word' id='word_1_234' title='bbox 982 3250 1048 3293; x_wconf 92' lang='lat' dir='ltr'>non</span> <span class='ocrx_word' id='word_1_235' title='bbox 1068 3232 1131 3295; x_wconf 92' lang='lat' dir='ltr'>sit:</span> <span class='ocrx_word' id='word_1_236' title='bbox 1155 3241 1189 3293; x_wconf 94' lang='lat' dir='ltr'>et</span> <span class='ocrx_word' id='word_1_237' title='bbox 1203 3228 1257 3305; x_wconf 93' lang='lat' dir='ltr'>illi,</span> <span class='ocrx_word' id='word_1_238' title='bbox 1273 3229 1329 3312; x_wconf 91' lang='lat' dir='ltr'>qui</span> <span class='ocrx_word' id='word_1_239' title='bbox 1344 3230 1457 3293; x_wconf 90' lang='lat' dir='ltr'>dicunt</span> <span class='ocrx_word' id='word_1_240' title='bbox 1472 3236 1538 3291; x_wconf 89' lang='lat' dir='ltr'>tres</span> 
     </span>
     <span class='ocr_line' id='line_1_27' title="bbox 385 3331 1539 3413; baseline 0 -19"><span class='ocrx_word' id='word_1_241' title='bbox 385 3352 464 3408; x_wconf 88' lang='lat' dir='ltr'>esse,</span> <span class='ocrx_word' id='word_1_242' title='bbox 474 3340 580 3394; x_wconf 90' lang='lat' dir='ltr'>totam</span> <span class='ocrx_word' id='word_1_243' title='bbox 596 3331 735 3413; x_wconf 88' lang='lat' dir='ltr'>primam</span> <span class='ocrx_word' id='word_1_244' title='bbox 751 3334 897 3397; x_wconf 91' lang='lat' dir='ltr'>tunicam</span> <span class='ocrx_word' id='word_1_245' title='bbox 913 3343 1033 3398; x_wconf 92' lang='lat' dir='ltr'>vocant</span> <span class='ocrx_word' id='word_1_246' title='bbox 1049 3355 1175 3411; x_wconf 90' lang='lat' dir='ltr'>uveam,</span> <span class='ocrx_word' id='word_1_247' title='bbox 1187 3345 1222 3398; x_wconf 92' lang='lat' dir='ltr'>et</span> <span class='ocrx_word' id='word_1_248' title='bbox 1236 3343 1344 3398; x_wconf 89' lang='lat' dir='ltr'>totam</span> <span class='ocrx_word' id='word_1_249' title='bbox 1359 3334 1539 3398; x_wconf 88' lang='lat' dir='ltr'>secundam</span> 
     </span>
     <span class='ocr_line' id='line_1_28' title="bbox 384 3437 1540 3514; baseline 0.003 -16"><span class='ocrx_word' id='word_1_250' title='bbox 384 3446 504 3498; x_wconf 91' lang='lat' dir='ltr'>vocant</span> <span class='ocrx_word' id='word_1_251' title='bbox 518 3456 680 3514; x_wconf 90' lang='lat' dir='ltr'>corneam,</span> <span class='ocrx_word' id='word_1_252' title='bbox 692 3445 844 3501; x_wconf 89' lang='lat' dir='ltr'>ettotam</span> <span class='ocrx_word' id='word_1_253' title='bbox 856 3438 988 3503; x_wconf 87' lang='lat' dir='ltr'>tertiam</span> <span class='ocrx_word' id='word_1_254' title='bbox 1000 3452 1120 3504; x_wconf 91' lang='lat' dir='ltr'>vocant</span> <span class='ocrx_word' id='word_1_255' title='bbox 1132 3438 1412 3502; x_wconf 87' lang='lat' dir='ltr'>consolidativam.</span> <span class='ocrx_word' id='word_1_256' title='bbox 1440 3437 1540 3502; x_wconf 92' lang='lat' dir='ltr'>Unde</span> 
     </span>
     <span class='ocr_line' id='line_1_29' title="bbox 385 3540 1540 3625; baseline 0.002 -22"><span class='ocrx_word' id='word_1_257' title='bbox 385 3547 537 3603; x_wconf 88' lang='lat' dir='ltr'>auctores</span> <span class='ocrx_word' id='word_1_258' title='bbox 552 3541 775 3624; x_wconf 90' lang='lat' dir='ltr'>perspectivae</span> <span class='ocrx_word' id='word_1_259' title='bbox 791 3551 897 3606; x_wconf 88' lang='lat' dir='ltr'>totam</span> <span class='ocrx_word' id='word_1_260' title='bbox 914 3542 1053 3625; x_wconf 88' lang='lat' dir='ltr'>primam</span> <span class='ocrx_word' id='word_1_261' title='bbox 1069 3551 1190 3607; x_wconf 90' lang='lat' dir='ltr'>vocant</span> <span class='ocrx_word' id='word_1_262' title='bbox 1205 3562 1333 3620; x_wconf 89' lang='lat' dir='ltr'>uveam,</span> <span class='ocrx_word' id='word_1_263' title='bbox 1348 3551 1382 3605; x_wconf 92' lang='lat' dir='ltr'>et</span> <span class='ocrx_word' id='word_1_264' title='bbox 1402 3542 1448 3607; x_wconf 92' lang='lat' dir='ltr'>sic</span> <span class='ocrx_word' id='word_1_265' title='bbox 1462 3540 1540 3605; x_wconf 89' lang='lat' dir='ltr'>volo</span> 
     </span>
     <span class='ocr_line' id='line_1_30' title="bbox 385 3642 1541 3728; baseline 0.004 -25"><span class='ocrx_word' id='word_1_266' title='bbox 385 3642 606 3725; x_wconf 89' lang='lat' dir='ltr'>principaliter</span> <span class='ocrx_word' id='word_1_267' title='bbox 622 3645 669 3709; x_wconf 89' lang='lat' dir='ltr'>uti</span> <span class='ocrx_word' id='word_1_268' title='bbox 684 3646 717 3707; x_wconf 93' lang='lat' dir='ltr'>in</span> <span class='ocrx_word' id='word_1_269' title='bbox 734 3646 835 3709; x_wconf 91' lang='lat' dir='ltr'>modo</span> <span class='ocrx_word' id='word_1_270' title='bbox 851 3646 984 3710; x_wconf 91' lang='lat' dir='ltr'>videndi</span> <span class='ocrx_word' id='word_1_271' title='bbox 999 3646 1205 3728; x_wconf 88' lang='lat' dir='ltr'>exequendo.</span> <span class='ocrx_word' id='word_1_272' title='bbox 1241 3646 1285 3709; x_wconf 89' lang='lat' dir='ltr'>Et</span> <span class='ocrx_word' id='word_1_273' title='bbox 1300 3647 1375 3709; x_wconf 89' lang='lat' dir='ltr'>ideo</span> <span class='ocrx_word' id='word_1_274' title='bbox 1386 3644 1541 3709; x_wconf 87' lang='lat' dir='ltr'>Alhazen</span> 
     </span>
     <span class='ocr_line' id='line_1_31' title="bbox 385 3746 1538 3829; baseline 0.003 -19"><span class='ocrx_word' id='word_1_275' title='bbox 385 3746 464 3810; x_wconf 93' lang='lat' dir='ltr'>dicit</span> <span class='ocrx_word' id='word_1_276' title='bbox 485 3749 575 3829; x_wconf 91' lang='lat' dir='ltr'>quod</span> <span class='ocrx_word' id='word_1_277' title='bbox 593 3770 677 3813; x_wconf 91' lang='lat' dir='ltr'>uvea</span> <span class='ocrx_word' id='word_1_278' title='bbox 691 3750 811 3814; x_wconf 88' lang='lat' dir='ltr'>habeat</span> <span class='ocrx_word' id='word_1_279' title='bbox 831 3752 899 3814; x_wconf 91' lang='lat' dir='ltr'>duo</span> <span class='ocrx_word' id='word_1_280' title='bbox 920 3749 1089 3829; x_wconf 80' lang='lat' dir='ltr'>foramina,</span> <span class='ocrx_word' id='word_1_281' title='bbox 1105 3771 1208 3814; x_wconf 89' lang='lat' dir='ltr'>unum</span> <span class='ocrx_word' id='word_1_282' title='bbox 1228 3751 1381 3827; x_wconf 89' lang='lat' dir='ltr'>anterius,</span> <span class='ocrx_word' id='word_1_283' title='bbox 1395 3759 1430 3813; x_wconf 92' lang='lat' dir='ltr'>et</span> <span class='ocrx_word' id='word_1_284' title='bbox 1450 3750 1538 3813; x_wconf 92' lang='lat' dir='ltr'>aliud</span> 
     </span>
     <span class='ocr_line' id='line_1_32' title="bbox 386 3834 1540 3937; baseline 0.001 -22"><span class='ocrx_word' id='word_1_285' title='bbox 386 3851 548 3933; x_wconf 88' lang='lat' dir='ltr'>posterius</span> <span class='ocrx_word' id='word_1_286' title='bbox 578 3856 668 3935; x_wconf 92' lang='lat' dir='ltr'>quod</span> <span class='ocrx_word' id='word_1_287' title='bbox 699 3864 750 3917; x_wconf 90' lang='lat' dir='ltr'>est</span> <span class='ocrx_word' id='word_1_288' title='bbox 778 3834 928 3919; x_wconf 79' lang='lat' dir='ltr'>foramen</span> <span class='ocrx_word' id='word_1_289' title='bbox 960 3856 1057 3931; x_wconf 90' lang='lat' dir='ltr'>nervi,</span> <span class='ocrx_word' id='word_1_290' title='bbox 1087 3878 1108 3919; x_wconf 94' lang='lat' dir='ltr'>a</span> <span class='ocrx_word' id='word_1_291' title='bbox 1137 3875 1205 3937; x_wconf 92' lang='lat' dir='ltr'>quo</span> <span class='ocrx_word' id='word_1_292' title='bbox 1235 3856 1348 3936; x_wconf 88' lang='lat' dir='ltr'>incipit</span> <span class='ocrx_word' id='word_1_293' title='bbox 1377 3854 1540 3937; x_wconf 86' lang='lat' dir='ltr'>expansio</span> 
     </span>
     <span class='ocr_line' id='line_1_33' title="bbox 386 3957 1540 4034; baseline -0.001 -14"><span class='ocrx_word' id='word_1_294' title='bbox 386 3958 601 4021; x_wconf 90' lang='lat' dir='ltr'>concavitatis</span> <span class='ocrx_word' id='word_1_295' title='bbox 625 3978 735 4034; x_wconf 90' lang='lat' dir='ltr'>uveae,</span> <span class='ocrx_word' id='word_1_296' title='bbox 760 3961 847 4023; x_wconf 91' lang='lat' dir='ltr'>unde</span> <span class='ocrx_word' id='word_1_297' title='bbox 870 3960 1064 4024; x_wconf 88' lang='lat' dir='ltr'>extremitas</span> <span class='ocrx_word' id='word_1_298' title='bbox 1087 3961 1175 4022; x_wconf 90' lang='lat' dir='ltr'>nervi</span> <span class='ocrx_word' id='word_1_299' title='bbox 1197 3979 1273 4025; x_wconf 93' lang='lat' dir='ltr'>cum</span> <span class='ocrx_word' id='word_1_300' title='bbox 1297 3967 1369 4023; x_wconf 88' lang='lat' dir='ltr'>tota</span> <span class='ocrx_word' id='word_1_301' title='bbox 1390 3957 1540 4022; x_wconf 90' lang='lat' dir='ltr'>concavi·</span> 
     </span>
    </p>
   </div>
   <div class='ocr_carea' id='block_1_5' title="bbox 386 4063 1540 4228">
    <p class='ocr_par' dir='ltr' id='par_1_5' title="bbox 386 4063 1540 4228">
     <span class='ocr_line' id='line_1_34' title="bbox 386 4063 1540 4145; baseline 0.006 -22"><span class='ocrx_word' id='word_1_302' title='bbox 386 4070 457 4123; x_wconf 90' lang='lat' dir='ltr'>tate</span> <span class='ocrx_word' id='word_1_303' title='bbox 479 4072 636 4142; x_wconf 90' lang='lat' dir='ltr'>sequente</span> <span class='ocrx_word' id='word_1_304' title='bbox 657 4065 825 4145; x_wconf 88' lang='lat' dir='ltr'>usquead</span> <span class='ocrx_word' id='word_1_305' title='bbox 846 4064 995 4128; x_wconf 84' lang='lat' dir='ltr'>[oramen</span> <span class='ocrx_word' id='word_1_306' title='bbox 1015 4063 1161 4127; x_wconf 88' lang='lat' dir='ltr'>anterius</span> <span class='ocrx_word' id='word_1_307' title='bbox 1182 4073 1233 4128; x_wconf 92' lang='lat' dir='ltr'>est</span> <span class='ocrx_word' id='word_1_308' title='bbox 1254 4084 1338 4126; x_wconf 91' lang='lat' dir='ltr'>uvea</span> <span class='ocrx_word' id='word_1_309' title='bbox 1357 4063 1540 4130; x_wconf 81' lang='lat' dir='ltr'>secundum</span> 
     </span>
     <span class='ocr_line' id='line_1_35' title="bbox 386 4164 567 4228; baseline 0.011 -2"><span class='ocrx_word' id='word_1_310' title='bbox 386 4164 567 4228; x_wconf 87' lang='lat' dir='ltr'>veritatem.</span> 
     </span>
    </p>
   </div>
   <div class='ocr_carea' id='block_1_6' title="bbox 747 4319 1182 4371">
    <p class='ocr_par' dir='ltr' id='par_1_6' title="bbox 747 4319 1182 4371">
     <span class='ocr_line' id='line_1_36' title="bbox 747 4319 1182 4371; baseline -0.011 1"><span class='ocrx_word' id='word_1_311' title='bbox 747 4320 755 4350; x_wconf 91' lang='lat'><strong>¹</strong></span> <span class='ocrx_word' id='word_1_312' title='bbox 774 4321 961 4371; x_wconf 82' lang='lat' dir='ltr'>Constantinus</span> <span class='ocrx_word' id='word_1_313' title='bbox 972 4319 1035 4370; x_wconf 80' lang='lat' dir='ltr'>took</span> <span class='ocrx_word' id='word_1_314' title='bbox 1046 4319 1097 4369; x_wconf 85' lang='lat' dir='ltr'>this</span> <span class='ocrx_word' id='word_1_315' title='bbox 1108 4319 1182 4368; x_wconf 87' lang='lat' dir='ltr'>view.</span> 
     </span>
    </p>
   </div>
   <div class='ocr_carea' id='block_1_7' title="bbox 0 0 1790 5359">
    <p class='ocr_par' dir='ltr' id='par_1_7' title="bbox 0 0 1790 5359">
     <span class='ocr_line' id='line_1_37' title="bbox 0 0 1790 5359; baseline 0 0"><span class='ocrx_word' id='word_1_316' title='bbox 0 0 1790 5359; x_wconf 95' lang='lat' dir='ltr'> </span> 
     </span>
    </p>
   </div>
  </div>
 </body>
</html>
