3542 5359
400 588 596 648 MORALIS
618 589 940 649 PHILOSOPHIA:
975 592 1091 652 PARS
1118 593 1284 654 TERTIA.
1363 596 1425 675 263

274 750 420 814 moribus
432 762 466 815 et
478 743 700 850 sanctificetur
715 773 735 815 a
749 751 899 816 fantasiis
914 752 1064 838 turpibus
1076 777 1084 829 ;
1105 767 1242 821 ornatus
1257 765 1294 820 ut
1309 757 1423 840 depin·
1437 779 1538 841 Seneca,
1551 797 1584 829 on

271 864 370 937 gatur
390 855 424 918 in
444 875 484 919 ea
503 857 665 920 certitudo
687 856 835 921 veritatis
854 857 990 938 divinae,
1013 869 1047 920 et
1066 880 1139 924 esse
1155 861 1261 925 totius
1283 862 1424 926 universi
1436 846 1570 962 mg&

271 959 454 1023 secundum
475 959 619 1040 speciem
643 959 723 1040 ejus,
738 959 949 1039 revelatione,
964 963 998 1025 in
1017 981 1086 1043 qua
1106 983 1172 1028 non
1192 965 1236 1028 sit
1258 985 1348 1029 error
1363 986 1424 1030 nec

272 1063 473 1138 occultati03
497 1064 587 1127 verbi
607 1065 713 1147 gratia
734 1065 818 1129 sicut
838 1065 1021 1148 speculum,
1036 1065 1089 1129 cui
1111 1079 1248 1132 nonest
1268 1069 1424 1150 perfectio

272 1168 335 1230 nisi
366 1176 525 1249 appareat
555 1167 588 1230 in
615 1188 655 1230 eo
682 1167 788 1232 forma
815 1168 949 1252 pulcra3
979 1171 1071 1251 quod
1102 1190 1169 1233 non
1196 1169 1234 1233 fit
1260 1172 1321 1236 nisi
1347 1193 1422 1236 cum

273 1272 413 1335 omnino
423 1280 546 1334 tersum
560 1270 657 1336 fuerit
673 1293 693 1335 a
708 1274 806 1337 sorde
820 1282 854 1336 et
870 1272 1021 1355 rubigine
1037 1285 1071 1338 et
1082 1285 1200 1357 postea
1215 1285 1423 1359 apponantur

273 1375 302 1438 ei
324 1374 452 1439 formae
473 1374 615 1458 pulcrae.
668 1375 795 1440 Anima
820 1377 919 1461 igitur
941 1386 993 1440 est
1014 1379 1098 1442 sicut
1120 1379 1313 1460 speculum3
1343 1401 1420 1445 nam

273 1480 498 1562 depinguntur
523 1481 555 1542 in
581 1499 621 1543 ea
646 1479 773 1544 formae
798 1481 903 1545 totius
926 1483 1069 1544 universi
1094 1503 1170 1547 cum
1202 1485 1364 1549 mundata
1386 1494 1420 1548 et

271 1593 361 1648 tersa
390 1584 489 1648 fuerit
518 1606 538 1649 a
566 1586 707 1649 sordidis
738 1586 896 1650 moribus.
947 1586 1042 1651 Haec
1071 1585 1224 1671 Algazel.
1271 1588 1317 1652 Et
1345 1589 1422 1654 ideo

272 1699 409 1771 peccata
430 1702 612 1753 excaecant
633 1689 810 1768 hominem,
827 1691 905 1772 quia
930 1693 1039 1756 omnis
1063 1691 1169 1756 malus
1193 1701 1243 1756 est
1267 1693 1423 1776 ignorans

274 1803 310 1857 ut
340 1792 540 1858 Aristoteles
569 1794 659 1875 dicit,
682 1796 828 1859 secundo
854 1795 1048 1861 Ethicorum
1061 1795 1083 1862 ¹.
1129 1797 1174 1862 Et
1198 1797 1354 1862 Socrates
1375 1799 1422 1861 ait

273 1899 362 1978 quod
393 1918 458 1960 non
489 1907 539 1961 est
565 1898 723 1981 possibile
748 1909 786 1964 ut
812 1899 886 1982 quis
912 1899 1010 1965 faciat
1035 1900 1160 1965 iactum
1191 1921 1331 1983 pravum
1361 1902 1422 1966 nisi

273 2013 408 2085 propter
429 2003 669 2086 ignorantiam:
693 2004 851 2086 quoniam
872 2005 1008 2088 quando
1023 2007 1151 2070 venerit
1168 2007 1211 2070 ad
1234 2007 1422 2089 passionem

272 2106 426 2170 desiderii
446 2109 614 2190 peccandi,
629 2108 753 2172 amittit
772 2109 945 2173 scientiam
962 2119 996 2174 et
1010 2108 1207 2174 absorbetur
1227 2109 1423 2174 intellectus.

272 2210 382 2274 Tanta
398 2212 486 2276 enim
503 2223 554 2275 est
568 2213 678 2276 vilitas
693 2221 727 2276 et
742 2213 916 2295 turpitudo
934 2215 1061 2297 peccati
1075 2214 1165 2298 quod
1182 2198 1311 2297 sapiens
1325 2214 1423 2293 dixit,

273 2314 310 2381 Si
331 2318 447 2381 scirem
471 2318 552 2382 deos
575 2337 647 2382 esse
669 2317 888 2401 ignoscituros
910 2327 943 2382 et
966 2318 1118 2383 homines
1137 2317 1343 2402 ignoraturos
1365 2318 1423 2381 de·

272 2421 426 2504 dignarer
443 2441 599 2512 peccare3
622 2433 757 2506 propter
777 2423 868 2504 quod
884 2421 1013 2486 Tullius
1031 2405 1228 2488 insecundo
1243 2422 1422 2486 Academi·

272 2544 385 2589 corum
408 2526 489 2589 dicit
514 2525 666 2589 homines
692 2527 846 2592 tenebras
869 2535 903 2591 et
925 2511 1119 2592 solitudines
1143 2537 1259 2591 nactos
1281 2528 1324 2592 ad
1351 2547 1423 2610 per·

272 2632 433 2711 petranda
462 2639 607 2713 peccata,
632 2630 712 2711 quia
737 2651 796 2712 per
825 2651 861 2694 se
891 2629 1050 2695 foeditate
1068 2651 1128 2694 sua
1155 2631 1226 2713 ipsa
1250 2631 1423 2715 turpitudo

271 2735 425 2799 deterret.
473 2735 519 2799 Et
538 2734 667 2799 Seneca
682 2735 800 2817 quinto
823 2735 1035 2798 Naturalium
1062 2735 1145 2799 dicit
1170 2734 1259 2818 quod
1288 2746 1423 2817 propter

271 2839 512 2920 turpitudinem
554 2838 679 2903 scelera
712 2849 928 2921 conspectum
962 2839 1012 2902 sui
1049 2838 1271 2915 reformidant,
1302 2839 1422 2920 quibus

271 2943 513 3008 abscondendis
542 2943 632 3006 nulla
663 2963 732 3006 nox
761 2944 841 3007 satis
868 2954 942 3006 atra
968 2952 1028 3006 est.
1074 2943 1239 3027 Apuleius
1262 2942 1363 3006 etiam
1387 2943 1422 3006 in

273 3049 370 3112 tertio
387 3048 429 3110 de
445 3046 656 3112 Beatitudine
680 3046 829 3111 Platonis
853 3047 944 3125 dicit,
971 3047 1137 3111 Malitiam
1163 3067 1221 3112 seu
1247 3057 1419 3130 peccatum

271 3172 344 3216 esse
372 3152 503 3215 animae
523 3151 726 3226 foeditatem,
746 3161 780 3215 et
807 3171 872 3215 non
895 3149 1003 3216 solum
1026 3151 1090 3216 hoc
1112 3151 1171 3214 sed
1195 3149 1420 3215 infirmitatem

272 3263 306 3319 et
326 3255 577 3340 aegritudinem.
623 3256 669 3319 Et
691 3254 754 3318 hoc
780 3256 868 3319 idem
892 3238 941 3319 ex⁴
964 3255 1077 3321 Tullio
1100 3256 1133 3319 in
1160 3255 1421 3338 Quaestionibus

271 3358 467 3424 Tusculanis
489 3357 715 3442 multipliciter
737 3369 839 3442 patet
1338 3342 1341 3348 ¹

316 3463 492 3527 Peccatum
509 3473 622 3528 autem
639 3483 704 3526 non
720 3464 826 3526 solum
844 3474 1014 3538 excaecat,
1029 3483 1089 3526 nec
1105 3460 1228 3543 foedat,
1238 3450 1421 3526 necdebili-

272 3576 322 3630 tat
338 3567 484 3630 animam
501 3566 706 3644 rationalem,
720 3569 778 3632 sed
796 3568 957 3632 convertit
972 3569 1006 3632 in
1020 3569 1122 3631 vitam
1139 3566 1326 3644 bestialem,
1336 3565 1422 3630 sicut
1435 3580 1537 3630 Human

272 3670 462 3754 philosophi
486 3671 666 3736 ostendunt
685 3673 718 3735 in
741 3671 853 3738 multis
877 3672 968 3737 locis.
1015 3671 1115 3737 Unde
1136 3670 1263 3734 Seneca
1281 3671 1315 3733 in
1339 3669 1423 3734 libro
1434 3655 1543 3761 {ffid
1556 3719 1583 3760 ,0

273 3776 401 3839 deVita
411 3775 514 3839 Beata
525 3776 582 3857 ait,
595 3775 744 3841 ‘Eodem
757 3775 849 3841 loco²
861 3759 950 3861 pono
960 3777 1112 3840 homines
1124 3796 1190 3859 quo
1203 3777 1235 3837 in
1249 3795 1421 3839 numerum
1434 3777 1477 3827 the
1488 3776 1552 3828 level
1564 3778 1594 3826 οἱ

272 3865 430 3962 pecorum
446 3889 479 3944 et
495 3879 688 3944 animalium
706 3881 832 3964 redegit
847 3880 951 3945 hebes
968 3890 1085 3945 natura
1104 3889 1138 3942 et
1156 3880 1343 3961 ignorantia
1359 3881 1419 3943 sui.
1434 3844 1524 3893 brues.

271 3983 363 4048 Nihil
387 3985 523 4048 interest
546 3984 631 4048 inter
653 3984 715 4048 hos
737 3994 771 4048 et
794 3984 860 4062 illa,
876 3986 1031 4067 quoniam
1056 3982 1119 4046 illis
1142 3981 1232 4046 nulla
1254 3983 1339 4046 ratio
1362 3991 1422 4055 est,

272 4087 322 4151 his
337 4108 438 4170 prava
457 4098 489 4152 et
506 4087 595 4151 malo
615 4071 795 4170 suoatque
815 4089 847 4151 in
867 4107 1057 4173 perversum
1079 4085 1200 4150 solers?
1246 4086 1291 4149 Et
1311 4085 1421 4149 Philo-

271 4191 390 4274 sophia
415 4191 544 4275 probat,
571 4202 690 4274 quarto
717 4192 1000 4273 Consolationum,
1026 4192 1118 4275 quod
1145 4190 1222 4253 mali
1249 4210 1316 4254 non
1343 4199 1421 4254 sunt

269 4297 347 4378 quia
364 4295 537 4360 idem³est
554 4295 643 4376 quod
660 4295 809 4359 ordinem
827 4297 945 4360 retinet
959 4304 1134 4378 servatque
1150 4302 1312 4356 naturam.
1352 4291 1419 4356 Sed

301 4462 309 4490 ¹
325 4460 383 4510 Etis,
396 4459 492 4509 Nrbom.
504 4461 539 4510 iii.
555 4475 566 4509 1
580 4463 593 4520 ᾖ
609 4476 638 4522 ¹4
649 4461 738 4525 ἀγνοεῖ
744 4459 791 4522 μὲν
802 4457 846 4510 οὖν
856 4459 902 4510 adr
912 4461 926 4509 d
937 4458 1085 4523 pompdrd
1096 4459 1135 4508 δεῖ
1142 4457 1262 4522 πράττειν.

302 4539 311 4567 ²
328 4539 367 4587 De
381 4539 436 4586 Vita
447 4538 536 4599 Beata,
548 4555 605 4601 cup.
617 4554 639 4600 5

300 4619 310 4650 ⁸
326 4617 381 4666 The
392 4620 514 4680 meaning
525 4618 548 4667 is
564 4619 620 4667 that
637 4617 701 4682 only
711 4619 788 4668 those
800 4618 861 4667 who
879 4618 947 4680 keep
960 4616 1054 4666 within
1069 4617 1171 4666 bounds
1181 4631 1230 4665 can
1244 4616 1278 4664 be
1293 4616 1420 4678 regarded
