3542 5359
368 613 426 676 180
607 616 763 677 OPERIS
787 615 977 687 MAJORIS
1001 616 1115 678 PARS
1138 615 1289 676 SEXTA.

198 796 276 846 varies
292 795 354 845 with
367 787 418 844 est
438 778 548 864 portio
571 779 704 863 majoris
727 778 846 856 circuli,
867 788 902 844 et
924 779 1031 862 major
1052 780 1162 862 portio
1183 788 1234 844 est
1255 779 1366 861 portio
1381 777 1518 843 minoris

197 863 228 938 its
240 862 321 911 eleva·

197 935 257 977 tion.

198 2553 322 2602 Rainbow

198 2618 308 2684 possible

197 2685 268 2733 when
280 2700 325 2733 sun

198 2751 220 2798 is
232 2749 313 2800 below

197 2815 306 2864 horizon.

368 882 490 948 circuli.
535 883 662 948 Verum
678 885 814 966 quando
834 884 883 947 sol
904 894 955 948 est
977 885 1010 946 in
1025 883 1160 964 oriente,
1175 883 1250 949 licet
1268 892 1429 966 appareat
1443 880 1519 966 plus

367 987 572 1053 semicirculo
594 987 789 1066 coloratum,
812 997 926 1052 tamen
945 987 1025 1052 illud
1050 996 1101 1052 est
1120 989 1230 1070 portio
1249 987 1387 1050 minoris
1408 984 1520 1050 circuli

367 1112 468 1174 quam
481 1092 616 1174 quando
631 1090 683 1156 sol
701 1101 752 1156 est
771 1092 805 1156 in
821 1091 1006 1156 elevatione
1021 1112 1143 1176 magna
1158 1092 1261 1155 immo
1280 1092 1313 1153 in
1333 1091 1519 1155 elevatione

367 1197 518 1261 maxima
547 1217 648 1279 super
678 1197 807 1260 radium
837 1196 1008 1274 visualem,
1039 1196 1072 1259 in
1106 1216 1173 1279 qua
1202 1205 1313 1278 potest
1345 1195 1519 1258 minimum

367 1300 457 1365 iridis
481 1320 660 1384 apparere:
689 1320 805 1364 verum
829 1303 966 1384 quando
989 1300 1060 1365 sola
1084 1299 1155 1383 ejus
1172 1299 1358 1382 gibbositas
1380 1309 1520 1382 apparet

366 1424 470 1487 prope
485 1413 618 1482 terram,
633 1405 713 1468 dum
730 1405 778 1470 sol
795 1405 895 1470 estin
919 1405 1068 1469 maxima
1096 1404 1272 1468 altitudine
1299 1403 1520 1467 determinata

365 1507 571 1591 generationi
602 1507 702 1586 iridis,
733 1519 812 1574 tunc
843 1507 901 1572 illa
932 1509 1064 1573 modica
1093 1509 1203 1592 portio
1241 1518 1292 1571 est
1324 1528 1401 1589 pars
1431 1507 1519 1571 basis

368 1610 500 1694 majoris
527 1612 645 1676 circuli.
693 1613 780 1676 Nam
809 1623 950 1677 nonest
979 1613 1222 1677 aestimandum
1251 1613 1341 1695 quod
1373 1613 1520 1695 pyramis

366 1718 482 1780 eadem
511 1726 644 1780 maneat
666 1727 700 1781 et
723 1719 841 1781 eadem
863 1718 953 1782 basis
981 1717 1015 1780 in
1037 1717 1222 1782 elevatione
1251 1726 1285 1780 et
1308 1716 1520 1799 depressione

366 1819 454 1896 solis,
477 1821 535 1884 sed
560 1821 810 1904 intelligendum
832 1824 923 1905 quod
940 1842 1025 1885 nova
1048 1831 1082 1886 et
1102 1843 1187 1885 nova
1206 1821 1355 1885 renovari
1371 1821 1471 1884 debet
1487 1821 1520 1883 in

365 1925 602 2007 imaginatione
629 1924 781 1990 habenda
812 1928 855 1991 de
885 1926 976 2003 iride,
999 1926 1046 1991 ita
1071 1927 1163 2008 quod
1196 1924 1303 2006 major
1325 1926 1522 1988 aestimatur

366 2029 500 2111 quando
516 2028 570 2091 iris
585 2038 635 2093 est
651 2029 791 2108 inferior,
808 2039 841 2093 et
861 2030 969 2093 minor
983 2032 1120 2112 quando
1135 2038 1185 2093 est
1200 2029 1358 2111 superior.
1404 2027 1518 2111 Quum

364 2152 443 2196 vero
479 2132 586 2215 major
615 2133 725 2215 portio
762 2132 872 2198 circuli
907 2133 996 2197 iridis
1034 2143 1183 2216 apparet,
1213 2134 1347 2216 quando
1380 2132 1430 2196 sol
1469 2140 1521 2195 est

365 2237 400 2300 in
420 2236 548 2301 oriente
564 2238 746 2302 secundum
765 2238 986 2320 quantitatem
1010 2238 1209 2321 aspicientis,
1225 2247 1305 2302 tunc
1326 2235 1355 2301 si
1377 2245 1465 2300 esset
1487 2237 1521 2300 in

365 2341 435 2406 alto
456 2350 570 2405 monte
586 2341 637 2405 vel
653 2341 686 2405 in
703 2343 782 2406 turri
799 2342 866 2408 alta
881 2343 1009 2407 videret
1033 2343 1132 2427 longe
1152 2341 1311 2425 majorem
1332 2343 1519 2424 portionem

366 2446 548 2509 secundum
561 2449 781 2529 quantitatem
798 2449 900 2512 totius
916 2448 1117 2512 elevationis.

413 2548 459 2613 Et
479 2549 754 2614 considerandum
776 2562 826 2616 est
849 2554 941 2636 quod
962 2553 1097 2635 quando
1123 2551 1173 2615 sol
1194 2561 1245 2615 est
1267 2552 1329 2614 sub
1350 2551 1520 2616 horizonte

368 2673 480 2736 prope,
504 2663 618 2718 tamen
647 2665 761 2736 potest
783 2655 838 2719 iris
866 2677 1038 2740 apparere.
1083 2655 1151 2721 Sed
1185 2666 1298 2720 tamen
1330 2665 1380 2719 est
1410 2657 1520 2738 portio

369 2757 487 2835 minor,
509 2766 543 2821 et
572 2777 639 2822 non
664 2756 778 2841 major,
801 2780 861 2824 nec
884 2759 1116 2836 semicirculus,
1138 2769 1172 2824 et
1194 2759 1257 2824 hoc
1280 2779 1347 2823 non
1378 2770 1429 2823 est
1459 2759 1521 2824 nisi

369 2869 504 2945 propter
539 2862 705 2927 desectum
743 2865 911 2940 materiae,
942 2884 1019 2928 nam
1055 2874 1136 2928 tunc
1173 2865 1256 2927 radii
1293 2863 1417 2927 solares
1454 2884 1521 2928 non

367 2965 533 3048 attingunt
559 2987 699 3051 vapores
720 2988 825 3051 prope
845 2979 979 3049 terram,
993 2970 1053 3032 sed
1074 2968 1108 3032 in
1132 2966 1202 3032 alto
1225 2967 1363 3050 positos,
1384 2979 1418 3032 et
1445 2968 1520 3032 ideo

366 3089 432 3131 non
449 3078 561 3152 potest
581 3071 738 3152 compleri
758 3072 981 3137 semicirculus
1005 3072 1170 3136 coloratus
1195 3093 1255 3136 nec
1282 3071 1388 3154 major
1410 3073 1521 3156 portio

367 3172 426 3234 sed
443 3192 559 3255 parum
576 3172 661 3237 circa
676 3174 925 3256 gibbositatem,
940 3176 1094 3258 quamvis
1109 3174 1215 3258 major
1225 3176 1336 3258 portio
1351 3175 1462 3241 circuli
1478 3177 1520 3241 sit

368 3295 467 3356 super
481 3275 699 3340 horizontem.

198 3378 352 3428 Positionos
414 3377 459 3442 Et
486 3378 735 3463 intelligendum
759 3392 809 3446 est
839 3386 931 3466 quod
965 3385 1113 3466 pyramis
1138 3383 1273 3448 visualis
1304 3394 1338 3448 et
1372 3387 1519 3467 pyramis

199 3447 242 3494 the
253 3461 298 3508 eye

197 3510 259 3558 with
271 3525 308 3558 re-

369 3480 458 3546 iridis
480 3501 546 3546 non
561 3492 637 3547 sunt
652 3486 798 3564 eaedem,
813 3486 891 3552 licet
904 3489 969 3552 sint
985 3488 1150 3572 aequales,
1164 3500 1198 3553 et
1218 3488 1352 3570 jaceant
1367 3491 1520 3573 superius

198 3583 266 3640 spect
277 3585 303 3625 t⁰
314 3573 355 3625 ¹¹¹0
367 3585 401 3648 in
417 3585 534 3650 eodem
552 3586 636 3651 loco.
681 3588 768 3653 Nam
784 3591 907 3673 dicunt,
923 3593 1058 3675 quando
1074 3592 1189 3657 oculus
1206 3592 1243 3657 fit
1260 3593 1420 3658 immotus
1441 3604 1520 3659 sunt

199 3642 317 3690 rainbow.

366 3712 499 3762 scholares
516 3715 600 3763 adhuc
616 3716 741 3767 hodierna
753 3718 795 3767 die
807 3727 914 3768 utuntur
930 3721 957 3769 in
974 3721 1070 3769 scholis
1080 3722 1114 3770 ad
1126 3722 1275 3770 instantiam
1287 3722 1393 3771 Domini
1404 3723 1521 3773 Thomae

367 3793 399 3840 de
416 3790 539 3854 Aquino!
571 3793 701 3843 Whether
716 3796 759 3844 the
771 3799 924 3858 expression
940 3813 1033 3847 omnes
1043 3800 1123 3848 libros
1140 3800 1262 3848 included
1279 3802 1324 3849 the
1337 3801 1522 3866 Meteomlogsha

366 3885 408 3918 we
417 3871 552 3920 cannotbe
560 3871 631 3933 quite
636 3887 704 3922 sure.
741 3874 849 3923 Michael
863 3877 926 3925 Scot
935 3878 1062 3938 certainly
1069 3878 1212 3927 translated
1219 3879 1258 3926 De
1270 3879 1341 3928 Coelo
1349 3881 1378 3928 ol
1385 3881 1520 3943 Aristotle,

365 3949 417 3996 and
429 3949 541 4011 perhaps
556 3949 601 3999 the
612 3948 796 4015 Meteorologr'ca
811 3954 874 4003 also.
912 3955 963 4003 His
978 3955 1131 4004 translation
1145 3971 1231 4005 seems
1243 3963 1269 4006 to
1280 3959 1348 4007 have
1361 3958 1429 4009 been
1445 3962 1522 4012 made

365 4026 431 4076 l'rom
443 4027 488 4076 the
499 4026 601 4077 Arabic.
631 4028 778 4092 [jourdaim
790 4045 814 4093 p.
830 4032 898 4096 rap]

398 4104 455 4154 'l'he
470 4112 609 4156 statement
624 4107 679 4155 that
693 4107 790 4169 ‘major
803 4110 888 4170 portio
904 4117 944 4159 est
959 4111 1044 4171 portio
1059 4111 1167 4162 minoris
1179 4112 1281 4162 circuli'
1294 4115 1317 4163 is
1330 4116 1413 4166 borne
1428 4126 1473 4167 out
1486 4119 1525 4181 by

369 4183 501 4232 reference
512 4191 539 4232 to
551 4184 596 4233 the
607 4183 695 4234 Greek
706 4191 762 4233 text
774 4185 883 4250 (Μάιον.
902 4187 938 4235 iii.
950 4202 973 4240 a.
986 4191 999 4246 t
1012 4187 1056 4250 3):
1077 4188 1190 4240 δύνοντος
1206 4191 1253 4252 μὶν
1270 4193 1312 4242 nal
1328 4195 1520 4259 ἀνατέλλοντος,

367 4261 501 4324 ἐλαχίστου
512 4261 559 4324 μὲν
573 4261 664 4311 κύκλου
678 4262 784 4326 μεγίστη
798 4262 818 4310 δ’
829 4265 845 4326 ἡ
860 4263 923 4328 ἁψὶς,
936 4264 1065 4327 οὶμομίνοο
1081 4266 1107 4317 δὲ
1121 4269 1226 4332 μᾶλλον,
1239 4271 1332 4321 κύκλον
1346 4274 1393 4335 μὶν
1403 4273 1523 4338 μείζονος,

366 4339 478 4389 ἐλάττων
492 4340 512 4388 δ’
524 4343 540 4402 ὴ
553 4340 615 4404 diple.
648 4340 760 4391 Bacon's
778 4343 872 4405 theory
885 4344 914 4392 ol
927 4345 973 4393 the
988 4345 1105 4395 rainbow
1121 4364 1150 4397 as
1166 4349 1252 4413 being,
1264 4352 1359 4416 partly,
1372 4370 1407 4403 an
1426 4357 1525 4418 optical

366 4417 478 4480 illusion‚
495 4419 571 4469 made
590 4419 643 4468 him
666 4419 768 4468 readier
791 4427 818 4469 to
838 4429 929 4484 accept
953 4423 1005 4472 this
1024 4424 1100 4474 view.
1134 4426 1190 4477 The
1212 4445 1322 4492 passage
1345 4432 1372 4481 in
1394 4432 1524 4486 Aristotle

366 4495 540 4557 immediately
563 4498 705 4559 preceding
726 4498 748 4546 is
771 4498 920 4548 conclusive
943 4502 1067 4552 evidence
1091 4503 1147 4553 that
1169 4506 1213 4556 the
1235 4513 1293 4558 true
1312 4509 1406 4574 theory
1426 4514 1457 4561 os
1476 4515 1523 4563 the

366 4573 483 4622 rainbow
493 4589 550 4622 was
561 4575 693 4624 unknown
706 4584 733 4623 to
745 4576 805 4626 him.
850 4577 898 4638 Τῆς
912 4577 933 4625 δ’
945 4576 1017 4641 ἴριδος
1033 4579 1148 4630 οὐδέποτε
1158 4587 1253 4646 γίνεται
1263 4585 1359 4647 κύκλος,
1371 4589 1427 4639 olel
1438 4591 1525 4654 μεῖζον

365 4650 509 4710 ὴμικνιλίον
521 4651 612 4712 τμῆμα.
