3542 5359
389 641 716 702 PERSPECTIVAE
740 643 855 701 PARS
880 642 1043 701 PRIMA:
1077 643 1185 702 DISY.
1211 642 1270 701 III.
1375 658 1412 701 21

258 814 350 883 sunt,
365 826 433 869 non
449 815 582 889 oportet
597 807 688 888 quod
703 805 823 869 humor
837 805 1036 889 albugineus
1048 816 1154 870 currat
1166 806 1250 869 inter
1261 826 1414 869 corneam

259 920 295 973 et
315 930 446 973 uveam.
491 908 528 973 Si
551 910 640 974 enim
663 920 772 974 essent
794 930 934 993 corpora
956 909 1145 992 completae
1166 909 1415 992 sphaericitatis,

258 1013 325 1077 hoc
351 1015 549 1096 exigeretur,
574 1014 632 1079 sed
657 1034 724 1077 non
747 1024 798 1078 cst
820 1014 876 1077 sic.
924 1013 993 1079 Sed
1020 1014 1076 1077 ubi
1103 1013 1270 1077 declinant
1295 1034 1415 1077 cornea

258 1125 294 1182 et
317 1138 410 1194 uvea,
428 1117 584 1181 diffundit
604 1138 641 1181 se
660 1117 911 1193 consolidativa,
925 1127 960 1181 et
982 1117 1088 1201 replet
1106 1117 1266 1200 quicquid
1285 1116 1415 1200 replen-

258 1222 343 1284 dum
365 1231 415 1285 est
438 1223 523 1287 inter
542 1220 817 1286 consolidativam
838 1232 872 1285 et
891 1242 1054 1299 corneam,
1069 1221 1122 1287 vel
1141 1242 1262 1294 cornea
1280 1230 1313 1285 et
1331 1242 1415 1286 uvea

258 1325 481 1407 relinquentes
497 1325 762 1410 sphaericitatem
781 1326 984 1409 completam
1003 1326 1144 1391 dilatant
1159 1346 1203 1404 se,
1219 1335 1254 1388 et
1268 1324 1415 1389 exterius

258 1440 381 1494 coeunt
399 1430 451 1494 vel
473 1430 609 1494 interius
629 1430 681 1494 vel
703 1440 845 1512 utroque
870 1431 979 1509 modu,
995 1442 1028 1494 et
1051 1430 1181 1513 replent
1202 1450 1303 1494 omne
1321 1431 1411 1513 quod

258 1542 393 1617 oportet
410 1534 535 1617 repleri.
583 1535 628 1598 Et
649 1534 727 1617 quia
746 1534 891 1599 anterior
909 1534 1055 1619 glacialis
1075 1534 1108 1598 in
1127 1555 1188 1598 sua
1203 1536 1414 1599 convexitate

258 1647 350 1702 secat
366 1658 494 1714 uveam,
511 1647 645 1722 oportet
659 1638 806 1702 similiter
824 1640 916 1722 quod
936 1639 1008 1721 ejus
1026 1650 1174 1703 centrum
1193 1640 1236 1703 sit
1258 1638 1345 1702 aliud
1368 1640 1413 1703 ab

258 1762 352 1819 uvea,
378 1753 412 1807 et
438 1744 480 1807 sit
506 1742 642 1807 interius
668 1742 699 1805 in
724 1742 912 1827 profund03
946 1753 980 1808 ct
1006 1745 1084 1825 quia
1113 1752 1204 1808 totus
1230 1741 1355 1822 oculus,
1378 1753 1413 1807 et

257 1866 387 1926 cornea,
402 1855 436 1909 et
451 1847 572 1910 humor
586 1846 779 1928 albugineus
798 1845 924 1912 habent
939 1848 1028 1911 aliud
1048 1858 1196 1911 centrum
1216 1847 1260 1910 ab
1279 1868 1363 1911 uvea
1378 1857 1413 1911 ct

256 1950 288 2013 in
307 1950 476 2035 profundo
497 1950 592 2029 oculi,
608 1951 692 2015 sicut
714 1952 857 2015 anterior
879 1951 1033 2036 glacialis,
1048 1962 1081 2016 et
1104 1949 1185 2015 haec
1207 1951 1413 2033 requiruntur

256 2066 294 2118 ut
318 2056 376 2119 flat
398 2056 487 2120 visus
512 2056 545 2118 in
574 2055 713 2138 glaciali,
736 2054 853 2119 melius
883 2065 943 2133 cst,
967 2066 1005 2121 ut
1031 2056 1109 2121 dicit
1133 2054 1295 2130 Alhazen,
1321 2056 1413 2136 quod

256 2160 402 2225 anterior
424 2158 569 2242 glacialis
596 2160 719 2224 habeat
745 2169 897 2225 centrum
922 2160 1011 2224 idem
1037 2180 1113 2223 curn
1138 2159 1218 2223 istis.
1265 2158 1312 2223 Et
1336 2158 1412 2221 ideo

255 2273 346 2328 totus
375 2263 502 2342 oculus,
532 2274 567 2328 et
597 2283 726 2342 comea,
756 2271 790 2328 et
821 2264 941 2328 humor
971 2263 1174 2348 albugineus,
1204 2273 1238 2327 et
1267 2262 1412 2327 anterior

254 2368 402 2451 glacialis
428 2377 507 2433 sunt
536 2367 742 2432 concentrici.
789 2368 842 2432 De
870 2369 1025 2433 anteriori
1051 2388 1130 2433 vero
1158 2366 1287 2452 glaciali
1317 2367 1411 2432 citius

254 2472 519 2536 manifestabitur
547 2473 580 2536 in
613 2473 837 2556 sequentibus,
867 2473 958 2556 quod
988 2481 1121 2557 oportet
1150 2473 1258 2556 ipsum
1287 2472 1411 2535 habere

253 2577 340 2641 idem
359 2586 511 2642 centrum
533 2598 609 2641 cum
627 2587 741 2641 centro
761 2598 900 2641 corneae
919 2587 954 2641 et
975 2579 1077 2642 totius
1096 2578 1192 2652 oculi,
1208 2597 1285 2642 curn
1299 2586 1411 2641 osten-

251 2682 349 2747 detur
386 2681 506 2747 fractio
542 2681 576 2745 in
613 2682 718 2746 vitreo
755 2681 906 2747 humore,
965 2682 1101 2747 Interim
1138 2680 1279 2746 sufficiat
1316 2679 1408 2763 quod

252 2785 378 2851 dictum
396 2796 459 2851 est

679 3025 906 3091 Carnorum
923 3026 988 3092 111.
1074 3058 1087 3091 ι

452 3215 507 3279 De
522 3224 636 3280 centro
650 3224 685 3281 et
700 3214 934 3301 sphaericitate
951 3213 1220 3280 consolidativae.

295 3408 352 3471 De
366 3404 612 3469 consolidativa
626 3404 829 3481 aestimatur,
844 3404 934 3487 quod
950 3404 1073 3469 habeat
1088 3414 1239 3469 centrum
1257 3403 1348 3467 aliud
1364 3400 1407 3466 ab
1421 3421 1575 3473 Theoenner

250 3512 408 3576 omnibus
435 3509 486 3573 his
513 3509 649 3575 interius
671 3508 705 3571 in
728 3508 904 3592 profundo.
954 3507 1020 3572 Sed
1044 3517 1159 3571 auctor
1181 3508 1408 3592 perspectivae
1421 3488 1511 3604 ἓξὲξ
1519 3555 1548 3604 or

251 3636 319 3679 non
339 3615 422 3679 dicit
442 3614 516 3690 hoc,
531 3614 590 3677 sed
613 3612 721 3677 solum
740 3614 782 3676 de
798 3632 891 3687 uvea,
910 3621 943 3675 et
965 3612 1009 3675 de
1030 3612 1170 3676 humore
1186 3612 1301 3690 vitreo,
1316 3612 1406 3694 quod
1421 3620 1490 3670 there
1499 3627 1577 3671 struo

250 3740 313 3785 uec
336 3719 379 3781 ad
404 3718 545 3781 invicem
568 3736 629 3781 nec
650 3735 727 3779 cum
751 3715 823 3780 aliis
845 3716 991 3780 habeant
1012 3725 1160 3779 centrum
1184 3716 1284 3790 idem,
1305 3725 1407 3799 atque
1420 3693 1545 3809 iffi}

249 3822 425 3906 arguendo
447 3822 538 3903 quod
561 3829 711 3885 centrum
734 3840 872 3884 corneae
895 3831 930 3884 et
952 3829 1100 3884 centrum
1122 3840 1226 3884 uveae
1245 3840 1311 3883 non
1328 3831 1404 3884 sunt
1419 3816 1567 3930 bulvfflffle

250 3928 351 4001 idem,
368 3926 449 3990 dicit
467 3925 557 4007 quod
578 3923 718 4007 sphaera
741 3944 845 3988 uveae
867 3943 934 3988 non
957 3924 1063 3987 estin
1087 3924 1198 3988 medio
1221 3890 1525 3998 consolida-1⁸21}lgt

249 4032 348 4104 tivae,
379 4031 439 4094 md
467 4031 667 4093 antecedens
697 4028 740 4093 ad
771 4038 900 4111 partem
931 4026 1115 4112 superficiei
1146 4027 1342 4093 manifestae
1371 4029 1406 4092 iu

249 4136 405 4201 anteriori
437 4133 542 4217 ipsius
571 4132 667 4211 oculi,
691 4142 725 4197 et
751 4132 940 4215 superficies
965 4132 1140 4197 manifesta
1169 4134 1256 4197 oculi
1279 4142 1330 4196 est
1360 4153 1405 4197 ex

248 4241 391 4323 sphaera
406 4238 523 4319 majori
541 4237 681 4321 sphaera
697 4258 810 4315 uveae,
825 4257 928 4319 quare
942 4246 1090 4301 centrum
1106 4236 1291 4321 superficiei
1306 4235 1405 4317 hujus

249 4345 447 4409 manifestae
476 4342 540 4406 erit
570 4341 707 4405 interius
737 4342 771 4405 in
801 4340 969 4424 profundo
991 4361 1092 4424 quam
1115 4351 1266 4405 centrum
1289 4360 1404 4404 uveae.

248 4450 317 4516 Sed
341 4446 533 4531 superficies
555 4464 695 4511 corneae
714 4445 889 4509 manifesta
907 4457 942 4509 et
965 4446 1062 4521 oculi,
1078 4456 1116 4510 ut
1135 4443 1295 4527 supponit
1309 4442 1355 4505 ibi
1369 4454 1405 4509 et

246 4564 365 4639 ροοῐω
397 4550 549 4634 exponit,
570 4558 650 4614 sunt
679 4550 778 4626 idem,
801 4570 880 4632 ergo
904 4559 1054 4614 centrum
1082 4568 1186 4612 uveae
1207 4557 1242 4609 et
1264 4565 1404 4612 corneae

246 4680 314 4727 nou
337 4666 417 4725 suut
440 4656 543 4723 idem.
588 4654 645 4719 Ex
669 4674 736 4737 quo
768 4654 918 4737 arguitur
946 4654 991 4717 ab
1019 4652 1102 4731 aliis,
1132 4651 1224 4734 quod
1254 4660 1404 4717 centrum
