3542 5359
419 643 480 708 532
679 622 1016 684 MULTIPLICATIO
1040 620 1295 681 SPECIERUM.

420 789 535 855 muudi
554 788 750 853 inanimatis.
795 786 955 852 Similiter
978 795 1027 849 est
1054 783 1205 848 brevior¹
1233 803 1334 865 quam
1361 780 1550 846 accidentalis

769 891 870 974 longe
897 889 1012 971 magis,
1036 889 1116 970 quia
1151 886 1236 951 linea
1265 887 1473 951 accidentalis
1499 905 1550 948 non

771 1004 881 1079 potest
918 994 979 1056 nisi
1015 1012 1074 1075 per
1111 991 1371 1056 incurvationem
1405 989 1552 1053 fractionis

589 1174 601 1183 ,
702 1169 716 1194 0
770 1110 828 1163 aut
846 1096 1036 1162 reflexionis
1051 1096 1161 1159 venire
1181 1116 1201 1157 a
1221 1095 1364 1159 termino
1383 1114 1448 1158 uno
1467 1094 1553 1157 lineae

588 1184 602 1259 ἶ
681 1192 711 1296 3*
771 1214 880 1269 rectae
904 1200 1093 1286 principalis
1116 1200 1158 1265 ad
1186 1200 1365 1263 terminum
1388 1199 1485 1263 alium
1503 1197 1553 1259 hoc

589 1328 601 1337 ·
671 1294 690 1343 ⁰⁸
771 1309 882 1372 modo.

501 1393 515 1421 ⁵
656 1402 670 1429 ‘
815 1412 1029 1495 Quapropter
1058 1431 1134 1475 cum
1166 1420 1285 1473 natura
1318 1410 1412 1491 eligit
1447 1416 1554 1471 rectam

771 1516 900 1593 lineam,
927 1516 989 1580 nisi
1018 1515 1228 1598 impediatur,
1258 1514 1375 1578 fortius
1406 1522 1484 1596 aget
1508 1530 1557 1592 per

771 1621 897 1704 species
934 1620 1101 1683 venientes
1148 1638 1248 1700 super
1295 1619 1401 1682 lineas
1445 1626 1556 1689 rectas;

772 1733 900 1807 quanto
922 1724 1009 1787 enim
1033 1724 1162 1806 patiens
1193 1723 1299 1807 magis
1323 1723 1558 1806 appropinquat

773 1829 896 1912 agenti,
922 1837 1015 1892 tanto
1041 1828 1115 1914 plus
1143 1828 1256 1910 recipit
1282 1830 1326 1892 de
1348 1828 1421 1909 ejus
1442 1827 1557 1895 virtute.

420 1942 454 1996 et
476 1945 603 2015 quanto
633 1936 757 2017 species
781 1936 888 1997 minus
915 1933 1038 1997 recedit
1062 1953 1081 1995 a
1101 1954 1161 1996 sua
1185 1932 1323 2014 origine,
1341 1942 1439 1997 tanto
1462 1929 1561 1995 sortior

252 2043 402 2122 Unifornity
420 2048 480 2102 est.
524 2037 701 2103 Caeterum
730 2040 816 2103 linea
843 2046 933 2102 recta
965 2046 1015 2100 est
1044 2034 1215 2100 uniformis
1237 2045 1272 2099 et
1300 2036 1462 2119 aequalis.
1505 2031 1561 2098 Sed

251 2110 393 2225 fflffiht
420 2141 454 2204 in
481 2144 633 2207 omnibus
656 2143 726 2207 aliis
754 2151 804 2207 est
836 2142 1035 2206 difformitas
1068 2150 1113 2218 et
1132 2140 1315 2219 diversitas,
1345 2150 1379 2203 et
1411 2138 1562 2222 quaedam

250 2240 657 2328 plunstheirjnaequalstag3
700 2248 760 2310 sed
801 2246 917 2310 melius
956 2254 1007 2309 est
1041 2244 1179 2326 aequale
1216 2243 1392 2326 inaequali,
1425 2254 1463 2307 ut
1494 2240 1564 2306 dicit

251 2307 384 2371 efficrency.
421 2350 557 2414 Boetius
587 2351 620 2414 in
657 2371 717 2414 sua
756 2351 906 2413 Praetica
943 2348 1162 2425 Geometriae,
1189 2356 1222 2411 et
1260 2359 1379 2412 natura
1419 2355 1561 2431 operatur

418 2474 548 2536 semper
574 2455 700 2519 meliori
725 2456 836 2517 modo.
882 2452 928 2516 Et
953 2452 1074 2515 dicitur
1097 2452 1130 2515 in
1155 2451 1240 2515 libro
1266 2453 1310 2515 de
1334 2451 1463 2529 Causis,
1486 2450 1564 2533 quod

418 2558 526 2620 omnis
540 2559 761 2623 virtus·unita
782 2568 833 2622 est
854 2556 1000 2623 fortioris
1019 2556 1244 2639 operationis3
1266 2558 1327 2621 sed
1346 2557 1518 2620 diversitas
1537 2562 1565 2615 et

418 2663 616 2727 difformitas
638 2663 879 2726 contrariantur
902 2661 1030 2735 unitati,
1048 2670 1082 2725 et
1107 2661 1259 2738 unitioni,
1282 2671 1318 2724 et
1343 2658 1566 2725 uniformitati.

419 2767 633 2850 Quapropter
664 2787 741 2829 cum
772 2767 954 2830 secundum
986 2764 1108 2828 lineam
1139 2775 1263 2829 rectam
1294 2766 1339 2828 sit
1368 2766 1567 2829 uniformitas

419 2872 548 2935 virtutis
573 2872 607 2933 in
631 2891 692 2934 suo
718 2873 866 2946 decursu,
892 2870 1068 2953 praecipue
1095 2889 1171 2933 cum
1195 2869 1397 2935 Aristoteles
1430 2868 1566 2935 ostendit

419 2976 535 3058 quinto
559 2970 900 3057 Metaphysicorum²‚
928 2973 1018 3055 quod
1051 2974 1138 3037 linea
1164 2983 1253 3037 recta
1285 2976 1394 3057 magis
1419 2986 1474 3038 est
1503 2992 1569 3047 una,

418 3082 497 3161 quia
526 3080 631 3163 magis
659 3080 827 3157 contiuua,
854 3088 888 3142 et
919 3098 984 3140 non
1010 3076 1113 3140 habet
1140 3077 1310 3160 angulum,
1336 3078 1426 3143 aliae
1455 3080 1570 3142 habent

418 3183 576 3266 angulum
591 3203 727 3265 quoquo
743 3183 854 3257 modo,
869 3180 1080 3245 manifestum
1097 3183 1255 3262 estquod
1274 3181 1391 3246 sortior
1407 3195 1462 3247 est
1477 3184 1570 3247 virtus

418 3288 550 3350 veniens
579 3308 679 3371 super
713 3295 836 3349 rectam
872 3286 992 3349 lineam
1022 3306 1124 3367 quam
1154 3306 1253 3369 super
1282 3286 1375 3352 alias.
1439 3289 1488 3352 Et
1516 3288 1571 3350 hoc

418 3402 470 3455 est
497 3390 745 3472 intelligendum
776 3410 834 3471 per
855 3411 891 3454 se
923 3390 1099 3471 loquendo,
1124 3410 1190 3453 non
1222 3412 1281 3474 per
1306 3392 1478 3467 accidens
1503 3389 1573 3473 quia

420 3514 480 3576 per
504 3494 656 3557 accidens
680 3502 791 3575 potest
814 3493 883 3557 fieri
912 3494 1018 3575 major
1038 3494 1136 3573 actio,
1159 3504 1194 3557 et
1219 3516 1279 3577 per
1301 3494 1524 3560 reflexionem
1545 3504 1575 3557 et

419 3598 621 3671 fractionem,
647 3617 688 3661 eo
715 3599 804 3679 quod
830 3597 955 3661 multae
976 3598 1112 3662 virtutes
1133 3609 1168 3661 et
1189 3600 1316 3681 species
1339 3612 1487 3682 possunt
1506 3620 1575 3663 con·

418 3703 547 3785 gregari
578 3721 637 3783 per
666 3701 880 3764 reflexionem
905 3711 939 3765 et
970 3701 1172 3775 fractionem,
1205 3723 1292 3784 quae
1331 3724 1400 3767 non
1442 3713 1577 3789 possunt

418 3805 591 3890 aggregari
615 3825 672 3887 per
695 3817 820 3868 rectum
842 3805 1013 3882 incessum,
1036 3807 1121 3867 sicut
1148 3806 1226 3868 satis
1253 3805 1382 3887 patebit
1409 3810 1575 3891 sequenti-

419 3912 490 3974 bus
551 3909 597 3972 Et
630 3919 766 3991 propter
794 3908 858 3971 hoc
891 3918 1031 3988 possunt
1063 3910 1236 3992 aggregari
1274 3911 1359 3973 radii
1395 3912 1523 3977 infiniti
1551 3914 1579 3973 iu

418 4014 571 4097 quolibet
600 4023 726 4095 puncto
755 4012 840 4074 aeris
866 4032 926 4093 per
957 4012 1170 4076 reflexionem
1201 4013 1323 4077 saetam
1354 4034 1376 4075 a
1404 4016 1580 4099 superficie

420 4126 525 4182 terrae
546 4126 581 4179 et
603 4137 710 4198 aquae
733 4124 767 4179 et
790 4136 967 4199 corporum
990 4117 1169 4180 densorum
1196 4117 1397 4197 inferiorum,
1421 4124 1581 4203 quoniam
1607 4166 1616 4194 ,

383 4280 392 4295 ,
419 4222 504 4287 fiunt
524 4220 670 4283 infinitae
688 4219 894 4292 reflexiones,
912 4231 945 4282 et
962 4238 1021 4301 per
1038 4220 1098 4283 has
1121 4220 1241 4283 accidit
1259 4220 1460 4288 intersectio
1481 4226 1583 4291 radio

420 4346 492 4390 rum
504 4323 707 4388 infinitorum
721 4324 753 4387 in
765 4323 916 4405 quolibet
932 4333 1055 4405 puncto
1073 4324 1181 4402 medii,
1193 4334 1228 4387 et
1243 4325 1319 4387 ideo
1337 4334 1391 4389 est
1408 4332 1585 4412 generatio

418 4429 538 4495 caloris
561 4428 618 4509 qui
647 4447 713 4491 non
736 4436 949 4508 generaretur
974 4447 1031 4508 per
1057 4428 1167 4490 radios
1198 4427 1431 4511 incidentales,
1459 4444 1497 4499 et
1527 4435 1587 4499 hoc

516 1766 577 1817 Fre.
593 1779 648 1815 roo.

616 4580 624 4608 ¹
641 4580 657 4628 l.
669 4596 691 4627 e.
706 4588 777 4628 recta
788 4586 828 4627 est
838 4578 948 4627 brevior.

613 4656 625 4686 ¹
640 4656 698 4707 Met
711 4658 744 4706 iv.
755 4672 812 4718 cap.
821 4657 845 4715 6,
860 4659 873 4715 ἦ
884 4670 901 4717 5
912 4658 928 4719 ἡ
939 4656 1020 4705 εὐθεῖα
1030 4656 1075 4717 τῆς
1084 4654 1235 4719 remugiunt
1244 4656 1345 4716 μᾶλλον
1357 4658 1395 4711 ἔν.
