3542 5359
594 588 708 648 Pras
733 587 893 647 PRJMA:
930 585 1018 647 car.
1045 587 1071 646 r.
1347 603 1408 665 415

258 752 348 831 quod
373 749 460 825 luna,
480 750 579 814 etiam
600 751 735 834 quando
757 751 790 813 in
809 751 924 835 eclipsi
944 759 1004 828 est,
1020 750 1122 814 rubea
1140 759 1199 830 est,
1213 751 1292 832 quia
1312 759 1409 813 extra

259 855 411 918 umbram
426 875 494 919 non
510 856 627 938 recipit
644 853 772 933 lucem;
794 854 853 919 sed
868 855 901 918 in
917 855 1036 918 umbra
1054 855 1155 918 habet
1170 855 1312 938 speciem
1328 854 1409 918 lucis

259 958 414 1036 debilem,
429 979 516 1041 quae
528 959 619 1022 venit
635 978 655 1021 a
670 958 741 1023 luce
756 969 949 1024 transeunte
970 969 1067 1023 extra
1085 980 1142 1042 per
1156 958 1259 1023 latera
1277 969 1311 1022 et
1327 957 1409 1021 fines

259 1064 406 1136 umbrae,
450 1063 535 1127 sicut
573 1073 689 1146 postea
734 1065 840 1147 magis
877 1062 1120 1144 explanabitur.
1182 1062 1408 1128 Veruntamen

258 1168 437 1240 sciendum,
452 1169 543 1249 qnod
559 1168 684 1250 species
698 1167 786 1245 solis,
800 1188 886 1249 quae
903 1177 952 1230 est
967 1169 1009 1232 de
1031 1176 1147 1231 natura
1161 1167 1233 1249 ejus
1248 1167 1410 1251 specifica,

261 1292 327 1334 non
342 1281 453 1353 potest
468 1272 625 1354 compleri
642 1273 675 1336 in
691 1272 768 1337 luna
782 1282 817 1337 et
831 1271 943 1348 stellis,
959 1271 1036 1335 licet
1058 1272 1091 1335 in
1107 1274 1155 1337 eis
1170 1272 1228 1336 fiat
1250 1273 1318 1352 lux,
1332 1273 1409 1355 quia

260 1386 339 1439 tunc
361 1386 528 1459 oporteret
550 1376 663 1440 lunam
687 1386 721 1442 et
745 1377 858 1441 stellas
880 1375 949 1439 fieri
971 1375 1085 1454 solem,
1099 1378 1189 1460 quod
1211 1386 1262 1440 est
1286 1377 1409 1460 impos·

261 1481 364 1543 sibile.
410 1480 489 1544 Lux
504 1482 592 1545 enim
607 1490 657 1543 est
672 1479 816 1564 qualitas
839 1481 1023 1545 communis
1036 1479 1098 1544 soli
1114 1491 1148 1544 et
1163 1479 1268 1544 stellis
1283 1492 1316 1545 et
1333 1481 1411 1562 igni,

261 1585 337 1649 licet
353 1585 460 1668 magis
475 1585 517 1647 sit
533 1585 566 1648 in
580 1585 669 1662 sole3
693 1596 727 1649 ct
741 1585 817 1649 idco
831 1594 943 1668 potest
960 1586 1087 1668 species
1108 1585 1189 1650 lucis
1204 1583 1363 1667 compleri
1376 1585 1410 1646 in

261 1689 338 1752 luna
353 1699 386 1752 et
405 1688 507 1752 stellis
521 1698 555 1752 et
572 1709 637 1753 non
652 1689 780 1771 species
794 1689 1001 1753 substantiae
1016 1688 1106 1768 solis,
1121 1690 1199 1772 quia
1218 1689 1268 1752 sol
1284 1698 1318 1753 et
1334 1687 1410 1752 luna

261 1803 297 1857 et
311 1792 428 1858 stellae
447 1793 601 1858 differunt
622 1794 655 1855 in
673 1793 859 1859 substantia
873 1792 1037 1876 specifica,
1053 1793 1138 1859 sicut
1156 1813 1201 1856 ex
1221 1793 1411 1878 posteriori·

261 1897 323 1960 bus
346 1896 557 1963 manifestum
582 1897 652 1962 erit.
700 1897 744 1959 Et
766 1897 826 1961 lux
848 1917 916 1962 non
938 1908 989 1962 est
1010 1900 1052 1962 de
1075 1919 1190 1962 eorum
1214 1898 1412 1965 substantia.

260 2004 320 2067 sed
334 2003 485 2067 accidens
499 2022 676 2068 commune
691 2002 739 2064 eis
754 2011 789 2065 et
803 2002 890 2085 igni3
911 2002 989 2066 licet
1012 2002 1114 2084 aliqui
1135 2002 1287 2067 solebant
1303 2003 1412 2066 dicere

263 2106 368 2170 lucem
385 2128 457 2170 esse
471 2106 611 2170 sormam
632 2105 885 2170 substantialem
905 2106 984 2169 solis
1008 2115 1041 2169 et
1062 2105 1252 2183 stellarum;
1274 2107 1333 2169 sed
1349 2107 1412 2170 hoc

261 2221 312 2276 est
329 2211 457 2276 salsum.

308 2317 353 2379 Et
368 2317 450 2380 haec
465 2336 551 2379 nunc
566 2316 656 2380 dicta
672 2315 928 2379 manifestantur
943 2335 1003 2398 per
1016 2313 1088 2390 hoc,
1106 2315 1197 2397 quod
1216 2314 1244 2378 si
1263 2314 1328 2379 sint
1344 2314 1412 2377 duo

263 2420 400 2485 effectus
414 2421 550 2485 omnino
569 2420 690 2484 sirniles
710 2421 823 2504 agenti
845 2429 879 2484 et
902 2419 1039 2484 omnino
1056 2419 1174 2484 diversi
1195 2439 1343 2493 numero,
1366 2419 1413 2482 ita

263 2524 353 2606 quod
370 2545 435 2587 non
454 2524 520 2588 sint
535 2524 620 2588 sicut
631 2545 713 2587 unus
726 2524 873 2603 effectus,
884 2525 941 2606 qui
954 2525 1062 2607 primo
1071 2535 1124 2588 est
1135 2524 1366 2606 incompletus,
1379 2532 1412 2586 ct

263 2639 381 2711 postea
398 2626 452 2690 ille
467 2629 557 2691 idem
573 2649 710 2691 numero
724 2629 939 2711 compleatur,
954 2639 1034 2691 tunc
1054 2648 1130 2691 cum
1152 2647 1254 2711 agens
1273 2637 1352 2710 agat
1379 2628 1413 2691 in

263 2733 403 2796 eandem
419 2742 549 2813 partem
565 2733 732 2814 patientis,
747 2742 842 2796 erunt
858 2733 891 2796 in
908 2733 1025 2796 eadem
1041 2743 1135 2813 parte
1155 2731 1312 2815 patientis
1327 2731 1413 2794 duae

263 2835 388 2899 formae
403 2836 552 2918 ejusdem
568 2838 689 2920 speciei
705 2848 866 2920 ponentes
883 2837 918 2900 in
941 2856 1123 2900 numerum.
1170 2835 1238 2900 Sed
1261 2836 1323 2899 hoc
1347 2855 1412 2899 non

264 2950 315 3003 est
330 2941 493 3023 possibile,
507 2941 586 3026 quia
601 2940 709 3004 forma
723 2942 917 3024 appropriat
933 2951 967 3006 et
990 2951 1144 3004 numerat
1159 2940 1221 3003 sibi
1241 2940 1412 3003 materiam

264 3046 431 3128 propriam
448 3047 480 3109 in
496 3065 562 3128 qua
577 3057 649 3121 est3
671 3054 705 3109 et
719 3057 799 3109 tunc
814 3056 924 3109 essent
940 3046 1008 3108 duo
1030 3044 1122 3127 ignes
1138 3045 1171 3108 in
1187 3045 1302 3108 eadem
1320 3054 1414 3125 parte

264 3149 344 3231 ligni
366 3150 469 3233 igniti,
490 3151 580 3231 quod
605 3149 674 3213 fieri
696 3171 763 3214 non
786 3157 898 3232 potest
929 3159 1065 3232 propter
1094 3149 1217 3212 dictam
1240 3148 1415 3212 rationem.

266 3255 311 3318 Et
327 3255 445 3317 iterum
461 3255 540 3337 quia
554 3265 748 3338 sequeretur
761 3255 853 3336 quod
868 3253 951 3318 alter
965 3262 1053 3317 esset
1074 3252 1220 3330 otiosus;
1244 3273 1310 3315 una
1326 3253 1414 3316 enirn

263 3357 394 3422 illarum
416 3359 596 3423 formarum
618 3358 783 3423 sufficeret
807 3357 963 3442 perficere
991 3357 1163 3422 materiam
1194 3356 1227 3420 in
1257 3377 1325 3440 qua
1355 3366 1417 3434 est,

263 3483 345 3545 ergo
367 3462 494 3546 reliqua
516 3462 710 3547 superfluit;
732 3463 790 3527 sed
814 3472 932 3527 natura
955 3461 1037 3526 nihil
1060 3461 1137 3527 sacit
1166 3461 1331 3544 superflue
1355 3480 1417 3526 nec

264 3570 408 3632 otiosum
431 3569 492 3630 nisi
516 3589 560 3632 ex
582 3589 701 3648 errore,
718 3578 755 3633 ut
788 3567 822 3631 in
852 3568 1009 3631 monstris
1039 3577 1073 3631 et
1103 3567 1248 3649 peccatis
1270 3576 1417 3642 naturae,

264 3672 356 3756 quod
371 3672 425 3736 hic
440 3692 505 3735 non
520 3672 621 3737 habet
641 3673 763 3736 locum.

310 3773 489 3839 Sciendum
513 3785 625 3839 tamen
648 3779 739 3858 quod
762 3777 840 3841 licet
861 3775 989 3859 species
1011 3775 1056 3839 sit
1077 3773 1192 3838 similis
1222 3775 1355 3837 nomine
1382 3783 1416 3838 et
1430 3788 1541 3850 ldenrity

265 3877 455 3943 definitione
476 3880 646 3962 generanti
670 3900 756 3956 eam,
781 3889 818 3943 nt
847 3880 975 3963 species
997 3879 1083 3962 ignis
1106 3879 1138 3942 in
1160 3899 1236 3942 aere
1258 3887 1293 3941 et
1316 3877 1416 3960 ligno,
1430 3854 1509 3903 ΜΚ

266 3993 378 4047 tamen
402 3984 508 4066 magis
531 3983 663 4066 proprie
685 3994 720 4048 et
742 3982 980 4066 intelligibilius
1010 3983 1129 4047 dicitur
1157 3983 1248 4065 quod
1282 4001 1339 4044 aer
1363 3981 1415 4045 vel
1428 3927 1560 4049 Elllllled

266 4087 392 4169 lignum
410 4087 609 4151 assimiletur
629 4089 697 4169 igni
712 4109 772 4172 per
785 4089 940 4170 speciem,
955 4108 1056 4170 quam
1072 4087 1162 4167 quod
1178 4086 1222 4149 ibi
1239 4086 1282 4150 sit
1298 4086 1416 4149 indivi·
1428 4050 1575 4165 ξξζῗξῗεῗ

266 4193 369 4255 duum
386 4192 479 4273 ignis
496 4203 632 4274 propter
645 4193 709 4256 hoc
724 4193 814 4274 quod
830 4192 1037 4255 individuum
1050 4190 1136 4255 aeris
1146 4189 1199 4254 vel
1212 4189 1292 4271 ligni
1305 4199 1355 4253 est
1371 4190 1414 4253 ibi
1429 4188 1457 4296 ἑο
1468 4183 1510 4296 Ἓξ

266 4307 342 4360 actu
358 4297 506 4360 existens
522 4297 554 4360 in
570 4317 629 4360 sua
648 4306 763 4360 natura
779 4294 941 4378 specifica,
957 4305 991 4358 et
1009 4296 1084 4358 ideo
1108 4313 1175 4357 non
1196 4304 1272 4358 sunt
1288 4295 1333 4357 ibi
1351 4294 1416 4356 duo
1444 4265 1476 4313 ge
1505 4284 1512 4297 ’

266 4401 446 4479 individua,
462 4401 617 4482 ponentia
641 4401 674 4464 in
693 4420 879 4477 numerum,
895 4399 1020 4464 scilicet
1040 4419 1141 4462 unum
1163 4399 1256 4472 aeris,
1272 4409 1307 4463 et
1325 4397 1416 4462 aliud

267 4505 359 4589 ignis,
375 4504 432 4568 sed
453 4525 556 4568 unum
575 4504 736 4582 absolute,
751 4504 877 4569 scilicet
899 4504 993 4583 aeris,
1009 4504 1099 4586 quod
1119 4504 1222 4566 habet
1237 4523 1308 4566 esse
1324 4523 1416 4566 conr-

267 4611 449 4694 pletum,et
464 4610 539 4674 ideo
554 4607 723 4694 praevalet
733 4610 766 4672 in
779 4609 840 4674 hac
853 4620 947 4692 parte
963 4619 1000 4673 ut
1010 4607 1068 4672 fiat
1077 4609 1120 4675 ab
1133 4629 1173 4671 eo
1185 4608 1414 4672 denominatio
