3542 5359
363 606 422 686 184
600 609 755 669 OPERIS
780 609 969 678 MAJORIS
992 609 1108 668 PARS
1132 608 1283 668 SEXTA.

362 780 473 855 potest
488 792 657 855 apparere,
673 774 752 857 quia
768 773 918 837 maxima
933 771 1076 838 altitudo
1091 771 1170 836 solis
1185 781 1236 836 est
1250 771 1386 854 quando
1401 770 1515 835 soleat

362 879 396 940 in
421 876 559 953 Cancro,
582 879 640 941 sed
663 897 729 941 non
752 877 900 942 elevatur
921 887 1001 942 tunc
1023 875 1074 941 sol
1101 895 1201 959 super
1222 877 1428 940 horizontem
1452 874 1513 938 nisi

361 1002 421 1064 per
442 981 558 1045 ambas
582 981 660 1045 solis
683 982 921 1047 declinationes
943 981 1118 1058 maximas,
1140 1001 1280 1064 quarum
1305 1001 1371 1044 una
1396 989 1448 1042 est
1473 995 1514 1061 23

360 1081 523 1165 graduum
544 1091 580 1146 et
598 1094 639 1166 35
660 1081 872 1159 minutorum,
888 1091 922 1145 et
937 1081 1041 1144 altera
1056 1081 1209 1158 totidem,
1224 1100 1366 1163 quorum
1384 1097 1515 1143 summa

361 1194 412 1250 est
426 1198 470 1264 47
491 1185 655 1268 graduum
671 1195 706 1250 et
731 1203 770 1248 10
792 1187 1003 1262 minutorum,
1018 1204 1103 1266 quae
1125 1204 1191 1247 non
1215 1184 1385 1248 excedunt
1407 1180 1515 1246 maxi-

362 1308 452 1352 mam
474 1287 685 1352 altitudinem
708 1289 797 1368 solis,
812 1289 844 1352 in
867 1309 933 1372 qua
955 1298 1069 1373 potest
1090 1287 1144 1350 iris
1165 1308 1335 1372 apparere,
1352 1286 1414 1350 nisi
1437 1286 1471 1348 in
1494 1298 1515 1366 5

362 1393 522 1475 gradibus
538 1402 573 1457 et
588 1411 627 1454 10
638 1392 773 1457 minutis
788 1418 795 1470 ;
820 1401 854 1457 et
869 1393 944 1457 ideo
955 1395 987 1456 in
1000 1393 1113 1474 paucis
1124 1392 1242 1456 diebus
1252 1401 1403 1474 respectu
1414 1389 1517 1454 totius

364 1495 442 1559 anni
458 1496 657 1577 impedietur
672 1497 843 1581 generatio
858 1497 949 1560 iridis
965 1496 1035 1560 sole
1051 1504 1194 1560 exeunte
1210 1496 1243 1558 in
1259 1494 1405 1558 meridie.

194 1609 272 1658 What
406 1598 474 1664 Sed
493 1600 521 1666 si
536 1599 859 1665 deambulaverimus
881 1600 969 1666 ultra
991 1602 1073 1666 haec
1095 1601 1178 1675 loca,
1195 1619 1365 1681 nunquam
1387 1597 1451 1662 erit
1465 1595 1516 1662 sol

193 1676 306 1804 bhffi'
364 1703 397 1766 in
413 1704 548 1768 meridie
557 1702 578 1780 ¹,
589 1705 647 1767 sed
662 1705 695 1767 in
706 1705 861 1788 aquilone
873 1713 908 1768 et
918 1705 1044 1768 oriente
1056 1713 1090 1767 et
1101 1702 1274 1767 occidente
1287 1700 1517 1784 tantum,quia

193 1805 243 1920 ‘¹13⁵
255 1804 311 1856 ¹⁸¹1·
364 1808 414 1872 sol
430 1827 563 1891 semper
577 1807 767 1872 hominibus
782 1807 1011 1873 habitantibus
1027 1808 1112 1871 ultra
1129 1807 1202 1871 loca
1216 1806 1273 1870 illa
1287 1815 1428 1889 apparet
1437 1815 1517 1868 ante

193 1879 219 1921 tu
239 1887 260 1921 e.
365 1898 423 1976 eos
436 1933 549 1976 versus
565 1912 678 1994 polum
696 1913 821 1988 mundi,
836 1923 872 1978 et
886 1912 1065 1995 aliquando
1082 1931 1140 1994 per
1155 1932 1303 1975 mensem
1319 1912 1391 1974 sine
1405 1918 1516 1983 nocte,

363 2015 543 2099 aliquando
559 2037 617 2099 per
633 2018 726 2094 duos,
742 2016 922 2100 aliquando
943 2038 1004 2100 per
1026 2017 1137 2099 plures
1160 2037 1333 2099 usquequo
1355 2024 1516 2099 appareat

362 2141 421 2205 per
433 2121 452 2182 6
464 2140 602 2200 menses,
613 2119 738 2186 scilicet
753 2120 979 2186 habitantibus
994 2121 1058 2184 sub
1073 2122 1162 2202 polo.
1195 2121 1241 2185 Et
1253 2120 1328 2184 ideo
1344 2119 1399 2183 ille
1412 2118 1515 2200 locus,

363 2223 458 2307 cujus
482 2223 624 2289 latitudo
647 2224 689 2287 66
711 2226 876 2308 graduum
900 2235 934 2290 et
959 2238 1000 2307 25
1023 2226 1232 2300 minutorum,
1248 2235 1300 2288 est
1323 2223 1459 2288 ultimus
1482 2224 1516 2286 in

365 2349 432 2412 quo
447 2328 501 2392 iris
516 2339 628 2411 potest
642 2349 802 2411 apparere
817 2330 898 2394 dum
915 2329 963 2393 sol
985 2340 1036 2394 est
1058 2331 1090 2392 in
1111 2329 1247 2393 meridie
1260 2351 1267 2409 ;
1289 2329 1374 2393 sicut
1389 2329 1516 2410 primus

367 2433 399 2494 in
420 2452 488 2513 quo
506 2431 576 2497 sole
600 2442 746 2497 exeunte
770 2434 803 2496 in
831 2434 976 2512 meridie,
992 2434 1054 2499 luit
1073 2432 1128 2498 ille
1146 2434 1240 2498 locus
1259 2431 1354 2516 cujus
1369 2431 1516 2496 latitudo

366 2535 481 2618 incipit
496 2556 568 2600 esse
583 2536 658 2620 plus
673 2556 773 2619 quam
792 2554 833 2616 24
852 2538 976 2620 gradus
994 2549 1028 2602 et
1051 2555 1069 2602 2
1070 2554 1091 2620 5
1108 2539 1246 2602 minuta.

408 2638 465 2704 Sic
476 2661 556 2722 ergo
568 2639 844 2705 considerandum
853 2641 948 2706 estin
960 2663 1028 2726 quo
1041 2653 1200 2724 ternpore,
1213 2652 1246 2706 et
1258 2641 1436 2723 praecipue
1444 2640 1515 2705 sole

363 2754 509 2810 exeunte
524 2746 557 2808 in
574 2745 717 2820 meridie,
731 2755 764 2810 et
780 2745 813 2809 in
828 2746 1144 2830 quibusclimatibus
1157 2756 1269 2828 potest
1280 2745 1334 2808 iris
1346 2765 1515 2828 apparere.

365 2850 412 2914 Et
427 2849 459 2912 in
475 2848 546 2914 istis
561 2849 751 2932 regionibus
768 2860 878 2932 potest
895 2851 1044 2915 accidere
1060 2850 1093 2914 in
1109 2871 1188 2915 vero
1203 2849 1368 2932 aquilone,
1381 2849 1517 2930 quando

364 2952 487 3018 scilicet
503 2953 551 3017 sol
568 2963 620 3017 est
636 2954 668 3017 in
687 2953 833 3028 meridie,
849 2965 883 3020 et
899 2956 932 3017 in
948 2955 1020 3018 aliis
1034 2954 1184 3037 partibus
1206 2955 1291 3017 inter
1306 2953 1466 3016 orientem
1481 2961 1517 3016 et

361 3053 560 3135 aquilonem,
586 3063 619 3117 et
644 3054 728 3118 inter
753 3055 959 3119 occidentem
980 3064 1013 3119 et
1039 3053 1238 3136 aquilonem.
1284 3053 1331 3116 Et
1353 3054 1454 3117 etiarn
1482 3053 1517 3116 in

364 3164 491 3220 aestate
505 3165 616 3238 potest
632 3158 782 3221 accidere
798 3159 829 3222 in
845 3177 982 3239 vespere
998 3159 1084 3222 inter
1106 3157 1264 3223 orientem
1280 3169 1314 3221 et
1336 3158 1517 3232 meridiem,

363 3268 397 3324 et
422 3259 454 3322 in
477 3280 574 3323 mane
601 3259 687 3324 inter
715 3261 922 3326 occidentem
947 3273 981 3327 et
1008 3263 1188 3338 meridiem,
1209 3264 1288 3346 quia
1315 3262 1348 3325 in
1371 3261 1517 3325 solstitio

363 3363 512 3428 aestivali
527 3363 577 3427 sol
593 3364 735 3428 declinat
757 3385 853 3429 mane
877 3366 1019 3432 multum
1042 3367 1084 3432 ad
1107 3367 1307 3451 aquilonem,
1323 3377 1358 3430 et
1379 3374 1459 3430 tunc
1482 3366 1516 3428 in

367 3468 525 3552 opposito
537 3467 611 3532 loco
627 3468 712 3532 inter
722 3470 930 3535 occidentem
946 3483 980 3536 et
996 3472 1165 3535 meridiem
1181 3469 1250 3533 lieri
1263 3479 1375 3554 potest
1389 3469 1463 3546 iris;
1482 3479 1517 3533 et

396 3616 405 3646 ¹
422 3617 462 3667 Cf.
473 3617 523 3666 vol.
535 3617 551 3667 i.
565 3633 590 3681 p.
603 3634 666 3679 n97;
684 3617 717 3666 Et
729 3619 825 3669 deinde
836 3635 941 3683 semper
956 3629 1065 3683 apparet
1080 3620 1120 3670 sol
1137 3621 1163 3670 in
1175 3620 1297 3682 aquilone
1308 3634 1401 3668 versus
1412 3619 1516 3681 polum:

363 3696 408 3745 the
424 3697 547 3758 meaning
562 3697 592 3745 os
604 3697 693 3746 which
708 3698 807 3759 though
824 3699 987 3760 awkwardly
1004 3699 1155 3761 expressed,
1172 3699 1194 3748 is
1209 3699 1265 3747 that
1285 3698 1351 3746 from
1367 3699 1413 3746 the
1429 3697 1518 3747 Aretic

363 3775 440 3824 circle
453 3781 480 3824 to
491 3775 536 3822 the
548 3775 609 3838 pole
621 3776 694 3825 there
706 3791 751 3825 are
763 3778 829 3838 days
840 3776 918 3825 when
931 3777 976 3825 the
990 3792 1039 3825 sun
1056 3778 1121 3826 does
1139 3783 1185 3826 not
1198 3785 1246 3826 set.
1281 3776 1339 3824 The
1356 3777 1517 3838 description

364 3853 394 3903 ol
403 3853 447 3903 the
459 3852 533 3915 polar
545 3855 596 3915 day
607 3855 659 3902 and
671 3855 744 3916 night
755 3855 812 3904 that
824 3855 926 3904 follows
938 3856 960 3904 is
971 3855 1098 3918 persectly
1109 3855 1186 3916 clear,
1198 3855 1250 3904 and
1262 3855 1426 3916 isevidently
1437 3855 1517 3904 taken

364 3932 431 3981 from
443 3930 585 3994 Ptolemy's
596 3932 718 3995 Syntaar's
731 3933 783 3998 (lib.
798 3933 831 3982 xi.
845 3949 901 3995 cap.
913 3935 940 3994 6)
950 3934 1014 3982 with
1027 3933 1072 3982 the
1085 3933 1161 3982 Latin
1172 3934 1276 3981 version
1288 3933 1318 3981 os
1324 3933 1423 3998 which,
1433 3941 1518 3982 trans·

364 4010 433 4060 lated
445 4011 511 4059 from
523 4011 567 4059 the
578 4009 681 4072 Arabic,
694 4011 784 4060 Bacon
794 4027 851 4060 was
862 4011 989 4074 perlectly
1000 4011 1061 4059 well
1073 4012 1233 4073 acquainted.
1274 4011 1327 4061 But
1342 4013 1416 4060 what
1431 4013 1455 4061 is
1472 4012 1518 4061 the

365 4089 487 4150 meaning
496 4088 527 4137 os
531 4089 576 4139 the
584 4091 681 4149 words,
694 4091 837 4151 ‘nunquam
851 4089 901 4138 erit
911 4090 951 4138 sol
963 4091 989 4137 in
1001 4088 1140 4140 meridie’l
1161 4090 1200 4139 Ol
1207 4105 1299 4138 course
1312 4090 1338 4138 iu
1352 4091 1397 4139 the
1408 4091 1518 4140 latitude

364 4168 394 4217 of
407 4165 461 4229 90⁰,
474 4167 519 4216 the
530 4174 640 4230 equruor
651 4168 798 4230 coinciding
808 4168 872 4217 with
884 4169 929 4216 the
940 4168 1055 4229 horizon,
1068 4168 1113 4217 the
1124 4184 1174 4217 sun
1186 4168 1278 4230 during
1289 4169 1345 4217 that
1356 4169 1414 4218 hall
1427 4170 1458 4218 ol
1471 4171 1517 4218 the

361 4261 427 4308 year
443 4246 522 4295 when
538 4247 573 4294 he
590 4247 612 4295 is
630 4246 708 4294 north
726 4245 755 4294 ol
770 4247 815 4294 the
833 4252 942 4308 equatur
958 4246 1089 4295 describes
1106 4245 1133 4294 in
1150 4262 1230 4308 every
1247 4247 1417 4310 twenty-four
1435 4249 1517 4296 hours

364 4323 456 4373 circles
467 4323 572 4386 parallel
584 4324 648 4373 with
660 4325 705 4372 the
724 4324 842 4384 horizon,
852 4337 884 4372 so
900 4323 957 4372 that
972 4339 1007 4372 no
1023 4339 1075 4372 oue
1089 4324 1162 4386 point
1177 4324 1204 4373 in
1220 4326 1264 4374 the
1278 4326 1424 4374 revolution
1440 4325 1518 4374 could

363 4402 396 4450 be
407 4403 490 4451 called
501 4403 577 4451 south
590 4417 662 4451 more
673 4403 735 4452 than
747 4401 866 4451 another.
891 4401 942 4451 But
954 4401 1005 4450 this
1016 4402 1039 4450 is
1051 4410 1109 4451 true
1120 4403 1149 4451 ol
1157 4404 1202 4452 the
1213 4403 1288 4465 polar
1299 4405 1372 4466 point
1382 4403 1454 4465 only,
1464 4405 1518 4453 and

361 4480 393 4528 ol
402 4495 436 4529 no
449 4481 526 4529 other
536 4481 629 4529 within
641 4481 686 4529 the
697 4481 785 4529 Arctic
796 4479 885 4529 circle:
903 4481 953 4528 and
965 4481 1009 4529 the
1020 4482 1108 4530 words
1119 4480 1146 4529 in
1158 4483 1278 4544 question
1292 4483 1326 4531 do
1338 4488 1383 4530 not
1400 4482 1462 4531 bear
1472 4489 1519 4531 out

362 4557 415 4606 this
435 4558 641 4619 interpretation.
678 4558 689 4607 1
707 4557 781 4606 think
801 4558 846 4607 the
865 4573 975 4620 passage
993 4559 1041 4608 has
1059 4560 1186 4622 probably
1206 4561 1273 4609 been
1292 4561 1399 4610 vitiated
1418 4560 1454 4623 by
1472 4561 1518 4611 the

363 4635 526 4686 transcriber.
