3542 5359
546 615 746 676 SCIENTIA
774 614 1169 675 EXPERIMENTALIS.
1377 614 1434 692 187

280 800 303 844 a
331 788 538 856 concurrunt,
561 789 595 845 et
621 781 664 846 ab
689 779 794 846 altera
820 789 916 863 parte
944 788 1148 862 separantur,
1171 787 1209 842 ut
1234 790 1374 863 apparet
1401 781 1434 842 in

280 883 395 967 figura„
440 884 476 950 Si
491 906 570 949 vero
591 908 613 950 α
633 894 804 950 moveatur
819 905 933 949 versus
946 905 977 967 g
989 885 1022 948 in
1043 886 1169 949 directo
1188 883 1220 962 d,
1234 894 1314 948 tunc
1334 906 1351 948 c
1371 886 1434 950 erit

280 989 314 1052 in
336 989 368 1064 h,
395 998 430 1054 et
460 998 539 1053 tunc
566 989 653 1054 linea
675 989 694 1053 b
717 989 750 1070 d,
772 1001 807 1055 et
830 1011 847 1052 c
867 989 901 1068 h,
923 998 958 1053 et

281 1115 304 1158 a
323 1101 463 1175 gerunt
486 1092 649 1174 aequales,
673 1102 706 1157 et
728 1114 788 1157 ac
813 1093 900 1156 linea
923 1101 958 1156 et
991 1061 1019 1148 f

276 1197 348 1278 gh
379 1197 649 1280 aequidistantes.
706 1196 774 1282 Sed
804 1207 954 1261 centrum

282 1300 374 1364 iridis
400 1311 452 1364 est
475 1321 606 1383 semper
633 1302 666 1364 in
696 1302 824 1364 directo
853 1299 957 1363 centri

282 1403 369 1467 oculi
385 1403 554 1468 lacialiter.
591 1403 808 1488 Quapropter
821 1413 957 1485 oportet

282 1528 405 1592 ponere
429 1508 520 1590 quod
544 1508 596 1572 sol
619 1509 749 1573 videtur
777 1507 901 1571 moveri
924 1507 957 1570 in

282 1613 410 1677 directo
436 1613 590 1688 videntis,
620 1622 659 1677 ut
690 1611 737 1677 sic
767 1611 872 1693 possit
901 1611 957 1675 iris

282 1716 407 1781 moveri
429 1717 689 1800 aequidistanter
705 1715 842 1780 videnti.

328 1821 414 1885 Item
435 1822 558 1885 scimus
578 1821 670 1903 quod
690 1820 740 1883 sol
760 1830 901 1903 apparet
923 1819 956 1883 in

282 1925 415 1990 oculum
431 1924 614 2007 cujuslibet.
645 1923 681 1988 Si
697 1923 787 1987 mille
802 1923 957 1989 homines

283 2030 515 2094 ordinarentur
525 2030 707 2094 secundum
720 2028 841 2092 lineam
854 2048 955 2092 unam

283 2135 326 2198 ab
342 2135 466 2198 oriente
486 2134 529 2197 ad
548 2133 722 2210 occidens3
749 2133 884 2197 umbrae
905 2151 1021 2196 eorum
1044 2138 1154 2196 essent
1176 2131 1436 2214 aequidistantes

282 2239 466 2301 secundum
483 2258 629 2314 sensum,
641 2247 675 2300 et
691 2237 772 2301 radii
788 2237 910 2300 solares
922 2238 1079 2300 cadentes
1094 2255 1193 2318 super
1208 2255 1276 2298 eos.
1312 2235 1357 2299 Et
1373 2236 1436 2300 hoc

283 2352 334 2406 est
359 2351 495 2423 propter
518 2342 591 2417 hoc,
613 2342 704 2426 quod
731 2361 798 2404 non
821 2342 1024 2425 percipimus
1050 2360 1245 2404 concursum
1269 2340 1435 2403 radiorum

284 2447 437 2510 solarium
461 2446 495 2509 in
517 2455 668 2509 centrum
690 2445 762 2528 ejus
780 2457 916 2528 propter
937 2446 1074 2508 nimiam
1097 2445 1302 2508 distantiam.
1348 2444 1435 2507 Item

285 2559 419 2631 propter
455 2549 593 2614 eandem
632 2549 834 2628 distantiam,
864 2569 931 2612 non
964 2548 1164 2632 percipimus
1194 2558 1322 2611 motum
1358 2546 1437 2609 solis

285 2653 438 2715 diurnum
462 2653 495 2717 in
515 2673 617 2736 parvo
641 2663 801 2736 tempore,
820 2653 879 2716 sed
902 2652 1035 2715 videtur
1059 2651 1154 2714 nobis
1178 2652 1268 2732 quod
1296 2649 1347 2712 sol
1370 2660 1437 2714 stet

284 2756 317 2819 in
343 2757 447 2821 coelo.
1105 2767 1115 2783 ⁸

330 2860 385 2923 Ex
411 2881 478 2944 quo
508 2859 694 2925 ostenditur
718 2860 807 2943 quod
840 2857 1053 2923 nihilominus
1084 2857 1283 2941 experimur,
1311 2855 1435 2920 scilicet
1449 2868 1574 2919 &ehoe

283 2965 373 3046 quod
395 2966 451 3028 iris
471 2974 664 3029 numeratur
682 2964 865 3028 secundum
889 2982 1062 3026 numerum
1083 2959 1254 3024 hominum
1276 2951 1593 3049 aspicien-{lglsg'ssmsees

284 3067 377 3130 tium.
422 3069 510 3132 Nam
526 3068 553 3131 si
568 3068 636 3132 duo
655 3068 751 3132 sirnul
771 3077 860 3133 stent
880 3068 1076 3151 aspicientes
1091 3065 1207 3130 iridem
1222 3064 1256 3128 in
1273 3063 1438 3147 aquilone,
1449 3066 1569 3118 minbow.

284 3181 317 3235 et
340 3191 424 3236 unus
447 3173 579 3243 recedat
601 3172 644 3236 ad
667 3173 829 3250 occidens,
845 3172 899 3235 iris
921 3170 1108 3234 movebitur
1124 3169 1384 3253 aequidistanter
1398 3169 1437 3246 el,

284 3284 318 3339 et
339 3275 367 3338 si
386 3275 471 3339 alius
486 3276 578 3341 vadit
595 3276 638 3339 ad
656 3277 775 3354 oriens,
790 3277 843 3340 iris
866 3285 1019 3340 movetur
1035 3275 1294 3356 aequidistanter
1313 3273 1369 3349 illi,
1383 3272 1436 3338 vel

284 3378 399 3443 sistet
422 3379 455 3442 iu
478 3380 551 3444 loco
574 3381 690 3462 primo,
705 3382 807 3446 stabit
829 3381 894 3444 iris.
940 3380 1153 3443 Manifestum
1175 3389 1227 3443 est
1249 3399 1329 3461 ergo
1346 3378 1438 3460 quod

285 3483 341 3548 iris
366 3494 558 3548 numeratur
581 3485 763 3549 secundum
790 3504 965 3549 numerum
991 3484 1160 3548 hominum
1187 3483 1436 3567 aspicientium3

284 3597 319 3651 et
343 3587 421 3650 ideo
447 3588 651 3670 impossibile
675 3599 725 3652 est
749 3589 840 3672 quod
864 3590 933 3653 duo
953 3589 1089 3653 videant
1113 3607 1214 3651 unam
1239 3596 1273 3651 et
1297 3588 1437 3651 eandem

284 3690 412 3771 iridem,
428 3693 580 3774 quamvis
601 3692 795 3776 inexpertus
817 3693 881 3758 hoc
905 3713 971 3757 non
994 3693 1161 3777 percipiat.
1208 3691 1296 3755 Nam
1320 3692 1438 3755 umbra

285 3793 462 3876 cujuslibet
484 3796 603 3860 dividit
625 3817 738 3861 arcum
763 3798 853 3860 iridis
876 3800 1000 3890 induo
1023 3796 1182 3881 aequalia,
1200 3805 1234 3859 et
1256 3796 1342 3874 ideo,
1360 3815 1436 3861 cum

285 3900 424 3964 umbrae
441 3900 508 3964 sint
523 3900 784 3984 aequidistantes
799 3903 910 3984 quoad
930 3896 1073 3977 sensum,
1088 3920 1154 3964 non
1175 3910 1373 3965 concurrunt
1393 3901 1438 3964 ad

285 4003 430 4068 medium
460 4004 609 4086 ejusdem
641 4005 742 4082 iridis,
766 4015 800 4069 et
829 4005 907 4070 ideo
936 4004 1071 4070 cuilibet
1096 4003 1269 4087 aspicienti
1298 4005 1439 4067 debetur

285 4109 418 4191 propria
441 4109 503 4173 iris.
550 4109 597 4172 Et
618 4108 683 4173 hoc
706 4119 810 4194 patet,
829 4111 908 4191 quia
930 4111 958 4172 si
980 4110 1014 4173 in
1036 4109 1180 4172 diversas
1203 4117 1237 4171 et
1259 4107 1439 4171 contrarias

285 4221 397 4294 partes
418 4212 505 4276 duae
528 4224 725 4278 moveantur
742 4213 848 4287 irides,
866 4212 1087 4278 movebuntur
1100 4212 1284 4276 secundum
1308 4219 1438 4274 motum

285 4316 478 4393 videntium,
493 4327 528 4380 et
543 4318 619 4381 ideo
633 4326 717 4400 quot
732 4325 810 4381 sunt
824 4318 984 4393 videntes,
999 4326 1050 4380 tot
1065 4324 1144 4381 sunt
1159 4315 1267 4379 irides.

330 4421 386 4483 Ex
407 4418 481 4484 his¹
501 4441 582 4504 ergo
602 4421 751 4504 sequitur
766 4423 857 4504 quod
872 4421 926 4483 iris
946 4441 1013 4484 non
1029 4421 1161 4485 videtur
1178 4419 1240 4482 nisi
1255 4438 1316 4502 per
1329 4417 1438 4481 radios

987 1476 1008 1541 Ιι

1155 2004 1217 2054 F1c.
1230 2013 1270 2067 7²·

319 4586 328 4616 ¹
345 4587 368 4636 lt
379 4601 435 4636 was
446 4587 493 4636 lel't
504 4587 546 4636 sor
557 4587 696 4638 Descsrtes
708 4596 736 4636 to
745 4588 848 4651 explain
860 4589 916 4637 tlnt
926 4589 971 4637 the
983 4601 1030 4650 ray
1041 4587 1072 4636 ol'
1079 4587 1144 4648 light
1155 4601 1211 4635 was
1221 4585 1300 4635 twice
1311 4584 1439 4634 relmcted
1553 4593 1561 4606 '

286 4669 338 4718 and
349 4684 415 4719 once
426 4671 549 4720 tellected
562 4670 588 4719 in
600 4671 644 4721 the
656 4671 789 4733 mindrop.
825 4670 869 4720 He
886 4671 1039 4720 discovered
1055 4671 1132 4720 much
1149 4685 1222 4720 more
1239 4670 1301 4719 theu
1319 4668 1385 4729 thim
1410 4683 1440 4719 ns
