3542 5359
345 568 405 646 362
564 571 721 630 OPERIS
744 571 933 641 MAJORIS
957 570 1071 631 PARS
1095 572 1296 632 SEPTIMA.

345 745 544 816 conceptum
568 734 673 798 nihilo
695 746 821 798 natum.
866 734 935 800 Sed
958 737 1063 800 satius
1087 745 1138 799 est
1162 735 1312 820 publicos
1336 757 1445 800 mores
1463 747 1500 802 et

346 836 492 902 humana
512 840 594 902 vitia
616 839 745 920 placide
765 840 921 922 excipere
944 860 1003 903 nec
1027 841 1059 902 in
1083 841 1185 904 risum
1208 861 1269 904 nec
1292 841 1326 904 in
1349 841 1499 907 lacrimas

347 944 556 1008 excidentem
566 942 586 1008 ¹.
631 945 720 1008 Nam
736 945 852 1008 alienis
867 945 964 1008 malis
979 946 1126 1027 torqueri
1141 954 1276 1010 aeterna
1292 947 1424 1010 miseria
1439 958 1500 1024 est,

346 1047 462 1112 alienis
477 1048 634 1112 delectari
651 1047 746 1112 malis
759 1048 915 1131 voluptas
931 1049 1129 1114 inhumana'

177 1144 311 1259 ¹23qu
390 1150 574 1234 ‘Sequetur
589 1172 666 1234 pars
680 1172 766 1234 quae
780 1153 865 1216 solet
884 1172 951 1216 non
973 1153 1138 1218 immerito
1154 1154 1347 1218 contristare
1364 1203 1371 1216 .
1389 1201 1397 1216 .
1415 1203 1421 1217 .
1441 1154 1498 1218 ubi

177 1227 233 1340 inp.
249 1246 309 1326 ια’
345 1257 508 1321 bonorum
538 1259 651 1320 exitus
681 1258 758 1321 mali
789 1268 875 1331 sunt,
906 1268 944 1322 ut
973 1258 1128 1323 Socrates
1154 1259 1282 1342 cogitur
1309 1261 1342 1322 in
1369 1279 1500 1324 carcere

346 1355 472 1448 [mori].
488 1411 496 1425 .
511 1409 520 1426 .
535 1409 543 1423 .
560 1359 678 1426 Cicero
693 1362 868 1426 clientibus
889 1363 957 1426 suis
977 1365 1135 1445 praebere
1154 1364 1322 1428 cervicem.
1340 1363 1473 1428 Catu..
1490 1411 1498 1426 .

345 1466 504 1529 virtutum
530 1467 605 1529 viva
636 1466 758 1547 imago,
784 1467 978 1530 incumbens
1002 1468 1116 1549 gladio
1143 1467 1240 1530 simul
1268 1470 1312 1532 de
1337 1489 1374 1531 se
1399 1487 1438 1530 ac
1456 1469 1501 1532 de

346 1571 514 1651 republica
535 1571 643 1651 palam
668 1568 810 1634 faceret
828 1618 835 1632 .
853 1617 861 1632 .
879 1616 887 1632 .
903 1571 992 1634 Vide
1012 1572 1183 1654 quomodo
1203 1572 1345 1654 quisque
1367 1572 1499 1634 illorum

346 1674 468 1751 tulerit,
494 1686 529 1737 et
559 1677 586 1738 si
611 1674 711 1737 fortes
737 1674 877 1748 fuerunt,
900 1675 1045 1758 ipsorum
1077 1675 1150 1739 illos
1178 1677 1306 1740 animos
1335 1677 1500 1740 desidera.

347 1779 384 1842 Si
406 1778 610 1842 muliebriter
631 1789 665 1842 et
687 1780 805 1862 ignave
827 1783 995 1862 perierunt
1018 1779 1099 1844 nihil
1125 1781 1230 1864 periit.
1248 1831 1254 1844 .
1271 1831 1278 1844 .
1294 1831 1301 1844 .
1319 1781 1499 1844 Neminem

347 1882 434 1946 flebo
458 1883 591 1961 laetum,
611 1885 777 1948 neminem
799 1882 971 1948 flentem':
994 1887 1026 1949 in
1047 1885 1235 1949 sufferendo
1258 1886 1403 1967 pericula
1425 1883 1501 1948 ‘ille

346 1986 495 2052 lacrimas
514 2008 606 2053 meas
626 1989 698 2069 ipse
717 1989 882 2066 abstersit,
904 1990 958 2052 hic
979 1990 1047 2053 suis
1070 1989 1212 2053 lacrimis
1231 1989 1340 2054 effecit
1360 2009 1401 2053 ne
1424 1989 1501 2052 ullis

248 2084 257 2098 ⁴
349 2092 469 2175 dignus
484 2088 549 2156 sit.'

749 2309 973 2375 Carnutum
998 2309 1096 2374 XXl.

175 2478 288 2594 fimes
300 2561 333 2594 on
390 2481 437 2544 Et
464 2482 543 2564 quia
569 2483 750 2547 secundum
778 2481 982 2565 Scripturam
1013 2502 1132 2566 corpus
1157 2482 1248 2564 qnod
1279 2482 1501 2564 corrumpitur

178 2610 324 2676 theimpor-
346 2596 506 2669 aggravat
534 2587 691 2663 animam,
717 2598 752 2650 et
786 2598 914 2651 terrena
943 2586 1140 2651 inhabitatio
1180 2587 1336 2670 deprimit
1367 2607 1500 2650 sensum

178 2677 287 2726 tmoeor
296 2692 334 2727 Ν·
346 2691 453 2754 multa
471 2691 681 2774 cogitantem,
703 2690 779 2754 idco
796 2693 840 2755 ad
861 2691 1136 2774 tranquillitatem
1158 2692 1257 2756 animi
1280 2691 1499 2755 necessarium

178 2742 300 2792 laxatior.
347 2804 399 2858 est
421 2805 457 2861 ut
480 2795 625 2859 humana
652 2795 813 2879 fragilitas
835 2816 856 2858 a
877 2797 963 2858 curis
988 2795 1196 2860 interioribus
1222 2807 1256 2859 et
1281 2795 1501 2858 exterioribus

346 2901 527 2984 aliquando
546 2900 674 2964 relaxet
695 2901 841 2964 animum
864 2901 909 2964 ad
932 2901 1050 2965 solatia
1071 2911 1105 2964 et
1129 2902 1347 2966 recreationes
1370 2900 1500 2980 corpori

347 3005 556 3069 necessarias.
602 3004 691 3068 Nam
706 3003 801 3067 aliter
820 3005 955 3088 spiritus
979 3004 1016 3068 fit
1039 3006 1158 3068 anxius
1181 3015 1215 3067 et
1236 3005 1338 3069 hebes
1359 3015 1394 3067 et
1414 3003 1501 3067 acci·

347 3110 460 3173 diosus
477 3119 511 3173 et
526 3109 651 3173 tristior
665 3129 766 3191 quam
782 3119 958 3191 oporteret,
974 3120 1007 3173 et
1023 3130 1098 3173 cum
1114 3110 1227 3174 taedio
1248 3109 1325 3173 boni
1341 3107 1501 3190 languens

349 3225 382 3276 et
397 3213 552 3297 querulus
568 3225 602 3276 ct
618 3235 741 3296 pronus
752 3215 794 3277 ad
808 3226 919 3278 motus
932 3215 1157 3296 impatientiae
1172 3223 1206 3276 et
1222 3215 1290 3277 irae
1302 3211 1500 3295 frequenter.

349 3318 487 3400 Propter
501 3318 591 3400 quod
610 3318 808 3381 sanctissimi
824 3319 884 3382 viri
906 3319 1086 3400 aliquando
1107 3339 1200 3382 curas
1223 3317 1384 3382 laxabant
1407 3315 1500 3398 spiri·

348 3421 456 3485 tuales
475 3421 507 3484 in
522 3419 650 3496 solatia,
666 3432 699 3485 et
716 3422 859 3504 rigorem
878 3423 1099 3486 abstinentiae
1119 3422 1293 3486 solvebant
1309 3419 1500 3504 aliquando,

349 3545 409 3589 nec
433 3544 499 3588 non
525 3524 655 3606 vigilias
677 3527 910 3607 temperabant
933 3528 1129 3592 excessivas.
1168 3526 1268 3591 Unde
1291 3525 1501 3589 beatissimus

348 3629 519 3712 Johannes
544 3629 760 3712 Evangelista
786 3631 819 3694 in
846 3631 1002 3696 solatium
1028 3630 1193 3695 humanae
1215 3629 1402 3713 fragilitatis
1425 3647 1501 3692 cum

349 3735 483 3816 perdice
504 3732 653 3811 ludebat,
672 3734 757 3798 sicut
778 3736 898 3800 dicitur
919 3737 952 3798 in
977 3735 1220 3800 collationibus
1243 3733 1440 3810 Cassiani³;
1466 3741 1502 3794 et

348 3841 466 3904 beatus
497 3839 695 3904 Benedictus
725 3841 908 3905 monachos
938 3842 1061 3906 ducens
1089 3841 1121 3904 in
1147 3840 1303 3904 solatium
1330 3837 1502 3922 corporale

348 3945 554 4027 redarguitus
569 3965 589 4007 a
605 3945 730 4008 viatore
747 3955 949 4022 transeunte,
965 3945 1053 4008 dixit
1069 3945 1099 4008 ei
1114 3945 1204 4027 quod
1221 3945 1372 4007 tenderet
1387 3962 1501 4006 arcum

349 4051 456 4132 magis
478 4069 519 4113 ac
544 4048 661 4130 magis.
706 4049 784 4132 Quo
809 4050 1041 4131 respondente,
1066 4049 1143 4113 Non
1165 4049 1294 4126 faciam,
1314 4047 1393 4130 quia
1415 4046 1501 4110 sran-

349 4173 461 4235 gerem
477 4154 619 4230 cordam,
635 4153 746 4216 intulit
764 4173 897 4218 sensum
918 4175 940 4218 a
960 4154 1059 4216 simili
1080 4154 1171 4236 quod
1187 4154 1221 4216 in
1241 4163 1373 4218 tantum
1389 4162 1502 4234 posset

383 4323 390 4350 ¹
407 4323 537 4384 excidere,
552 4322 582 4373 D.
596 4330 624 4372 et
634 4322 667 4372 0.
1023 4323 1033 4352 ¹
1050 4339 1078 4374 se
1090 4324 1241 4386 expediens,
1254 4321 1286 4374 D.
1298 4331 1325 4372 et
1337 4323 1370 4371 0.

382 4401 392 4430 ⁸
406 4401 471 4450 This
482 4417 539 4450 was
549 4403 594 4449 the
606 4402 752 4451 celebrated
764 4401 971 4466 Semi-Pelagian
982 4403 1012 4451 oi
1020 4402 1064 4452 the
1081 4403 1136 4452 lllth
1151 4411 1270 4464 century.
1305 4403 1362 4451 The
1373 4401 1504 4450 anecdote

349 4481 402 4529 will
421 4480 454 4528 be
474 4480 554 4528 ionnd
574 4481 601 4529 in
618 4480 664 4530 the
681 4481 851 4544 twenty-first
867 4482 976 4544 chapter
993 4482 1024 4530 of
1035 4482 1080 4531 the
1098 4481 1296 4544 twenty-fourth
1313 4480 1401 4530 osche
1418 4480 1503 4548 (ἶοῑΙι-Ι

349 4559 418 4609 tions
430 4559 468 4622 (p.
478 4561 529 4620 623
540 4559 571 4607 ol
584 4560 629 4607 the
642 4559 662 4607 F
663 4559 780 4608 rankhrrt
790 4560 888 4609 edition
905 4560 935 4609 os
945 4562 1027 4625 1722).
1064 4560 1086 4610 It
1101 4561 1123 4611 is
1138 4561 1232 4611 almost
1244 4561 1364 4610 identical
1377 4560 1440 4609 with
1457 4561 1502 4610 the

349 4645 421 4700 story
433 4638 464 4686 oi
472 4638 510 4688 St.
520 4638 649 4688 Benedict
659 4639 746 4688 which
758 4638 866 4689 follows.
