3542 5359
538 627 737 687 SCIENTIA
763 628 1157 689 EXPERIMENTALIS.
1363 627 1422 707 183

270 787 320 853 sol
344 798 394 853 est
413 789 447 853 in
470 791 616 862 meridie,
639 801 673 854 et
703 791 737 854 in
765 789 977 873 Capricorn0,
998 793 1078 874 quia
1106 812 1236 874 semper
1261 792 1422 858 minuitur
1434 805 1483 856 and
1495 813 1533 856 to

270 892 413 958 altitudo
434 895 553 976 capitis
576 893 777 978 Capricorni,
794 903 828 959 et
851 895 928 959 ideo
950 894 1093 960 altitudo
1115 896 1195 960 solis
1216 896 1251 960 in
1276 897 1421 961 meridie.
1433 872 1568 988 {Jnffl

272 995 319 1059 Et
331 997 438 1082 magis
452 1019 491 1063 ac
507 999 614 1082 magis
625 999 802 1083 potestiris
810 999 969 1083 grandior
980 1020 1149 1082 apparere,
1161 1020 1228 1063 non
1239 1000 1348 1064 solum
1364 1000 1421 1066 illa
1435 1004 1502 1053 linit
1511 1009 1538 1082 αξ

271 1102 326 1165 die
340 1102 374 1164 in
389 1103 470 1167 hora
486 1104 633 1168 meridiei
649 1103 681 1167 in
696 1103 849 1168 omnibus
861 1103 1058 1186 regionibus,
1072 1104 1173 1168 sedin
1184 1104 1303 1169 diebus
1315 1125 1422 1188 prope
1435 1069 1590 1200 gpyeerurmes

270 1205 459 1282 solstitium,
480 1218 515 1272 et
537 1207 718 1272 secundum
737 1208 828 1291 quod
849 1206 925 1289 plus
946 1217 980 1271 et
1000 1207 1076 1291 plus
1098 1208 1422 1273 deambulaverimus

271 1330 384 1375 versus
407 1312 677 1393 septentrionem,
693 1320 728 1375 et
749 1310 846 1376 luerit
865 1311 1007 1376 latitudo
1025 1313 1168 1397 regionis
1191 1313 1305 1397 major.
1351 1312 1422 1377 Sed

271 1414 336 1479 hoc
359 1415 434 1497 plus
455 1425 567 1499 potest
585 1435 745 1499 apparere
763 1416 844 1479 dum
863 1415 914 1479 sol
933 1425 985 1481 est
1007 1416 1040 1480 in
1063 1417 1208 1495 meridie,
1223 1437 1291 1482 non
1313 1417 1422 1481 solum

272 1519 351 1582 dum
367 1519 418 1584 sol
433 1529 483 1584 est
499 1540 603 1604 prope
614 1519 863 1601 Capricornum,
874 1520 934 1583 sed
945 1518 979 1582 in
993 1521 1107 1583 multis
1119 1521 1190 1585 aliis
1202 1522 1423 1605 temporibus;

271 1625 453 1688 secundum
463 1625 552 1708 quod
566 1625 599 1688 in
611 1625 755 1708 septimo
765 1623 908 1702 climate,
917 1624 973 1687 ubi
983 1623 1126 1688 latitudo
1137 1634 1189 1689 est
1202 1624 1245 1702 48
1257 1626 1422 1709 graduum

271 1735 306 1790 et
320 1745 363 1804 42
379 1729 592 1802 minutorum,
607 1739 719 1811 potest
734 1749 894 1812 apparere
909 1729 974 1806 iris,
989 1728 1060 1793 sole
1075 1740 1222 1795 exeunte
1237 1730 1270 1792 in
1286 1729 1424 1794 meridie

272 1830 316 1893 ab
330 1833 512 1896 autumnali
527 1833 736 1915 aequinoctio
753 1853 855 1915 usque
872 1833 916 1896 ad
932 1832 1072 1896 vernale.
1117 1832 1207 1897 Nam
1229 1833 1279 1896 sol
1302 1834 1336 1897 in
1357 1833 1424 1897 isto

272 1943 422 2018 tempore
441 1936 476 1999 in
492 1936 629 2001 meridie
650 1957 716 2000 non
736 1937 836 2001 habet
855 1937 888 2001 in
904 1937 1046 2020 septimo
1060 1934 1196 2000 climate
1210 1935 1422 2001 altitudinem

271 2057 315 2117 42
336 2040 510 2122 graduum,
533 2061 592 2104 nec
617 2041 718 2105 etiam
748 2042 782 2104 in
809 2041 927 2105 diebus
948 2041 1239 2122 aequinoctiorum,
1263 2043 1422 2122 quoniam

271 2142 414 2208 altitudo
430 2145 548 2227 capitis
564 2145 689 2210 Arietis
704 2157 738 2210 et
752 2145 873 2209 Librae
889 2165 988 2227 super
1003 2143 1210 2208 horizontem
1220 2164 1287 2207 non
1299 2155 1350 2209 est
1362 2145 1423 2208 nisi

271 2266 310 2325 41
329 2249 452 2332 gradus
467 2259 501 2313 et
520 2268 558 2311 10
574 2249 713 2328 minuta,
728 2259 765 2313 ut
781 2253 870 2333 prius
888 2259 1016 2313 tactum
1037 2258 1096 2327 est,
1114 2258 1148 2313 et
1165 2257 1259 2331 patet
1278 2247 1342 2313 hoc
1364 2270 1425 2333 per

271 2350 483 2417 latitudinem
506 2354 651 2436 regionis
668 2355 871 2418 subtractam
895 2374 915 2417 a
936 2371 988 2437 90.
1033 2354 1122 2417 Nam
1145 2351 1187 2431 48
1209 2353 1368 2434 gradibus
1389 2363 1425 2418 et

272 2455 314 2533 48
331 2458 476 2536 minutis,
494 2478 580 2541 quae
602 2468 681 2523 sunt
703 2457 847 2522 latitudo
870 2457 1025 2542 regionis,
1039 2457 1217 2521 subtractis
1238 2478 1259 2520 a
1282 2473 1334 2537 90,
1355 2476 1424 2520 non

273 2571 445 2626 remanent
460 2562 522 2624 nisi
536 2579 576 2638 41
599 2564 722 2645 gradus
743 2571 778 2626 et
797 2578 834 2625 12
850 2561 987 2636 minuta,
1004 2571 1039 2626 et
1053 2561 1118 2625 hoc
1133 2570 1184 2625 est
1201 2561 1309 2624 minus
1324 2581 1425 2643 quam

271 2682 315 2742 42
341 2666 473 2748 gradus,
493 2666 550 2748 qui
576 2664 702 2730 faciunt
726 2656 936 2730 altitudinem
961 2665 1040 2729 solis
1069 2665 1103 2727 in
1133 2684 1201 2746 qua
1231 2673 1341 2746 potest
1370 2664 1426 2727 iris

272 2789 442 2851 apparere.

318 2873 364 2938 Et
386 2875 415 2937 si
437 2873 522 2939 ultra
544 2873 608 2938 hoc
628 2873 728 2937 clima
751 2871 1073 2937 deambulaverimus
1090 2871 1133 2933 ad
1154 2870 1425 2952 septentrionem,

272 2976 382 3041 adhuc
398 2979 520 3060 poterit
537 2979 594 3042 iris
613 2979 647 3040 in
671 2977 797 3041 fervore
818 2976 954 3040 aestatis
970 2994 1138 3058 apparere,
1154 2974 1290 3056 quando
1309 2974 1360 3038 sol
1376 2985 1427 3039 est

273 3081 308 3144 in
324 3082 470 3146 meridie.
502 3083 591 3147 Nam
608 3081 751 3146 altitudo
769 3081 889 3163 capitis
897 3080 1025 3145 Arietis
1040 3088 1091 3143 est
1106 3099 1218 3162 parva,
1227 3088 1262 3142 et
1276 3076 1427 3143 simfliter

274 3185 419 3249 altitudo
431 3186 549 3269 capitis
562 3185 680 3250 Cancri
689 3186 826 3270 quando
838 3186 982 3250 latitudo
997 3183 1140 3266 regionis
1150 3191 1201 3246 est
1211 3200 1253 3265 54
1262 3184 1426 3265 graduum

271 3288 324 3353 vel
348 3287 424 3366 60¹,
447 3299 481 3354 et
511 3290 661 3355 maxime
689 3290 826 3373 quando
856 3299 909 3354 est
938 3289 981 3352 66
1002 3289 1166 3372 graduum
1190 3296 1225 3351 et
1249 3300 1289 3369 25
1319 3287 1426 3350 minu·

273 3403 395 3458 torum.
441 3393 529 3458 Nam
547 3405 625 3459 tunc
641 3394 732 3457 nulla
751 3393 896 3459 altitudo
911 3403 962 3458 est
979 3392 1180 3475 Capricorni,
1195 3391 1273 3475 quia
1288 3390 1427 3455 horizon

272 3498 390 3562 transit
407 3517 467 3580 per
488 3498 590 3576 idem,
607 3507 640 3562 et
663 3497 697 3560 in
720 3497 872 3561 solstitiis
888 3498 922 3561 in
937 3497 1073 3562 instanti
1094 3495 1183 3579 jacet
1205 3494 1342 3558 horizon
1364 3492 1427 3557 sub

273 3601 420 3678 zodiaco,
435 3621 501 3665 non
517 3601 685 3665 declinans
700 3603 744 3666 ab
760 3622 809 3665 eo.
855 3601 902 3665 Et
917 3600 996 3685 quia
1012 3601 1166 3664 zodiacus
1182 3608 1335 3662 movetur
1349 3617 1426 3663 cum

273 3705 377 3784 coelo,
386 3706 498 3770 subito
513 3715 686 3788 separatur
700 3707 744 3770 ab
760 3705 942 3779 horizonte,
955 3716 989 3768 et
1004 3703 1183 3769 revolvitur
1197 3713 1297 3786 caput
1309 3702 1427 3785 Capri-

274 3810 363 3873 corni
385 3809 449 3873 sub
470 3809 643 3874 horizonte
665 3829 725 3894 per
744 3811 833 3873 diem
855 3808 1050 3882 naturalem,
1070 3808 1130 3870 nisi
1154 3808 1245 3890 quod
1267 3808 1428 3871 medietas

273 3911 352 3978 solis
382 3924 521 3999 apparet
551 3934 651 3996 super
679 3924 812 3979 terram.
868 3913 994 3978 Vemm
1025 3912 1055 3976 ei
1086 3910 1177 3975 nulla
1206 3920 1257 3975 est
1283 3910 1427 3976 altitudo

273 4037 371 4100 super
395 4018 602 4083 horizontem
629 4018 664 4081 in
691 4017 837 4083 solstitio
861 4016 1020 4101 hyemali.
1065 4015 1111 4080 Et
1134 4025 1214 4079 tunc
1238 4015 1294 4079 iris
1315 4023 1428 4096 potest

273 4141 444 4204 apparere,
470 4121 605 4205 quando
625 4121 675 4186 sol
701 4131 752 4186 est
778 4122 811 4186 in
833 4121 983 4198 meridie,
1004 4120 1085 4183 dum
1108 4118 1270 4182 medietas
1289 4127 1428 4199 apparet

273 4244 374 4308 super
395 4235 517 4290 terram
528 4221 552 4303 ²,
569 4235 604 4290 et
626 4235 825 4308 potestesse
848 4224 954 4308 major
975 4243 1076 4307 quam
1099 4220 1336 4286 semicirculus.
1382 4219 1427 4285 Et

274 4329 352 4412 quia
376 4340 512 4414 repente
535 4329 658 4394 occidit
682 4330 842 4394 medietas
860 4328 950 4406 solis,
966 4328 1042 4392 ideo
1061 4327 1176 4392 statim
1196 4325 1343 4409 disparet
1361 4325 1427 4388 iris.

274 4431 434 4498 Similiter
457 4432 489 4496 in
516 4432 589 4496 aliis
612 4432 730 4498 diebus
754 4433 822 4497 lere
847 4433 952 4498 totius
975 4431 1053 4496 anni
1077 4431 1168 4515 apud
1198 4429 1291 4493 illum
1315 4428 1427 4494 locum

306 4579 314 4609 ¹
331 4579 407 4628 After
418 4580 453 4628 ⁶0
463 4578 489 4639 J.
500 4578 668 4641 interpolatos
684 4579 851 4640 minutorum,
861 4577 949 4628 which
960 4577 983 4628 is
998 4585 1045 4627 not
1056 4577 1084 4626 in
1098 4575 1185 4627 either
1195 4575 1228 4628 D.
1243 4590 1274 4625 or
1286 4574 1319 4626 0.

306 4657 316 4687 ¹
332 4665 526 4722 superterram,
538 4657 645 4707 omitted
657 4657 684 4706 iu
695 4656 722 4717 J.
