3542 5359
199 3405 240 3471 (a)
252 3403 344 3454 Action

199 3471 228 3519 oi
236 3469 346 3522 celestini

200 3537 287 3586 bodies
298 3552 331 3585 on

199 3603 260 3653 each
273 3602 354 3653 other.

373 623 434 700 446
637 625 974 685 MULTIPLICATIO
998 625 1253 686 SPECIERUM.

373 788 500 872 possint
519 790 588 870 pati
608 789 760 854 inferiora
784 799 886 872 patet,
903 789 981 872 quia
1004 790 1251 854 communicant
1274 789 1307 853 in
1330 782 1478 864 materia,
1493 798 1529 853 et

372 892 463 975 quod
494 891 549 956 illa
580 914 668 976 quae
698 895 944 959 communicant
981 896 1013 957 in
1050 914 1169 977 genere
1205 895 1455 958 communicant
1493 895 1529 957 in

374 999 521 1072 materia,
544 1009 580 1062 ut
603 999 724 1062 dicitur
747 1000 864 1082 quinto
885 998 1224 1081 Metaphysicorum¹.
1273 999 1319 1063 Et
1346 1000 1423 1061 ideo
1449 998 1528 1062 licet

372 1121 439 1164 non
461 1105 706 1167 communicent
730 1104 913 1168 intantum
937 1112 973 1166 ut
995 1104 1038 1167 sit
1061 1113 1176 1167 mutua
1200 1103 1368 1185 generatio
1394 1111 1429 1166 et
1454 1121 1528 1166 cor·

373 1207 483 1288 ruptio
498 1206 664 1290 completa
680 1208 764 1271 inter
786 1208 937 1270 inferiora
957 1217 991 1270 et
1010 1207 1175 1283 coelestia,
1192 1207 1255 1270 hoc
1278 1209 1366 1271 enim
1388 1215 1528 1290 negatur

373 1310 459 1374 libro
473 1312 517 1374 de
533 1309 757 1375 Generatione
772 1321 806 1375 et
824 1311 911 1386 alibi,
924 1321 1037 1375 tamen
1054 1321 1231 1393 postquam
1250 1313 1282 1374 in
1301 1331 1420 1393 genere
1435 1329 1526 1372 eom-

373 1414 552 1491 munieant,
574 1424 708 1498 oportet
734 1417 825 1499 quod
852 1416 884 1477 in
913 1416 1051 1479 materia
1074 1416 1328 1495 communicent,
1345 1415 1526 1479 secundum

371 1519 460 1601 quod
477 1519 677 1584 Aristoteles
692 1520 781 1584 dicit.
828 1519 874 1582 Et
889 1520 964 1584 ideo
980 1519 1232 1584 manifestantur
1252 1520 1334 1583 haec
1356 1521 1387 1581 in
1405 1518 1526 1582 Priori-

370 1623 442 1699 bus,
454 1625 545 1703 quod
560 1623 703 1688 essentia
718 1624 848 1707 generis
864 1624 1009 1706 proximi
1025 1633 1076 1688 est
1089 1622 1260 1687 materiale
1276 1623 1472 1706 principium
1490 1623 1524 1684 in

371 1726 575 1790 naturalibus
591 1737 741 1810 respectu
757 1726 898 1793 duarum
914 1728 1107 1809 specierum,
1123 1737 1156 1790 et
1174 1726 1378 1791 individuum
1394 1726 1526 1807 generis

372 1839 521 1912 respectu
531 1832 671 1894 duorum
683 1832 926 1894 individuorum
939 1830 1067 1894 illarum
1078 1832 1271 1913 specierum.
1297 1830 1526 1913 Congruentia

371 1945 484 1997 autem
510 1944 561 1998 est
587 1936 629 1999 ad
656 1935 742 2012 hoc3
774 1936 930 2019 quoniam
958 1944 1085 2018 quanto
1112 1937 1218 2018 magis
1245 1946 1357 2018 partes
1384 1935 1524 1998 universi

370 2039 600 2117 assimilentur,
616 2049 710 2103 tanto
726 2039 832 2120 major
845 2049 896 2103 est
912 2039 1001 2103 salus
1019 2059 1132 2103 earum
1148 2049 1181 2103 et
1197 2040 1333 2104 utilitas.
1379 2038 1425 2102 Et
1449 2039 1526 2102 ideo

370 2161 445 2205 cum
471 2142 623 2206 inferiora
647 2163 714 2206 non
737 2151 876 2227 possunt
899 2142 1069 2206 assimilari
1092 2163 1151 2224 per
1173 2153 1308 2206 naturas
1330 2141 1527 2223 completas,

369 2256 507 2310 naturae
537 2245 703 2312 coelorum
735 2247 886 2328 congruit
917 2256 954 2310 ut
984 2246 1102 2310 saltem
1129 2267 1187 2331 per
1211 2247 1335 2329 species
1365 2255 1524 2328 receptas.

368 2350 558 2415 Necessitas
573 2363 686 2416 autem
702 2351 871 2416 concludit
888 2350 951 2415 hoc
968 2352 1057 2414 idem
1074 2372 1132 2434 per
1146 2353 1394 2432 generationem
1415 2369 1524 2412 rerum

369 2465 403 2517 et
434 2456 687 2539 corruptionem,
720 2455 814 2537 cujus
844 2476 943 2520 causa
970 2456 1158 2538 principalis
1184 2465 1234 2518 est
1257 2455 1384 2539 duplex
1410 2454 1526 2517 allatio

370 2558 448 2622 solis
470 2559 533 2622 sub
555 2561 690 2642 obliquo
712 2561 854 2636 circulo;
877 2562 935 2624 sed
952 2559 1001 2623 sol
1018 2580 1084 2623 non
1100 2569 1149 2623 est
1167 2579 1224 2641 per
1247 2559 1467 2623 substantiam
1491 2559 1526 2621 in

371 2662 583 2743 inferioribus,
598 2666 727 2727 et.ideo
750 2685 808 2747 per
822 2665 989 2728 virtutem.
1037 2664 1083 2727 Et
1106 2664 1151 2727 sic
1174 2666 1217 2728 de
1239 2663 1311 2727 aliis
1329 2662 1526 2746 corporibus

369 2767 574 2831 coelestibus.
621 2768 667 2831 Et
686 2789 745 2851 per
766 2769 1006 2852 experientiam
1030 2777 1124 2851 patet
1144 2767 1224 2830 illud
1243 2769 1286 2831 de
1308 2766 1381 2830 luce
1404 2765 1526 2830 diffusa

370 2871 600 2936 acoelestibus
612 2893 671 2956 per
682 2873 794 2937 omnia
807 2873 969 2938 inferiora.
1015 2872 1061 2936 Et
1072 2872 1146 2936 ideo
1158 2891 1234 2934 curn
1244 2871 1420 2952 objiciatur
1431 2871 1526 2953 quod

370 2985 488 3040 natura
511 2977 664 3041 coelestis
691 2997 757 3042 non
782 2987 833 3040 est
854 2975 1053 3061 generabilis
1077 2988 1111 3040 et
1134 2976 1364 3058 corruptibilis,
1387 2985 1527 3058 propter

369 3081 459 3161 quod
478 3070 548 3144 ¹non
570 3083 781 3163 generabitur
804 3081 836 3144 in
860 3082 998 3144 materia
1020 3080 1236 3156 elementari3
1270 3079 1449 3143 dicendum
1472 3088 1525 3143 est

367 3184 457 3267 quod
481 3185 544 3249 hoc
566 3196 617 3249 est
633 3206 748 3248 verum
770 3187 833 3249 sub
855 3205 928 3250 esse
950 3185 1127 3266 completo,
1143 3184 1201 3248 sed
1223 3185 1287 3248 sub
1310 3203 1382 3248 esse
1403 3182 1525 3264 speciei

368 3308 434 3350 non
451 3299 501 3352 est
517 3290 756 3364 inconveniens,
773 3291 876 3353 immo
893 3289 1122 3353 necessarium.

413 3390 480 3454 Sed
496 3395 641 3457 secundo
656 3394 824 3458 sciendum
846 3404 905 3472 est,
921 3394 1011 3475 quod
1035 3392 1191 3457 coelestia
1215 3401 1354 3475 possunt
1376 3391 1528 3473 recipere

367 3497 494 3577 species
518 3497 562 3560 ab
586 3499 660 3562 aliis
682 3499 889 3579 coelestibus,
912 3510 949 3564 ut
973 3499 1051 3562 luna
1074 3507 1108 3563 et
1132 3498 1250 3562 stellae
1273 3497 1435 3578 recipiunt
1457 3497 1523 3559 vir-

366 3609 473 3665 tutem
494 3612 528 3665 et
550 3603 694 3685 speciem
717 3602 804 3682 solis,
820 3604 866 3666 ita
890 3604 980 3685 quod
1004 3603 1062 3665 lux
1085 3602 1165 3666 solis
1187 3603 1321 3665 veniens
1343 3601 1386 3664 ad
1408 3620 1522 3683 super-

366 3704 475 3769 ficiem
502 3706 600 3770 lunae
621 3706 674 3772 vel
697 3707 814 3772 stellae
840 3707 1016 3790 cujuslibet
1042 3707 1153 3770 educit
1181 3706 1226 3768 ibi
1253 3725 1312 3788 per
1337 3703 1522 3768 naturalem

365 3811 631 3875 immutationem
660 3812 767 3876 lucem
798 3813 842 3875 de
871 3813 1021 3892 potentia
1052 3811 1209 3874 materiae
1219 3805 1238 3874 ².
1285 3809 1332 3873 Et
1355 3807 1419 3871 hoc
1442 3808 1523 3871 dicit

364 3923 607 3979 commentator
622 3936 721 3998 super
735 3914 918 3978 secundum
936 3913 1029 3978 Coeli
1042 3925 1078 3979 et
1090 3914 1217 3992 Mundi,
1228 3922 1262 3976 et
1274 3913 1384 3998 arguit
1400 3914 1442 3976 ad
1458 3910 1522 3975 hoc

364 4040 424 4102 per
436 4020 670 4102 aequalitatem
680 4018 876 4102 angulorum
891 4019 1088 4083 incidentiae
1098 4028 1130 4081 et
1141 4015 1338 4091 reflexionis‚
1345 4027 1382 4081 ut
1393 4017 1522 4099 patebit

365 4123 508 4188 inferius.
554 4123 600 4187 Et
626 4123 827 4188 Aristoteles
858 4123 930 4205 ipse
961 4125 1040 4187 dicit
1067 4133 1187 4187 octavo
1210 4106 1520 4205 Metaphysicorum

365 4228 456 4310 quod
472 4247 538 4290 non
553 4248 653 4291 omne
667 4227 839 4292 alterabile
854 4237 907 4290 est
921 4227 1120 4310 generabile,
1137 4237 1273 4308 propter
1288 4225 1464 4304 coelestia;
1486 4234 1522 4288 et

364 4331 428 4396 lroc
447 4342 496 4396 est
515 4334 594 4415 quia
613 4332 765 4397 alteratio
789 4332 871 4397 lucis
890 4341 940 4397 est
962 4332 995 4394 in
1018 4330 1226 4396 coelestibus.
1272 4329 1318 4394 Et
1341 4329 1418 4394 ideo
1440 4329 1522 4392 dicit

363 4435 563 4500 Aristoteles
589 4437 735 4501 secundo
761 4435 1131 4520 Meteorologicorum³,
1155 4435 1246 4517 quod
1275 4433 1324 4498 sol
1356 4432 1522 4499 illuminat

394 4613 404 4645 ¹
423 4614 463 4665 Ci.
476 4613 613 4678 Maraphys.
624 4615 657 4666 iv.
668 4617 695 4674 6,
708 4619 771 4676 515.
1121 4612 1131 4641 ¹
1147 4613 1186 4664 Cf.
1197 4613 1249 4663 vol.
1261 4613 1278 4663 i.
1291 4629 1316 4676 p.
1331 4627 1386 4676 ιη

394 4689 405 4719 ¹
422 4692 665 4757 Metapbysicorum,
677 4693 711 4754 J,
726 4693 881 4759 Meteorum,
896 4693 963 4756 Reg.
997 4692 1036 4744 Cf.
1049 4692 1243 4756 Meteomlogr'm,
1255 4693 1271 4742 i.
1283 4693 1308 4754 8,
1320 4695 1334 4750 l
1346 4693 1370 4740 6.
