3542 5359
373 629 434 709 456
639 629 975 688 MULTIPLICATIO
1000 629 1255 690 SPECIERUM.

377 791 537 858 Similiter
552 803 586 858 et
601 790 661 855 lux
676 801 788 874 potest
803 792 837 855 in
852 792 1016 875 aliquibus
1036 794 1229 875 corporibus
1252 794 1339 878 aptis
1358 792 1529 876 complere

377 897 531 962 effectum
548 917 653 973 suum,
663 907 700 961 ut
716 895 774 960 lux
790 897 870 959 solis
880 897 1027 980 complet
1043 898 1197 961 effectum
1213 900 1245 961 in
1262 919 1400 982 corpore
1415 898 1530 982 plane·

377 1015 486 1066 tarum
502 1011 537 1064 et
552 999 721 1064 stellarum
735 1008 770 1064 et
786 999 939 1078 nubibus,
951 1001 997 1063 ita
1012 1001 1102 1082 quod
1114 1001 1311 1067 sufficienter
1321 1012 1479 1085 generata
1496 1003 1530 1065 in

377 1107 425 1170 eis
457 1114 569 1188 potest
598 1104 704 1169 facere
735 1107 778 1169 ad
809 1104 962 1168 inferiora
1000 1125 1094 1169 suam
1131 1105 1275 1188 speciem
1306 1117 1340 1170 et
1370 1108 1529 1170 virtutem

377 1209 575 1287 efficaciter3
605 1219 639 1272 et
662 1208 854 1273 inflamma
876 1221 911 1273 et
941 1208 1084 1272 carbone
1107 1210 1262 1274 similiter.
1310 1212 1407 1276 Unus
1439 1211 1528 1274 enim

378 1315 487 1379 sumus
502 1311 727 1377 inflammatus
743 1313 907 1377 illuminat
924 1315 1025 1377 alium
1049 1324 1083 1377 et
1104 1336 1156 1378 res
1176 1314 1305 1390 multas,
1321 1327 1356 1380 et
1378 1315 1531 1379 similiter

378 1419 478 1482 carbo
497 1418 702 1481 illuminatus
718 1417 799 1482 alias
815 1439 865 1482 res
880 1417 1044 1482 illuminat
1068 1419 1097 1482 ei
1112 1419 1253 1501 junctas,
1270 1429 1306 1483 ut
1321 1419 1531 1502 compleatur

378 1523 504 1604 species
528 1523 609 1586 lucis
631 1523 664 1584 in
687 1523 743 1584 eis.
791 1520 894 1587 Color
915 1534 1028 1586 autem
1059 1543 1125 1587 non
1152 1525 1199 1587 sic
1229 1535 1349 1607 potest,
1376 1525 1529 1606 quamvis

379 1627 497 1710 aliquis
528 1626 619 1690 color
655 1626 749 1690 sortis
786 1627 884 1691 iaciat
914 1627 1103 1691 sensibilem
1143 1629 1297 1711 speciem,
1327 1649 1413 1710 quae
1442 1629 1529 1692 bene

378 1740 528 1814 apparet,
552 1731 729 1814 praecipue
749 1731 782 1793 in
804 1729 945 1795 obscuro
966 1731 1065 1813 juxta
1086 1732 1214 1796 radium
1235 1730 1326 1811 lucis,
1347 1735 1431 1798 sicut
1451 1753 1529 1797 con-

378 1836 477 1918 tingit
499 1836 542 1898 de
565 1835 728 1898 coloribus
750 1834 890 1899 fortibus
912 1837 1081 1913 vitrorum,
1104 1838 1240 1918 quando
1270 1858 1329 1921 per
1354 1859 1393 1902 ea
1420 1840 1531 1902 radius

379 1940 498 2003 transit
528 1940 642 2002 solaris
672 1940 877 2004 sensibiliter.
923 1939 991 2004 Sed
1022 1939 1086 2003 hoc
1117 1943 1308 2022 expositum
1340 1953 1391 2005 est
1428 1943 1529 2026 prius.

380 2038 476 2104 Odor
496 2059 574 2102 vero
598 2059 664 2102 non
686 2039 832 2123 complet
854 2040 998 2122 speciem
1021 2041 1099 2121 quia
1122 2040 1201 2105 illud
1224 2043 1313 2124 quod
1338 2042 1532 2125 relinquitur

379 2153 477 2206 extra
492 2142 664 2207 odorabile
687 2141 814 2209 fortiter
839 2145 1020 2208 immutans
1038 2164 1171 2207 sensum
1194 2155 1244 2209 est
1269 2145 1378 2210 sumus
1401 2146 1531 2211 subtilis

381 2247 544 2311 resolutus
560 2269 618 2330 per
638 2248 781 2312 calidum
805 2258 902 2311 extra
922 2248 975 2311 vel
999 2249 1093 2322 intra,
1110 2258 1144 2313 et
1165 2261 1301 2314 nonest
1322 2253 1448 2335 species
1472 2273 1532 2316 nec

380 2350 518 2416 effectus
553 2351 738 2434 completus
775 2353 896 2430 odoris,
929 2352 987 2415 sed
1025 2373 1143 2434 corpus
1180 2354 1351 2436 quoddam
1390 2356 1421 2418 in
1460 2377 1532 2420 esse

381 2457 537 2539 specifico
551 2455 731 2520 odorabilis
751 2456 977 2533 constitutum,
992 2458 1082 2539 quod
1104 2457 1222 2521 dividit
1243 2469 1355 2541 partes
1377 2461 1476 2523 medii
1498 2471 1533 2526 et

382 2563 511 2625 obtinet
526 2559 635 2624 locum
652 2560 737 2623 inter
758 2560 862 2625 latera
881 2561 1088 2624 continentis.
1133 2561 1242 2644 Sapor
1263 2583 1342 2626 vero
1365 2583 1430 2627 non
1453 2564 1533 2628 lacit

381 2675 479 2729 extra
493 2685 528 2728 se
544 2665 688 2747 speciem
705 2684 765 2727 nec
780 2665 926 2745 complet
942 2683 1025 2742 eam,
1042 2665 1118 2728 licet
1140 2686 1260 2749 magna
1280 2666 1323 2731 sit
1345 2668 1534 2732 immutatio

381 2779 499 2851 gustus
514 2789 574 2852 per
588 2789 751 2851 saporem,
763 2770 841 2850 quia
856 2788 957 2851 sapor
968 2788 1035 2831 non
1052 2769 1207 2834 immutat
1220 2771 1303 2834 bene
1319 2773 1380 2836 nisi
1396 2785 1536 2856 propter

381 2872 613 2936 humiditatem
640 2871 810 2936 salivalem
837 2874 889 2938 cui
912 2875 1154 2951 commiscetur,
1174 2884 1208 2938 et
1232 2896 1292 2958 per
1314 2896 1415 2957 quam
1436 2899 1534 2962 sapo-

381 2976 486 3040 rabile
509 2976 680 3041 resolvitur
702 2986 740 3039 ut
762 2975 880 3041 fortius
903 2978 1066 3040 immutet.
1113 2975 1223 3042 Sonus
1249 3000 1328 3043 vero
1360 3002 1425 3044 non
1456 2981 1535 3044 facit

382 3081 538 3146 effectum
561 3082 776 3164 completum,
807 3102 882 3145 cum
906 3101 967 3144 nec
997 3083 1147 3146 videatur
1176 3081 1285 3148 lacere
1314 3087 1469 3168 speciem,
1497 3098 1534 3151 ut

383 3195 508 3248 tactum
532 3193 582 3246 est
612 3183 734 3266 prius¹.
796 3184 942 3249 Etcum
967 3183 1031 3249 hae
1055 3184 1232 3268 qualitates
1264 3189 1433 3253 sensibiles
1467 3210 1536 3252 non

383 3308 500 3352 omnes
523 3285 649 3350 faciunt
671 3288 826 3352 effectum
849 3289 1065 3371 completum,
1089 3288 1193 3353 multo
1224 3293 1329 3374 magis
1360 3313 1421 3357 nec
1451 3293 1536 3357 aliae

386 3391 563 3474 qualitates
586 3392 619 3453 in
642 3393 750 3474 prima
773 3393 881 3474 specie
903 3402 938 3457 et
961 3395 1108 3456 secunda
1130 3405 1164 3458 et
1191 3405 1318 3485 quarta.
1365 3396 1535 3479 Quoniam

384 3504 496 3559 autem
512 3515 580 3558 non
596 3507 700 3579 agunt
716 3507 774 3560 aut
791 3497 898 3559 minus
911 3499 1039 3561 activae
1055 3506 1131 3560 sunt
1148 3497 1180 3561 in
1196 3520 1246 3562 res
1259 3511 1364 3575 extra,
1378 3510 1411 3564 et
1430 3501 1537 3566 multo

383 3600 492 3665 minus
507 3618 559 3662 res
573 3599 658 3662 aliae
673 3599 998 3681 praedicamentales,
1016 3601 1092 3665 ideo
1112 3603 1184 3665 sola
1204 3613 1346 3684 quatuor
1365 3604 1538 3688 tangibilia

384 3714 417 3769 et
433 3704 491 3766 lux
507 3703 661 3767 videntur
676 3723 774 3785 posse
789 3703 955 3786 complere
974 3725 1052 3769 suos
1071 3705 1208 3769 effectus
1223 3716 1320 3770 extra
1335 3729 1381 3772 se.
1428 3708 1473 3773 Et
1489 3710 1538 3772 sic

383 3808 579 3872 terminatur
594 3808 702 3890 prima
718 3827 795 3890 pars
811 3808 905 3870 istius
916 3818 1088 3889 tractatus,
1097 3829 1183 3892 quae
1198 3822 1249 3875 est
1264 3812 1306 3875 de
1321 3813 1539 3894 generatione

382 3914 513 3995 speciei.

783 4063 791 4093 ¹
810 4063 890 4126 prius,
902 4062 935 4112 cs.
947 4077 991 4126 pp.
1002 4064 1125 4127 418-419.
