3542 5359
530 603 731 664 SCIENTIA
758 603 1150 664 EXPERIMENTALIS.
1358 619 1417 679 199

264 783 345 846 ergo
374 766 465 849 quod
495 787 571 831 cum
601 788 707 851 vapor
736 765 791 830 ille
821 768 865 831 sit
900 767 1034 831 densior
1066 788 1150 842 aere,
1181 775 1216 831 et
1247 767 1290 830 sit
1321 767 1415 849 quasi

264 870 454 953 sphaericae
476 870 611 954 figurae,
629 891 715 954 quae
737 873 940 954 aequidistat
973 880 1080 935 terrae
1109 881 1272 953 quantum
1303 879 1416 954 potest

264 983 401 1056 propter
422 985 575 1039 naturam
606 975 724 1057 gravis,
748 976 830 1040 radii
861 995 979 1038 omnes
1000 986 1162 1040 exeuntes
1183 997 1204 1039 a
1226 984 1352 1059 puncto
1372 974 1413 1038 0¹

264 1087 396 1162 praeter
411 1079 716 1161 perpendicularem
738 1077 1011 1163 odsmnguntur
1034 1080 1067 1142 in
1090 1077 1262 1163 superficie
1283 1079 1414 1160 vaporis

263 1180 347 1244 inter
369 1182 532 1247 incessum
553 1193 678 1247 rectum
702 1193 736 1248 et
758 1182 1063 1267 perpendicularem
1086 1184 1273 1248 ducendam
1295 1204 1316 1245 a
1339 1182 1413 1246 loco

263 1283 440 1365 fractionis,
455 1297 489 1349 et
503 1287 692 1370 omnesqui
708 1290 828 1351 cadent
845 1287 878 1351 in
894 1307 959 1351 una
977 1287 1190 1350 circulatione
1210 1287 1298 1351 circa
1312 1307 1412 1349 axem

263 1387 356 1452 illum
371 1391 566 1474 franguntur
583 1393 625 1456 ad
647 1391 787 1473 angulos
807 1392 971 1474 aequales,
990 1391 1067 1473 quia
1086 1389 1197 1475 anguli
1216 1390 1413 1454 incidentiae

262 1512 379 1557 omnes
399 1505 475 1559 sunt
497 1496 662 1579 aequales,
677 1496 762 1560 sicut
782 1517 805 1558 a
824 1506 859 1560 et
871 1499 906 1576 s,
922 1508 956 1560 et
976 1495 1087 1577 anguli
1109 1495 1305 1559 fractionum
1327 1495 1413 1558 intra

262 1617 383 1679 corpus
405 1609 483 1663 sunt
508 1601 670 1682 aequales,
693 1611 727 1663 et
757 1600 803 1664 sic
834 1601 876 1663 de
905 1599 1060 1664 omnibus
1088 1599 1216 1681 angulis
1244 1599 1413 1662 radiorum

262 1703 450 1766 cadentium
471 1703 503 1767 in
522 1702 792 1782 circumferentia,
812 1724 898 1785 quae
917 1703 1035 1768 transit
1053 1724 1112 1786 per
1129 1715 1252 1785 puncta
1266 1725 1289 1766 a
1295 1723 1326 1785 g
1329 1703 1364 1785 s,
1379 1713 1413 1766 et

262 1807 380 1869 eodem
397 1809 498 1871 modo
522 1809 604 1871 radii
625 1808 681 1890 qui
702 1809 825 1872 cadunt
848 1809 881 1870 in
904 1808 1177 1884 circumferentia,
1193 1828 1279 1889 quae
1294 1807 1414 1871 transit

261 1931 321 1994 per
335 1910 399 1992 bg,
414 1932 531 1975 omnes
545 1913 741 1996 franguntur
760 1912 804 1975 ad
824 1912 965 1994 angulos
987 1910 1152 1995 aequales,
1166 1912 1246 1994 quia
1264 1911 1412 1974 incidunt

260 2013 304 2077 ad
341 2014 507 2098 aequales,
544 2017 630 2080 sicut
668 2014 879 2080 manifestum
918 2026 969 2078 est
1005 2035 1066 2098 per
1095 2014 1412 2079 demonstrationem

261 2120 508 2199 geometricam.
555 2121 653 2184 Radii
671 2141 750 2204 ergo
774 2120 870 2184 unius
894 2120 1118 2184 circulationis
1138 2130 1211 2184 uto
1228 2142 1251 2183 a
1264 2130 1298 2184 et
1312 2120 1370 2203 os
1378 2129 1412 2184 et

261 2242 376 2286 omnes
402 2224 460 2306 qui
491 2224 523 2288 in
554 2223 817 2288 circumferentia
847 2233 1019 2289 transeunt
1044 2245 1103 2307 per
1128 2245 1151 2288 a
1177 2224 1262 2306 ets,
1287 2225 1411 2289 cadunt

260 2334 295 2390 et
316 2328 443 2391 vadunt
466 2337 543 2412 post
565 2329 760 2393 fractionem
782 2328 815 2393 in
838 2349 976 2412 corpore
997 2329 1128 2413 vaporis
1151 2328 1409 2412 aequidistantis.

261 2429 393 2494 Deinde
421 2453 524 2515 quum
548 2434 592 2496 ad
617 2435 859 2497 concavitatem
884 2434 1017 2516 vaporis
1048 2434 1189 2498 occurrit
1223 2453 1290 2512 aer,
1318 2433 1410 2516 quod

260 2546 311 2601 est
332 2556 451 2620 corpus
473 2537 634 2612 subtilius,
658 2538 856 2620 franguntur
876 2538 1075 2602 declinando
1100 2560 1121 2602 a
1147 2538 1409 2621 perpendiculari

260 2639 410 2705 ducenda
426 2663 446 2705 a
462 2641 536 2706 loco
547 2641 726 2717 fractionis,
736 2651 770 2705 et
785 2651 986 2708 concurrunt
994 2643 1178 2706 necessario
1189 2642 1233 2705 ad
1248 2651 1410 2723 punctum

155 2737 161 2750 '
260 2763 362 2807 unum
381 2747 510 2810 utino.
554 2746 600 2810 Et
618 2747 771 2810 similiter
788 2756 839 2810 est
860 2747 903 2810 de
921 2745 985 2809 illis
1000 2747 1057 2828 qui
1075 2747 1199 2810 cadunt
1214 2745 1248 2807 in
1267 2744 1331 2808 alia
1347 2745 1409 2809 cir-

258 2847 433 2927 culatione,
449 2858 486 2913 ut
500 2849 549 2914 ob
565 2859 598 2914 et
609 2870 666 2931 cg,
677 2859 711 2914 et
727 2858 805 2913 sunt
821 2849 854 2912 in
869 2850 987 2913 eadem
1003 2847 1263 2912 circumferentia
1279 2858 1408 2912 conter-

259 2952 406 3030 minaleS,
421 2962 456 3016 et
470 2963 669 3018 concurrunt
684 2975 745 3036 per
764 2953 944 3018 secundam
963 2953 1157 3017 fractionem
1180 2953 1224 3016 ad
1248 2960 1407 3033 punctum

259 3058 417 3120 remotius
448 3068 485 3122 ut
507 3058 540 3120 in
563 3059 597 3135 d,
619 3058 698 3141 quia
720 3057 802 3122 radii
824 3059 983 3121 cadentes
1005 3058 1038 3120 in
1062 3055 1269 3121 circulatione
1291 3054 1407 3136 majori

257 3172 455 3225 concurrunt
471 3163 503 3224 in
520 3173 681 3245 punctum
697 3163 867 3228 remotius.
901 3162 948 3226 Et
963 3162 1010 3228 sic
1024 3163 1067 3226 de
1080 3161 1152 3225 aliis
1163 3159 1356 3225 cadentibus
1372 3161 1406 3223 in

257 3265 330 3330 aliis
347 3266 616 3331 circumferentiis
631 3287 762 3350 semper
775 3287 889 3331 verum
906 3267 1063 3349 estquod
1079 3285 1196 3330 omnes
1217 3264 1297 3328 radii
1314 3264 1408 3328 unius

258 3369 481 3433 circulationis
503 3371 625 3436 cadent
655 3372 687 3434 in
719 3391 821 3436 unum
851 3380 1012 3454 punctum
1035 3371 1198 3434 diversum
1229 3377 1406 3452 apuncto,

257 3490 359 3555 aquo
374 3485 573 3540 concurrunt
588 3475 669 3538 radii
684 3475 823 3539 aliarum
841 3473 1100 3539 circulationum.
1151 3473 1196 3536 Et
1216 3473 1301 3538 sicut
1322 3473 1406 3535 radii

257 3578 353 3641 unius
374 3578 593 3642 circulationis
614 3588 704 3644 stant
725 3581 758 3643 in
779 3581 914 3644 introitu
936 3579 1068 3662 vaporis
1088 3580 1122 3642 in
1141 3576 1246 3660 figura
1261 3576 1407 3640 circulari

256 3701 355 3763 super
377 3701 464 3759 eum,
479 3682 526 3746 sic
548 3684 681 3765 quando
703 3693 839 3760 exeunt,
855 3683 940 3747 fiunt
961 3704 982 3746 a
1005 3682 1075 3746 basi
1098 3681 1256 3754 circulari,
1271 3689 1306 3744 et
1327 3700 1407 3743 con·

257 3796 391 3850 currunt
405 3786 439 3849 in
452 3805 553 3849 unum
569 3796 730 3871 punctum
746 3787 929 3870 pyramidis
943 3811 952 3862 ;
973 3807 1051 3850 nam
1073 3787 1183 3850 lumen
1202 3784 1266 3849 hoc
1287 3793 1407 3862 totum,

255 3891 345 3972 quod
362 3891 541 3972 pertransit
554 3910 712 3977 vaporem
727 3892 862 3955 veniens
878 3891 921 3954 ab
941 3910 1008 3954 uno
1027 3899 1152 3974 puncto
1169 3888 1249 3953 solis
1265 3888 1407 3953 fractum

256 3993 291 4056 in
313 3993 412 4058 radiis
433 3993 571 4059 infinitis
601 4005 651 4059 est
681 3995 776 4078 quasi
808 4014 873 4058 una
897 3994 1051 4058 columna
1073 3993 1225 4069 rotunda,
1246 4002 1280 4056 et
1302 3990 1406 4058 habet

257 4095 395 4180 figuram
412 4097 604 4162 circularem
623 4100 656 4161 in
673 4109 812 4182 utraque
827 4099 1049 4172 extremitate,
1065 4097 1146 4160 dum
1161 4105 1213 4160 est
1226 4096 1260 4158 in
1275 4116 1408 4178 vapore,

254 4201 314 4265 sed
344 4211 524 4284 postquam
554 4203 659 4267 exivit
687 4222 827 4286 vapores
865 4202 1072 4267 declinantur
1109 4200 1192 4263 radii
1222 4201 1256 4263 in
1285 4218 1407 4283 corpus

255 4306 473 4388 pyramidale,
494 4305 588 4388 cujus
611 4307 700 4370 basis
729 4315 780 4370 est
810 4307 1004 4372 extremitas
1030 4304 1112 4368 lucis
1138 4304 1348 4378 columnaris,
1371 4313 1405 4368 et

286 4541 295 4571 ¹
314 4543 356 4593 No
367 4543 451 4606 figure
463 4545 486 4592 is
496 4543 574 4606 given
586 4545 626 4594 for
635 4544 686 4595 uris
694 4544 813 4594 theorem
822 4545 848 4593 in
859 4545 945 4595 either
953 4543 985 4593 D.
995 4559 1026 4593 or
1033 4543 1066 4593 0.
1074 4542 1160 4593 which
1172 4541 1262 4591 makes
1271 4541 1291 4591 it
1302 4542 1408 4594 difficolt

253 4629 282 4672 to
292 4623 380 4673 follow
391 4623 436 4672 the
447 4623 594 4684 reasoning.
627 4623 702 4672 With
714 4624 758 4673 the
770 4623 939 4687 punctuation
951 4624 1017 4673 used
1027 4623 1053 4671 in
1065 4621 1100 4685 J,
1112 4622 1166 4672 itis
1178 4621 1335 4684 impossible.
