<?xml version="1.0" encoding="UTF-8"?>
<!DOCTYPE html PUBLIC "-//W3C//DTD XHTML 1.0 Transitional//EN"
    "http://www.w3.org/TR/xhtml1/DTD/xhtml1-transitional.dtd">
<html xmlns="http://www.w3.org/1999/xhtml" xml:lang="en" lang="en">
 <head>
  <title>
</title>
<meta http-equiv="Content-Type" content="text/html;charset=utf-8" />
  <meta name='ocr-system' content='tesseract 3.04.00' />
  <meta name='ocr-capabilities' content='ocr_page ocr_carea ocr_par ocr_line ocrx_word'/>
</head>
<body>
  <div class='ocr_page' id='page_1' title='image "./opusmajusrogerb02bridgoog/opusmajusrogerb02bridgoog_0553.png"; bbox 0 0 3542 5359; ppageno 0'>
   <div class='ocr_carea' id='block_1_1' title="bbox 406 585 1302 673">
    <p class='ocr_par' dir='ltr' id='par_1_1' title="bbox 406 585 1302 673">
     <span class='ocr_line' id='line_1_1' title="bbox 406 585 1302 673; baseline -0.035 1"><span class='ocrx_word' id='word_1_1' title='bbox 406 610 470 673; x_wconf 80' lang='lat'>534</span> <span class='ocrx_word' id='word_1_2' title='bbox 671 587 1013 647; x_wconf 78' lang='lat' dir='ltr'><em>MULTIPLICATJO</em></span> <span class='ocrx_word' id='word_1_3' title='bbox 1038 585 1302 645; x_wconf 67' lang='lat' dir='ltr'>sardanum</span> 
     </span>
    </p>
   </div>
   <div class='ocr_carea' id='block_1_2' title="bbox 406 747 1570 2180">
    <p class='ocr_par' dir='ltr' id='par_1_2' title="bbox 406 747 1570 2180">
     <span class='ocr_line' id='line_1_2' title="bbox 406 747 1561 829; baseline -0.01 -9"><span class='ocrx_word' id='word_1_4' title='bbox 406 770 524 829; x_wconf 82' lang='lat' dir='ltr'>tuum3</span> <span class='ocrx_word' id='word_1_5' title='bbox 547 760 581 814; x_wconf 92' lang='lat' dir='ltr'>et</span> <span class='ocrx_word' id='word_1_6' title='bbox 601 752 719 814; x_wconf 91' lang='lat' dir='ltr'>eadem</span> <span class='ocrx_word' id='word_1_7' title='bbox 741 750 824 813; x_wconf 91' lang='lat' dir='ltr'>ratio</span> <span class='ocrx_word' id='word_1_8' title='bbox 842 758 895 813; x_wconf 92' lang='lat' dir='ltr'>est</span> <span class='ocrx_word' id='word_1_9' title='bbox 915 749 959 811; x_wconf 89' lang='lat' dir='ltr'>de</span> <span class='ocrx_word' id='word_1_10' title='bbox 981 749 1074 811; x_wconf 92' lang='lat' dir='ltr'>omni</span> <span class='ocrx_word' id='word_1_11' title='bbox 1093 747 1227 810; x_wconf 88' lang='lat' dir='ltr'>actione</span> <span class='ocrx_word' id='word_1_12' title='bbox 1246 758 1390 811; x_wconf 90' lang='lat' dir='ltr'>naturae</span> <span class='ocrx_word' id='word_1_13' title='bbox 1413 756 1561 828; x_wconf 90' lang='lat' dir='ltr'>quantum</span> 
     </span>
     <span class='ocr_line' id='line_1_3' title="bbox 407 852 1563 944; baseline -0.01 -20"><span class='ocrx_word' id='word_1_14' title='bbox 407 855 568 944; x_wconf 90' lang='lat' dir='ltr'>possibile</span> <span class='ocrx_word' id='word_1_15' title='bbox 593 866 655 919; x_wconf 87' lang='lat' dir='ltr'>est.</span> <span class='ocrx_word' id='word_1_16' title='bbox 702 855 748 917; x_wconf 89' lang='lat' dir='ltr'>Et</span> <span class='ocrx_word' id='word_1_17' title='bbox 778 854 945 916; x_wconf 90' lang='lat' dir='ltr'>Averroes</span> <span class='ocrx_word' id='word_1_18' title='bbox 972 853 1054 916; x_wconf 90' lang='lat' dir='ltr'>dicit</span> <span class='ocrx_word' id='word_1_19' title='bbox 1081 873 1183 933; x_wconf 92' lang='lat' dir='ltr'>super</span> <span class='ocrx_word' id='word_1_20' title='bbox 1209 853 1400 915; x_wconf 90' lang='lat' dir='ltr'>secundum</span> <span class='ocrx_word' id='word_1_21' title='bbox 1425 852 1513 917; x_wconf 88' lang='lat' dir='ltr'>Coeli</span> <span class='ocrx_word' id='word_1_22' title='bbox 1537 862 1563 913; x_wconf 86' lang='lat' dir='ltr'>et</span> 
     </span>
     <span class='ocr_line' id='line_1_4' title="bbox 408 955 1563 1041; baseline -0.009 -15"><span class='ocrx_word' id='word_1_23' title='bbox 408 960 540 1037; x_wconf 81' lang='lat' dir='ltr'>Mundi,</span> <span class='ocrx_word' id='word_1_24' title='bbox 556 961 648 1041; x_wconf 92' lang='lat' dir='ltr'>quod</span> <span class='ocrx_word' id='word_1_25' title='bbox 663 959 712 1023; x_wconf 89' lang='lat' dir='ltr'>sol</span> <span class='ocrx_word' id='word_1_26' title='bbox 729 959 836 1039; x_wconf 82' lang='lat' dir='ltr'>magis</span> <span class='ocrx_word' id='word_1_27' title='bbox 857 978 919 1019; x_wconf 89' lang='lat' dir='ltr'>nos</span> <span class='ocrx_word' id='word_1_28' title='bbox 938 955 1087 1020; x_wconf 89' lang='lat' dir='ltr'>calefacit</span> <span class='ocrx_word' id='word_1_29' title='bbox 1109 958 1196 1019; x_wconf 89' lang='lat' dir='ltr'>circa</span> <span class='ocrx_word' id='word_1_30' title='bbox 1217 956 1405 1019; x_wconf 86' lang='lat' dir='ltr'><strong>solstitium</strong></span> <span class='ocrx_word' id='word_1_31' title='bbox 1422 955 1563 1020; x_wconf 77' lang='lat' dir='ltr'>aestivale</span> 
     </span>
     <span class='ocr_line' id='line_1_5' title="bbox 408 1060 1564 1150; baseline -0.011 -20"><span class='ocrx_word' id='word_1_32' title='bbox 408 1084 511 1150; x_wconf 91' lang='lat' dir='ltr'>quam</span> <span class='ocrx_word' id='word_1_33' title='bbox 534 1072 622 1139; x_wconf 87' lang='lat' dir='ltr'>ante,</span> <span class='ocrx_word' id='word_1_34' title='bbox 641 1064 720 1144; x_wconf 86' lang='lat' dir='ltr'>quia</span> <span class='ocrx_word' id='word_1_35' title='bbox 741 1063 812 1143; x_wconf 88' lang='lat' dir='ltr'>ejus</span> <span class='ocrx_word' id='word_1_36' title='bbox 837 1061 920 1124; x_wconf 92' lang='lat' dir='ltr'>radii</span> <span class='ocrx_word' id='word_1_37' title='bbox 948 1061 1055 1142; x_wconf 88' lang='lat' dir='ltr'>magis</span> <span class='ocrx_word' id='word_1_38' title='bbox 1077 1061 1240 1123; x_wconf 88' lang='lat' dir='ltr'>accedunt</span> <span class='ocrx_word' id='word_1_39' title='bbox 1262 1060 1308 1123; x_wconf 89' lang='lat' dir='ltr'>ad</span> <span class='ocrx_word' id='word_1_40' title='bbox 1335 1061 1564 1123; x_wconf 86' lang='lat' dir='ltr'>rectitudinem.</span> 
     </span>
     <span class='ocr_line' id='line_1_6' title="bbox 411 1163 1566 1248; baseline -0.008 -15"><span class='ocrx_word' id='word_1_41' title='bbox 411 1171 456 1233; x_wconf 88' lang='lat' dir='ltr'>Et</span> <span class='ocrx_word' id='word_1_42' title='bbox 475 1169 539 1230; x_wconf 92' lang='lat' dir='ltr'>hoc</span> <span class='ocrx_word' id='word_1_43' title='bbox 561 1177 654 1248; x_wconf 89' lang='lat' dir='ltr'>patet</span> <span class='ocrx_word' id='word_1_44' title='bbox 678 1187 735 1248; x_wconf 92' lang='lat' dir='ltr'>per</span> <span class='ocrx_word' id='word_1_45' title='bbox 758 1165 937 1247; x_wconf 87' lang='lat' dir='ltr'>praedicta.</span> <span class='ocrx_word' id='word_1_46' title='bbox 985 1163 1031 1227; x_wconf 89' lang='lat' dir='ltr'>Et</span> <span class='ocrx_word' id='word_1_47' title='bbox 1055 1164 1156 1227; x_wconf 90' lang='lat' dir='ltr'>etiam</span> <span class='ocrx_word' id='word_1_48' title='bbox 1180 1165 1293 1244; x_wconf 88' lang='lat' dir='ltr'>magis</span> <span class='ocrx_word' id='word_1_49' title='bbox 1316 1164 1521 1247; x_wconf 85' lang='lat' dir='ltr'>dispergitur</span> <span class='ocrx_word' id='word_1_50' title='bbox 1539 1172 1566 1224; x_wconf 91' lang='lat' dir='ltr'>et</span> 
     </span>
     <span class='ocr_line' id='line_1_7' title="bbox 410 1266 1565 1351; baseline -0.009 -12"><span class='ocrx_word' id='word_1_51' title='bbox 410 1268 651 1339; x_wconf 87' lang='lat' dir='ltr'>diversificatur</span> <span class='ocrx_word' id='word_1_52' title='bbox 681 1270 785 1333; x_wconf 86' lang='lat' dir='ltr'>virtus</span> <span class='ocrx_word' id='word_1_53' title='bbox 816 1270 848 1330; x_wconf 92' lang='lat' dir='ltr'>in</span> <span class='ocrx_word' id='word_1_54' title='bbox 882 1267 1023 1351; x_wconf 88' lang='lat' dir='ltr'>angulos</span> <span class='ocrx_word' id='word_1_55' title='bbox 1053 1268 1192 1331; x_wconf 85' lang='lat' dir='ltr'>obtusos</span> <span class='ocrx_word' id='word_1_56' title='bbox 1223 1266 1389 1349; x_wconf 88' lang='lat' dir='ltr'>aequales</span> <span class='ocrx_word' id='word_1_57' title='bbox 1420 1288 1518 1350; x_wconf 91' lang='lat' dir='ltr'>quam</span> <span class='ocrx_word' id='word_1_58' title='bbox 1540 1267 1565 1329; x_wconf 91' lang='lat' dir='ltr'>in</span> 
     </span>
     <span class='ocr_line' id='line_1_8' title="bbox 411 1370 1567 1457; baseline -0.009 -15"><span class='ocrx_word' id='word_1_59' title='bbox 411 1386 529 1448; x_wconf 87' lang='lat' dir='ltr'>rectos,</span> <span class='ocrx_word' id='word_1_60' title='bbox 543 1383 679 1457; x_wconf 91' lang='lat' dir='ltr'>propter</span> <span class='ocrx_word' id='word_1_61' title='bbox 695 1373 759 1437; x_wconf 90' lang='lat' dir='ltr'>hoc</span> <span class='ocrx_word' id='word_1_62' title='bbox 776 1373 868 1454; x_wconf 92' lang='lat' dir='ltr'>quod</span> <span class='ocrx_word' id='word_1_63' title='bbox 892 1370 1035 1453; x_wconf 87' lang='lat' dir='ltr'>angulus</span> <span class='ocrx_word' id='word_1_64' title='bbox 1056 1370 1113 1433; x_wconf 90' lang='lat' dir='ltr'>ille</span> <span class='ocrx_word' id='word_1_65' title='bbox 1133 1372 1277 1433; x_wconf 90' lang='lat' dir='ltr'>obtusus</span> <span class='ocrx_word' id='word_1_66' title='bbox 1299 1382 1353 1435; x_wconf 90' lang='lat' dir='ltr'>est</span> <span class='ocrx_word' id='word_1_67' title='bbox 1374 1372 1567 1453; x_wconf 88' lang='lat' dir='ltr'>compositus</span> 
     </span>
     <span class='ocr_line' id='line_1_9' title="bbox 411 1475 1568 1552; baseline -0.007 -7"><span class='ocrx_word' id='word_1_68' title='bbox 411 1502 456 1545; x_wconf 90' lang='lat' dir='ltr'>ex</span> <span class='ocrx_word' id='word_1_69' title='bbox 472 1487 561 1541; x_wconf 91' lang='lat' dir='ltr'>recto</span> <span class='ocrx_word' id='word_1_70' title='bbox 573 1488 607 1540; x_wconf 93' lang='lat' dir='ltr'>et</span> <span class='ocrx_word' id='word_1_71' title='bbox 623 1489 731 1549; x_wconf 90' lang='lat' dir='ltr'>acut0‚</span> <span class='ocrx_word' id='word_1_72' title='bbox 741 1486 775 1539; x_wconf 92' lang='lat' dir='ltr'>et</span> <span class='ocrx_word' id='word_1_73' title='bbox 791 1477 868 1540; x_wconf 91' lang='lat' dir='ltr'>ideo</span> <span class='ocrx_word' id='word_1_74' title='bbox 885 1496 952 1538; x_wconf 88' lang='lat' dir='ltr'>non</span> <span class='ocrx_word' id='word_1_75' title='bbox 967 1486 1020 1539; x_wconf 88' lang='lat' dir='ltr'>est</span> <span class='ocrx_word' id='word_1_76' title='bbox 1035 1484 1131 1539; x_wconf 91' lang='lat' dir='ltr'>tanta</span> <span class='ocrx_word' id='word_1_77' title='bbox 1146 1475 1370 1552; x_wconf 80' lang='lat' dir='ltr'>uniformitas,</span> <span class='ocrx_word' id='word_1_78' title='bbox 1387 1496 1449 1540; x_wconf 88' lang='lat' dir='ltr'>nec</span> <span class='ocrx_word' id='word_1_79' title='bbox 1465 1477 1568 1550; x_wconf 85' lang='lat' dir='ltr'>unitas,</span> 
     </span>
     <span class='ocr_line' id='line_1_10' title="bbox 413 1578 1568 1663; baseline -0.005 -15"><span class='ocrx_word' id='word_1_80' title='bbox 413 1603 474 1648; x_wconf 92' lang='lat' dir='ltr'>nec</span> <span class='ocrx_word' id='word_1_81' title='bbox 491 1580 647 1663; x_wconf 88' lang='lat' dir='ltr'>regularis</span> <span class='ocrx_word' id='word_1_82' title='bbox 670 1580 885 1663; x_wconf 86' lang='lat' dir='ltr'>congregatio</span> <span class='ocrx_word' id='word_1_83' title='bbox 903 1588 937 1642; x_wconf 92' lang='lat' dir='ltr'>et</span> <span class='ocrx_word' id='word_1_84' title='bbox 960 1579 1067 1643; x_wconf 92' lang='lat' dir='ltr'>unitio</span> <span class='ocrx_word' id='word_1_85' title='bbox 1082 1579 1214 1642; x_wconf 87' lang='lat' dir='ltr'>virtutis</span> <span class='ocrx_word' id='word_1_86' title='bbox 1238 1580 1273 1641; x_wconf 92' lang='lat' dir='ltr'>in</span> <span class='ocrx_word' id='word_1_87' title='bbox 1295 1579 1434 1662; x_wconf 85' lang='lat' dir='ltr'>angulis</span> <span class='ocrx_word' id='word_1_88' title='bbox 1456 1578 1568 1642; x_wconf 88' lang='lat' dir='ltr'>obtusis</span> 
     </span>
     <span class='ocr_line' id='line_1_11' title="bbox 412 1680 1568 1767; baseline -0.007 -16"><span class='ocrx_word' id='word_1_89' title='bbox 412 1682 607 1767; x_wconf 83' lang='lat' dir='ltr'>aequalibus</span> <span class='ocrx_word' id='word_1_90' title='bbox 637 1686 722 1746; x_wconf 89' lang='lat' dir='ltr'>sicut</span> <span class='ocrx_word' id='word_1_91' title='bbox 753 1685 787 1746; x_wconf 92' lang='lat' dir='ltr'>in</span> <span class='ocrx_word' id='word_1_92' title='bbox 813 1684 920 1746; x_wconf 88' lang='lat' dir='ltr'>rectis.</span> <span class='ocrx_word' id='word_1_93' title='bbox 966 1680 1036 1746; x_wconf 90' lang='lat' dir='ltr'>Sed</span> <span class='ocrx_word' id='word_1_94' title='bbox 1064 1681 1171 1745; x_wconf 89' lang='lat' dir='ltr'>omnis</span> <span class='ocrx_word' id='word_1_95' title='bbox 1195 1682 1303 1746; x_wconf 88' lang='lat' dir='ltr'>virtus</span> <span class='ocrx_word' id='word_1_96' title='bbox 1329 1685 1429 1747; x_wconf 88' lang='lat' dir='ltr'>unita</span> <span class='ocrx_word' id='word_1_97' title='bbox 1453 1694 1487 1747; x_wconf 92' lang='lat' dir='ltr'>et</span> <span class='ocrx_word' id='word_1_98' title='bbox 1512 1702 1568 1745; x_wconf 87' lang='lat' dir='ltr'>non</span> 
     </span>
     <span class='ocr_line' id='line_1_12' title="bbox 413 1785 1569 1869; baseline -0.005 -14"><span class='ocrx_word' id='word_1_99' title='bbox 413 1792 563 1869; x_wconf 89' lang='lat' dir='ltr'>dispersa</span> <span class='ocrx_word' id='word_1_100' title='bbox 591 1807 652 1850; x_wconf 90' lang='lat' dir='ltr'>nec</span> <span class='ocrx_word' id='word_1_101' title='bbox 681 1786 902 1849; x_wconf 87' lang='lat' dir='ltr'>diversificata</span> <span class='ocrx_word' id='word_1_102' title='bbox 938 1796 989 1849; x_wconf 89' lang='lat' dir='ltr'>est</span> <span class='ocrx_word' id='word_1_103' title='bbox 1028 1785 1163 1867; x_wconf 90' lang='lat' dir='ltr'>majoris</span> <span class='ocrx_word' id='word_1_104' title='bbox 1198 1787 1419 1867; x_wconf 89' lang='lat' dir='ltr'>operationis.</span> <span class='ocrx_word' id='word_1_105' title='bbox 1466 1786 1569 1868; x_wconf 86' lang='lat' dir='ltr'>Atque</span> 
     </span>
     <span class='ocr_line' id='line_1_13' title="bbox 415 1888 1570 1971; baseline -0.004 -15"><span class='ocrx_word' id='word_1_106' title='bbox 415 1912 492 1956; x_wconf 91' lang='lat' dir='ltr'>cum</span> <span class='ocrx_word' id='word_1_107' title='bbox 515 1899 641 1953; x_wconf 89' lang='lat' dir='ltr'>rectum</span> <span class='ocrx_word' id='word_1_108' title='bbox 664 1890 707 1953; x_wconf 89' lang='lat' dir='ltr'>sit</span> <span class='ocrx_word' id='word_1_109' title='bbox 730 1890 831 1952; x_wconf 87' lang='lat' dir='ltr'>index</span> <span class='ocrx_word' id='word_1_110' title='bbox 855 1890 906 1952; x_wconf 91' lang='lat' dir='ltr'>sui</span> <span class='ocrx_word' id='word_1_111' title='bbox 930 1899 964 1952; x_wconf 92' lang='lat' dir='ltr'>et</span> <span class='ocrx_word' id='word_1_112' title='bbox 988 1888 1126 1971; x_wconf 88' lang='lat' dir='ltr'>obliqui,</span> <span class='ocrx_word' id='word_1_113' title='bbox 1141 1891 1330 1953; x_wconf 86' lang='lat' dir='ltr'>secundum</span> <span class='ocrx_word' id='word_1_114' title='bbox 1350 1891 1570 1965; x_wconf 87' lang='lat' dir='ltr'>Aristotelem,</span> 
     </span>
     <span class='ocr_line' id='line_1_14' title="bbox 414 1991 1570 2079; baseline -0.003 -20"><span class='ocrx_word' id='word_1_115' title='bbox 414 2004 548 2078; x_wconf 85' lang='lat' dir='ltr'>oportet</span> <span class='ocrx_word' id='word_1_116' title='bbox 557 1995 647 2077; x_wconf 93' lang='lat' dir='ltr'>quod</span> <span class='ocrx_word' id='word_1_117' title='bbox 662 1995 705 2057; x_wconf 87' lang='lat' dir='ltr'>sit</span> <span class='ocrx_word' id='word_1_118' title='bbox 721 1991 863 2056; x_wconf 89' lang='lat' dir='ltr'>nobilius</span> <span class='ocrx_word' id='word_1_119' title='bbox 877 2003 913 2056; x_wconf 90' lang='lat' dir='ltr'>et</span> <span class='ocrx_word' id='word_1_120' title='bbox 930 1991 1055 2071; x_wconf 88' lang='lat' dir='ltr'>melius,</span> <span class='ocrx_word' id='word_1_121' title='bbox 1067 2004 1101 2056; x_wconf 88' lang='lat' dir='ltr'>et</span> <span class='ocrx_word' id='word_1_122' title='bbox 1117 2012 1218 2076; x_wconf 89' lang='lat' dir='ltr'>super</span> <span class='ocrx_word' id='word_1_123' title='bbox 1233 1993 1346 2075; x_wconf 90' lang='lat' dir='ltr'>ipsum</span> <span class='ocrx_word' id='word_1_124' title='bbox 1365 1994 1475 2079; x_wconf 86' lang='lat' dir='ltr'>magis</span> <span class='ocrx_word' id='word_1_125' title='bbox 1491 1993 1570 2076; x_wconf 84' lang='lat' dir='ltr'>eligit</span> 
     </span>
     <span class='ocr_line' id='line_1_15' title="bbox 420 2098 689 2180; baseline -0.004 -18"><span class='ocrx_word' id='word_1_126' title='bbox 420 2110 538 2162; x_wconf 90' lang='lat' dir='ltr'>natura</span> <span class='ocrx_word' id='word_1_127' title='bbox 552 2098 689 2180; x_wconf 89' lang='lat' dir='ltr'>operari.</span> 
     </span>
    </p>
   </div>
   <div class='ocr_carea' id='block_1_3' title="bbox 844 2350 1146 2415">
    <p class='ocr_par' dir='ltr' id='par_1_3' title="bbox 844 2350 1146 2415">
     <span class='ocr_line' id='line_1_16' title="bbox 844 2350 1146 2415; baseline 0 0"><span class='ocrx_word' id='word_1_128' title='bbox 844 2350 1073 2415; x_wconf 75' lang='lat' dir='ltr'>Carr‘runuu</span> <span class='ocrx_word' id='word_1_129' title='bbox 1103 2351 1146 2415; x_wconf 85' lang='grc' dir='ltr'>ΙΙ.</span> 
     </span>
    </p>
   </div>
   <div class='ocr_carea' id='block_1_4' title="bbox 251 2515 1574 2727">
    <p class='ocr_par' dir='ltr' id='par_1_4' title="bbox 251 2515 1574 2727">
     <span class='ocr_line' id='line_1_17' title="bbox 251 2515 1573 2603; baseline -0.003 -20"><span class='ocrx_word' id='word_1_130' title='bbox 251 2537 382 2603; x_wconf 58' lang='lat' dir='ltr'>rverpendt-</span> <span class='ocrx_word' id='word_1_131' title='bbox 465 2515 638 2580; x_wconf 86' lang='lat' dir='ltr'>Caeterum</span> <span class='ocrx_word' id='word_1_132' title='bbox 668 2515 827 2579; x_wconf 90' lang='lat' dir='ltr'>linearum</span> <span class='ocrx_word' id='word_1_133' title='bbox 850 2515 1016 2597; x_wconf 87' lang='lat' dir='ltr'>quaedam</span> <span class='ocrx_word' id='word_1_134' title='bbox 1040 2516 1196 2578; x_wconf 88' lang='lat' dir='ltr'>dicuntur</span> <span class='ocrx_word' id='word_1_135' title='bbox 1218 2516 1340 2580; x_wconf 91' lang='lat' dir='ltr'>cadere</span> <span class='ocrx_word' id='word_1_136' title='bbox 1364 2518 1573 2602; x_wconf 90' lang='lat' dir='ltr'>perpendicu-</span> 
     </span>
     <span class='ocr_line' id='line_1_18' title="bbox 252 2606 1574 2727; baseline -0.001 -43"><span class='ocrx_word' id='word_1_137' title='bbox 252 2606 321 2655; x_wconf 46' lang='grc' dir='ltr'>ΨΜ</span> <span class='ocrx_word' id='word_1_138' title='bbox 332 2618 388 2666; x_wconf 63' lang='lat'>¹²5³</span> <span class='ocrx_word' id='word_1_139' title='bbox 422 2620 541 2727; x_wconf 74' lang='lat' dir='ltr'>larster,</span> <span class='ocrx_word' id='word_1_140' title='bbox 553 2620 717 2700; x_wconf 91' lang='lat' dir='ltr'>quaedam</span> <span class='ocrx_word' id='word_1_141' title='bbox 727 2639 803 2696; x_wconf 88' lang='lat' dir='ltr'>non,</span> <span class='ocrx_word' id='word_1_142' title='bbox 813 2618 995 2681; x_wconf 90' lang='lat' dir='ltr'>secundum</span> <span class='ocrx_word' id='word_1_143' title='bbox 1005 2629 1157 2682; x_wconf 91' lang='lat' dir='ltr'>auctores</span> <span class='ocrx_word' id='word_1_144' title='bbox 1168 2618 1395 2701; x_wconf 89' lang='lat' dir='ltr'>Aspectuum.</span> <span class='ocrx_word' id='word_1_145' title='bbox 1430 2622 1574 2685; x_wconf 88' lang='lat' dir='ltr'>Ineessus</span> 
     </span>
    </p>
   </div>
   <div class='ocr_carea' id='block_1_5' title="bbox 251 2673 293 2719">
    <p class='ocr_par' dir='ltr' id='par_1_5' title="bbox 251 2673 293 2719">
     <span class='ocr_line' id='line_1_19' title="bbox 251 2673 293 2719; baseline 0 0"><span class='ocrx_word' id='word_1_146' title='bbox 251 2673 293 2719; x_wconf 86' lang='lat' dir='ltr'>the</span> 
     </span>
    </p>
   </div>
   <div class='ocr_carea' id='block_1_6' title="bbox 251 2721 1575 2809">
    <p class='ocr_par' dir='ltr' id='par_1_6' title="bbox 251 2721 1575 2809">
     <span class='ocr_line' id='line_1_20' title="bbox 251 2721 1575 2809; baseline 0.002 -24"><span class='ocrx_word' id='word_1_147' title='bbox 251 2742 372 2799; x_wconf 68' lang='lat' dir='ltr'>stronget</span> <span class='ocrx_word' id='word_1_148' title='bbox 422 2721 740 2807; x_wconf 88' lang='lat' dir='ltr'>perpendicularium</span> <span class='ocrx_word' id='word_1_149' title='bbox 763 2735 814 2784; x_wconf 86' lang='lat' dir='ltr'>est</span> <span class='ocrx_word' id='word_1_150' title='bbox 837 2721 1042 2798; x_wconf 87' lang='lat' dir='ltr'>fortissimus,</span> <span class='ocrx_word' id='word_1_151' title='bbox 1065 2732 1099 2785; x_wconf 90' lang='lat' dir='ltr'>et</span> <span class='ocrx_word' id='word_1_152' title='bbox 1122 2724 1199 2786; x_wconf 94' lang='lat' dir='ltr'>ideo</span> <span class='ocrx_word' id='word_1_153' title='bbox 1224 2734 1343 2788; x_wconf 89' lang='lat' dir='ltr'>natura</span> <span class='ocrx_word' id='word_1_154' title='bbox 1366 2726 1466 2809; x_wconf 85' lang='lat' dir='ltr'>eligit</span> <span class='ocrx_word' id='word_1_155' title='bbox 1488 2744 1575 2807; x_wconf 89' lang='lat' dir='ltr'>super</span> 
     </span>
    </p>
   </div>
   <div class='ocr_carea' id='block_1_7' title="bbox 252 2802 1576 2930">
    <p class='ocr_par' dir='ltr' id='par_1_7' title="bbox 252 2802 1576 2930">
     <span class='ocr_line' id='line_1_21' title="bbox 252 2802 1576 2930; baseline -0.004 -35"><span class='ocrx_word' id='word_1_156' title='bbox 252 2802 335 2930; x_wconf 43' lang='lat'>3122?</span> <span class='ocrx_word' id='word_1_157' title='bbox 337 2816 366 2914; x_wconf 46' lang='lat' dir='ltr'>{ss</span> <span class='ocrx_word' id='word_1_158' title='bbox 376 2816 409 2849; x_wconf 85' lang='lat'>⁰¹¹</span> <span class='ocrx_word' id='word_1_159' title='bbox 423 2829 496 2892; x_wconf 86' lang='lat' dir='ltr'>illas</span> <span class='ocrx_word' id='word_1_160' title='bbox 511 2825 659 2908; x_wconf 89' lang='lat' dir='ltr'>operari;</span> <span class='ocrx_word' id='word_1_161' title='bbox 681 2836 714 2889; x_wconf 92' lang='lat' dir='ltr'>et</span> <span class='ocrx_word' id='word_1_162' title='bbox 735 2825 799 2889; x_wconf 93' lang='lat' dir='ltr'>hoc</span> <span class='ocrx_word' id='word_1_163' title='bbox 817 2835 910 2905; x_wconf 89' lang='lat' dir='ltr'>patet</span> <span class='ocrx_word' id='word_1_164' title='bbox 931 2826 974 2887; x_wconf 89' lang='lat' dir='ltr'>de</span> <span class='ocrx_word' id='word_1_165' title='bbox 997 2827 1089 2889; x_wconf 91' lang='lat' dir='ltr'>omni</span> <span class='ocrx_word' id='word_1_166' title='bbox 1107 2847 1230 2909; x_wconf 86' lang='lat' dir='ltr'>genere</span> <span class='ocrx_word' id='word_1_167' title='bbox 1249 2830 1576 2910; x_wconf 89' lang='lat' dir='ltr'>perpendicularium,</span> 
     </span>
    </p>
   </div>
   <div class='ocr_carea' id='block_1_8' title="bbox 253 2929 1669 4575">
    <p class='ocr_par' dir='ltr' id='par_1_8' title="bbox 253 2929 1669 4575">
     <span class='ocr_line' id='line_1_22' title="bbox 254 2929 1576 3016; baseline 0 -21"><span class='ocrx_word' id='word_1_168' title='bbox 254 2932 344 2981; x_wconf 79' lang='lat' dir='ltr'>curved</span> <span class='ocrx_word' id='word_1_169' title='bbox 421 2932 491 2995; x_wconf 90' lang='lat' dir='ltr'>sive</span> <span class='ocrx_word' id='word_1_170' title='bbox 522 2932 642 2995; x_wconf 88' lang='lat' dir='ltr'>cadant</span> <span class='ocrx_word' id='word_1_171' title='bbox 672 2949 770 3011; x_wconf 92' lang='lat' dir='ltr'>super</span> <span class='ocrx_word' id='word_1_172' title='bbox 793 2929 907 3005; x_wconf 83' lang='lat' dir='ltr'>lineas,</span> <span class='ocrx_word' id='word_1_173' title='bbox 933 2930 1003 2993; x_wconf 92' lang='lat' dir='ltr'>sive</span> <span class='ocrx_word' id='word_1_174' title='bbox 1027 2949 1126 3011; x_wconf 87' lang='lat' dir='ltr'>super</span> <span class='ocrx_word' id='word_1_175' title='bbox 1150 2930 1344 3014; x_wconf 88' lang='lat' dir='ltr'>superficies</span> <span class='ocrx_word' id='word_1_176' title='bbox 1369 2943 1406 2997; x_wconf 92' lang='lat' dir='ltr'>et</span> <span class='ocrx_word' id='word_1_177' title='bbox 1435 2952 1576 3016; x_wconf 78' lang='lat' dir='ltr'>corpora</span> 
     </span>
     <span class='ocr_line' id='line_1_23' title="bbox 253 2998 1577 3120; baseline 0.003 -23"><span class='ocrx_word' id='word_1_178' title='bbox 253 2998 365 3047; x_wconf 71' lang='lat' dir='ltr'>suriaces.</span> <span class='ocrx_word' id='word_1_179' title='bbox 422 3036 566 3119; x_wconf 83' lang='lat' dir='ltr'>Quando</span> <span class='ocrx_word' id='word_1_180' title='bbox 581 3054 659 3097; x_wconf 89' lang='lat' dir='ltr'>vero</span> <span class='ocrx_word' id='word_1_181' title='bbox 674 3034 798 3097; x_wconf 90' lang='lat' dir='ltr'>cadunt</span> <span class='ocrx_word' id='word_1_182' title='bbox 814 3052 915 3115; x_wconf 91' lang='lat' dir='ltr'>super</span> <span class='ocrx_word' id='word_1_183' title='bbox 934 3032 1049 3112; x_wconf 88' lang='lat' dir='ltr'>lineas,</span> <span class='ocrx_word' id='word_1_184' title='bbox 1065 3044 1143 3096; x_wconf 91' lang='lat' dir='ltr'>tunc</span> <span class='ocrx_word' id='word_1_185' title='bbox 1164 3036 1192 3098; x_wconf 92' lang='lat' dir='ltr'>si</span> <span class='ocrx_word' id='word_1_186' title='bbox 1214 3037 1338 3101; x_wconf 87' lang='lat' dir='ltr'>cadant</span> <span class='ocrx_word' id='word_1_187' title='bbox 1357 3058 1462 3120; x_wconf 91' lang='lat' dir='ltr'>super</span> <span class='ocrx_word' id='word_1_188' title='bbox 1481 3050 1577 3102; x_wconf 85' lang='lat' dir='ltr'>rectas</span> 
     </span>
     <span class='ocr_line' id='line_1_24' title="bbox 423 3135 1578 3225; baseline -0.003 -21"><span class='ocrx_word' id='word_1_189' title='bbox 423 3139 630 3204; x_wconf 89' lang='lat' dir='ltr'>manifestum</span> <span class='ocrx_word' id='word_1_190' title='bbox 659 3147 710 3200; x_wconf 91' lang='lat' dir='ltr'>est</span> <span class='ocrx_word' id='word_1_191' title='bbox 740 3156 800 3218; x_wconf 89' lang='lat' dir='ltr'>per</span> <span class='ocrx_word' id='word_1_192' title='bbox 829 3135 1067 3216; x_wconf 87' lang='lat' dir='ltr'>definitionem,</span> <span class='ocrx_word' id='word_1_193' title='bbox 1093 3140 1184 3219; x_wconf 93' lang='lat' dir='ltr'>quod</span> <span class='ocrx_word' id='word_1_194' title='bbox 1214 3140 1344 3204; x_wconf 90' lang='lat' dir='ltr'>cadunt</span> <span class='ocrx_word' id='word_1_195' title='bbox 1369 3144 1415 3205; x_wconf 93' lang='lat' dir='ltr'>ad</span> <span class='ocrx_word' id='word_1_196' title='bbox 1445 3140 1578 3225; x_wconf 88' lang='lat' dir='ltr'>angulos</span> 
     </span>
     <span class='ocr_line' id='line_1_25' title="bbox 422 3242 1669 3329; baseline -0.001 -21"><span class='ocrx_word' id='word_1_197' title='bbox 422 3243 584 3325; x_wconf 87' lang='lat' dir='ltr'>aequales,</span> <span class='ocrx_word' id='word_1_198' title='bbox 599 3252 632 3305; x_wconf 89' lang='lat' dir='ltr'>et</span> <span class='ocrx_word' id='word_1_199' title='bbox 647 3242 738 3321; x_wconf 92' lang='lat' dir='ltr'>quod</span> <span class='ocrx_word' id='word_1_200' title='bbox 755 3242 919 3303; x_wconf 88' lang='lat' dir='ltr'>breviores</span> <span class='ocrx_word' id='word_1_201' title='bbox 934 3251 1013 3304; x_wconf 91' lang='lat' dir='ltr'>sunt</span> <span class='ocrx_word' id='word_1_202' title='bbox 1028 3242 1110 3319; x_wconf 92' lang='lat' dir='ltr'>aliis,</span> <span class='ocrx_word' id='word_1_203' title='bbox 1122 3253 1157 3307; x_wconf 91' lang='lat' dir='ltr'>et</span> <span class='ocrx_word' id='word_1_204' title='bbox 1171 3245 1263 3324; x_wconf 92' lang='lat' dir='ltr'>quod</span> <span class='ocrx_word' id='word_1_205' title='bbox 1276 3244 1405 3310; x_wconf 89' lang='lat' dir='ltr'>habent</span> <span class='ocrx_word' id='word_1_206' title='bbox 1424 3248 1577 3329; x_wconf 89' lang='lat' dir='ltr'>majorem</span> <span class='ocrx_word' id='word_1_207' title='bbox 1668 3316 1669 3327; x_wconf 40' lang='lat'>,</span> 
     </span>
     <span class='ocr_line' id='line_1_26' title="bbox 423 3336 1669 3415; baseline -0.002 -2"><span class='ocrx_word' id='word_1_208' title='bbox 423 3347 689 3413; x_wconf 84' lang='lat' dir='ltr'>uniformitatem.</span> <span class='ocrx_word' id='word_1_209' title='bbox 721 3344 767 3406; x_wconf 91' lang='lat' dir='ltr'>Et</span> <span class='ocrx_word' id='word_1_210' title='bbox 782 3345 858 3408; x_wconf 88' lang='lat' dir='ltr'>ideo</span> <span class='ocrx_word' id='word_1_211' title='bbox 875 3366 918 3406; x_wconf 91' lang='lat' dir='ltr'>ex</span> <span class='ocrx_word' id='word_1_212' title='bbox 935 3344 986 3408; x_wconf 90' lang='lat' dir='ltr'>his</span> <span class='ocrx_word' id='word_1_213' title='bbox 1002 3345 1107 3408; x_wconf 89' lang='lat' dir='ltr'>tribus</span> <span class='ocrx_word' id='word_1_214' title='bbox 1120 3348 1230 3409; x_wconf 88' lang='lat' dir='ltr'>causis</span> <span class='ocrx_word' id='word_1_215' title='bbox 1244 3348 1351 3411; x_wconf 91' lang='lat' dir='ltr'>virtus</span> <span class='ocrx_word' id='word_1_216' title='bbox 1362 3348 1485 3415; x_wconf 90' lang='lat' dir='ltr'>fortior</span> <span class='ocrx_word' id='word_1_217' title='bbox 1496 3348 1580 3414; x_wconf 83' lang='lat' dir='ltr'>venit</span> <span class='ocrx_word' id='word_1_218' title='bbox 1668 3336 1669 3411; x_wconf 57' lang='grc' dir='ltr'>Ῐ</span> 
     </span>
     <span class='ocr_line' id='line_1_27' title="bbox 423 3448 1669 3535; baseline -0.001 -20"><span class='ocrx_word' id='word_1_219' title='bbox 423 3470 523 3535; x_wconf 90' lang='lat' dir='ltr'>super</span> <span class='ocrx_word' id='word_1_220' title='bbox 545 3469 602 3513; x_wconf 91' lang='lat' dir='ltr'>eas</span> <span class='ocrx_word' id='word_1_221' title='bbox 623 3448 699 3529; x_wconf 92' lang='lat' dir='ltr'>quia</span> <span class='ocrx_word' id='word_1_222' title='bbox 723 3449 823 3511; x_wconf 91' lang='lat' dir='ltr'>etiam</span> <span class='ocrx_word' id='word_1_223' title='bbox 846 3449 970 3512; x_wconf 90' lang='lat' dir='ltr'>cadunt</span> <span class='ocrx_word' id='word_1_224' title='bbox 992 3450 1036 3512; x_wconf 94' lang='lat' dir='ltr'>ad</span> <span class='ocrx_word' id='word_1_225' title='bbox 1059 3449 1200 3531; x_wconf 88' lang='lat' dir='ltr'>angulos</span> <span class='ocrx_word' id='word_1_226' title='bbox 1223 3462 1341 3531; x_wconf 91' lang='lat' dir='ltr'>rectos,</span> <span class='ocrx_word' id='word_1_227' title='bbox 1362 3464 1400 3517; x_wconf 93' lang='lat' dir='ltr'>et</span> <span class='ocrx_word' id='word_1_228' title='bbox 1418 3454 1581 3518; x_wconf 90' lang='lat' dir='ltr'>rectitudo</span> <span class='ocrx_word' id='word_1_229' title='bbox 1668 3504 1669 3527; x_wconf 72' lang='lat'>,</span> 
     </span>
     <span class='ocr_line' id='line_1_28' title="bbox 424 3551 1581 3641; baseline -0.002 -19"><span class='ocrx_word' id='word_1_230' title='bbox 424 3559 524 3622; x_wconf 87' lang='lat' dir='ltr'>etiam</span> <span class='ocrx_word' id='word_1_231' title='bbox 551 3551 750 3636; x_wconf 87' lang='lat' dir='ltr'>angulorum</span> <span class='ocrx_word' id='word_1_232' title='bbox 776 3573 821 3614; x_wconf 87' lang='lat' dir='ltr'>ex</span> <span class='ocrx_word' id='word_1_233' title='bbox 843 3573 905 3615; x_wconf 92' lang='lat' dir='ltr'>sua</span> <span class='ocrx_word' id='word_1_234' title='bbox 927 3554 1132 3636; x_wconf 88' lang='lat' dir='ltr'>proprietate</span> <span class='ocrx_word' id='word_1_235' title='bbox 1153 3552 1272 3619; x_wconf 90' lang='lat' dir='ltr'>melior</span> <span class='ocrx_word' id='word_1_236' title='bbox 1299 3567 1352 3620; x_wconf 89' lang='lat' dir='ltr'>est</span> <span class='ocrx_word' id='word_1_237' title='bbox 1375 3558 1581 3641; x_wconf 88' lang='lat' dir='ltr'>obliquitate,</span> 
     </span>
     <span class='ocr_line' id='line_1_29' title="bbox 425 3655 1583 3740; baseline -0.004 -13"><span class='ocrx_word' id='word_1_238' title='bbox 425 3674 458 3727; x_wconf 90' lang='lat' dir='ltr'>et</span> <span class='ocrx_word' id='word_1_239' title='bbox 485 3661 561 3723; x_wconf 89' lang='lat' dir='ltr'>ideo</span> <span class='ocrx_word' id='word_1_240' title='bbox 589 3666 783 3740; x_wconf 85' lang='lat' dir='ltr'>augmentat</span> <span class='ocrx_word' id='word_1_241' title='bbox 812 3657 923 3721; x_wconf 89' lang='lat' dir='ltr'>adhuc</span> <span class='ocrx_word' id='word_1_242' title='bbox 959 3655 1189 3720; x_wconf 88' lang='lat' dir='ltr'>fortitudinem</span> <span class='ocrx_word' id='word_1_243' title='bbox 1221 3660 1373 3724; x_wconf 90' lang='lat' dir='ltr'>actionis.</span> <span class='ocrx_word' id='word_1_244' title='bbox 1425 3662 1583 3727; x_wconf 89' lang='lat' dir='ltr'>Similiter</span> 
     </span>
     <span class='ocr_line' id='line_1_30' title="bbox 424 3762 1669 3849; baseline -0.002 -20"><span class='ocrx_word' id='word_1_245' title='bbox 424 3765 559 3849; x_wconf 89' lang='lat' dir='ltr'>quando</span> <span class='ocrx_word' id='word_1_246' title='bbox 583 3762 673 3826; x_wconf 92' lang='lat' dir='ltr'>cadit</span> <span class='ocrx_word' id='word_1_247' title='bbox 699 3782 796 3845; x_wconf 91' lang='lat' dir='ltr'>super</span> <span class='ocrx_word' id='word_1_248' title='bbox 823 3762 1068 3826; x_wconf 90' lang='lat' dir='ltr'>convexitatem</span> <span class='ocrx_word' id='word_1_249' title='bbox 1099 3763 1219 3839; x_wconf 87' lang='lat' dir='ltr'>circuli,</span> <span class='ocrx_word' id='word_1_250' title='bbox 1247 3764 1352 3829; x_wconf 91' lang='lat' dir='ltr'>habet</span> <span class='ocrx_word' id='word_1_251' title='bbox 1381 3766 1583 3832; x_wconf 86' lang='lat' dir='ltr'>fortitudinis</span> <span class='ocrx_word' id='word_1_252' title='bbox 1668 3824 1669 3827; x_wconf 73' lang='grc'>,</span> 
     </span>
     <span class='ocr_line' id='line_1_31' title="bbox 425 3866 1669 3953; baseline 0.002 -19"><span class='ocrx_word' id='word_1_253' title='bbox 425 3889 541 3934; x_wconf 90' lang='lat' dir='ltr'>causas</span> <span class='ocrx_word' id='word_1_254' title='bbox 564 3868 684 3951; x_wconf 92' lang='lat' dir='ltr'>plures,</span> <span class='ocrx_word' id='word_1_255' title='bbox 706 3869 765 3931; x_wconf 89' lang='lat' dir='ltr'>sed</span> <span class='ocrx_word' id='word_1_256' title='bbox 789 3885 855 3929; x_wconf 89' lang='lat' dir='ltr'>non</span> <span class='ocrx_word' id='word_1_257' title='bbox 881 3873 933 3928; x_wconf 93' lang='lat' dir='ltr'>tot</span> <span class='ocrx_word' id='word_1_258' title='bbox 951 3866 1036 3929; x_wconf 91' lang='lat' dir='ltr'>sicut</span> <span class='ocrx_word' id='word_1_259' title='bbox 1060 3868 1196 3948; x_wconf 89' lang='lat' dir='ltr'>quando</span> <span class='ocrx_word' id='word_1_260' title='bbox 1221 3867 1310 3930; x_wconf 91' lang='lat' dir='ltr'>cadit</span> <span class='ocrx_word' id='word_1_261' title='bbox 1333 3888 1438 3953; x_wconf 91' lang='lat' dir='ltr'>super</span> <span class='ocrx_word' id='word_1_262' title='bbox 1464 3882 1583 3935; x_wconf 85' lang='lat' dir='ltr'>rectam</span> <span class='ocrx_word' id='word_1_263' title='bbox 1668 3916 1669 3947; x_wconf 60' lang='lat'><em>3</em></span> 
     </span>
     <span class='ocr_line' id='line_1_32' title="bbox 426 3968 1585 4053; baseline 0.002 -20"><span class='ocrx_word' id='word_1_264' title='bbox 426 3972 568 4049; x_wconf 83' lang='lat' dir='ltr'>lineam3</span> <span class='ocrx_word' id='word_1_265' title='bbox 589 3971 754 4053; x_wconf 90' lang='lat' dir='ltr'>colligitur</span> <span class='ocrx_word' id='word_1_266' title='bbox 775 3972 863 4035; x_wconf 91' lang='lat' dir='ltr'>enim</span> <span class='ocrx_word' id='word_1_267' title='bbox 885 3969 958 4052; x_wconf 91' lang='lat' dir='ltr'>ejus</span> <span class='ocrx_word' id='word_1_268' title='bbox 980 3968 1142 4033; x_wconf 88' lang='lat' dir='ltr'>fortitudo</span> <span class='ocrx_word' id='word_1_269' title='bbox 1165 3990 1210 4033; x_wconf 86' lang='lat' dir='ltr'>ex</span> <span class='ocrx_word' id='word_1_270' title='bbox 1232 3970 1396 4036; x_wconf 90' lang='lat' dir='ltr'>brevitate</span> <span class='ocrx_word' id='word_1_271' title='bbox 1419 3972 1534 4039; x_wconf 87' lang='lat' dir='ltr'>lineae</span> <span class='ocrx_word' id='word_1_272' title='bbox 1556 3984 1585 4037; x_wconf 90' lang='lat' dir='ltr'>et</span> 
     </span>
     <span class='ocr_line' id='line_1_33' title="bbox 428 4074 1585 4158; baseline 0.001 -19"><span class='ocrx_word' id='word_1_273' title='bbox 428 4078 650 4142; x_wconf 80' lang='lat' dir='ltr'>uniformitate</span> <span class='ocrx_word' id='word_1_274' title='bbox 664 4078 804 4156; x_wconf 89' lang='lat' dir='ltr'>virtutis,</span> <span class='ocrx_word' id='word_1_275' title='bbox 818 4077 851 4141; x_wconf 93' lang='lat' dir='ltr'>in</span> <span class='ocrx_word' id='word_1_276' title='bbox 865 4084 1027 4157; x_wconf 87' lang='lat' dir='ltr'>quantum</span> <span class='ocrx_word' id='word_1_277' title='bbox 1043 4084 1184 4156; x_wconf 89' lang='lat' dir='ltr'>uterque</span> <span class='ocrx_word' id='word_1_278' title='bbox 1206 4074 1349 4158; x_wconf 90' lang='lat' dir='ltr'>angulus</span> <span class='ocrx_word' id='word_1_279' title='bbox 1364 4086 1417 4140; x_wconf 92' lang='lat' dir='ltr'>est</span> <span class='ocrx_word' id='word_1_280' title='bbox 1434 4080 1585 4149; x_wconf 85' lang='lat' dir='ltr'>obtusus,</span> 
     </span>
     <span class='ocr_line' id='line_1_34' title="bbox 429 4180 1586 4264; baseline 0.003 -23"><span class='ocrx_word' id='word_1_281' title='bbox 429 4193 463 4244; x_wconf 92' lang='lat' dir='ltr'>et</span> <span class='ocrx_word' id='word_1_282' title='bbox 478 4202 521 4245; x_wconf 86' lang='lat' dir='ltr'>ex</span> <span class='ocrx_word' id='word_1_283' title='bbox 536 4180 763 4264; x_wconf 83' lang='lat' dir='ltr'>aequalitate3</span> <span class='ocrx_word' id='word_1_284' title='bbox 786 4183 871 4246; x_wconf 89' lang='lat' dir='ltr'>linea</span> <span class='ocrx_word' id='word_1_285' title='bbox 891 4180 978 4243; x_wconf 90' lang='lat' dir='ltr'>enim</span> <span class='ocrx_word' id='word_1_286' title='bbox 1002 4180 1283 4263; x_wconf 86' lang='lat' dir='ltr'>perpendicularis</span> <span class='ocrx_word' id='word_1_287' title='bbox 1304 4200 1404 4263; x_wconf 91' lang='lat' dir='ltr'>super</span> <span class='ocrx_word' id='word_1_288' title='bbox 1425 4183 1586 4247; x_wconf 89' lang='lat' dir='ltr'>circulum</span> 
     </span>
     <span class='ocr_line' id='line_1_35' title="bbox 430 4280 1587 4367; baseline 0.002 -24"><span class='ocrx_word' id='word_1_289' title='bbox 430 4290 467 4341; x_wconf 91' lang='lat' dir='ltr'>ut</span> <span class='ocrx_word' id='word_1_290' title='bbox 496 4292 665 4345; x_wconf 91' lang='lat' dir='ltr'>ostensum</span> <span class='ocrx_word' id='word_1_291' title='bbox 694 4295 744 4349; x_wconf 91' lang='lat' dir='ltr'>est</span> <span class='ocrx_word' id='word_1_292' title='bbox 770 4285 804 4348; x_wconf 93' lang='lat' dir='ltr'>in</span> <span class='ocrx_word' id='word_1_293' title='bbox 829 4293 948 4366; x_wconf 85' lang='lat' dir='ltr'>quarta</span> <span class='ocrx_word' id='word_1_294' title='bbox 974 4290 1068 4365; x_wconf 88' lang='lat' dir='ltr'>parte</span> <span class='ocrx_word' id='word_1_295' title='bbox 1093 4280 1193 4363; x_wconf 88' lang='lat' dir='ltr'>hujus</span> <span class='ocrx_word' id='word_1_296' title='bbox 1219 4290 1394 4357; x_wconf 89' lang='lat' dir='ltr'>tractatus,</span> <span class='ocrx_word' id='word_1_297' title='bbox 1423 4294 1479 4347; x_wconf 90' lang='lat' dir='ltr'>est</span> <span class='ocrx_word' id='word_1_298' title='bbox 1504 4302 1587 4367; x_wconf 89' lang='lat' dir='ltr'>quae</span> 
     </span>
     <span class='ocr_line' id='line_1_36' title="bbox 429 4384 1587 4467; baseline 0.002 -20"><span class='ocrx_word' id='word_1_299' title='bbox 429 4399 530 4464; x_wconf 83' lang='lat' dir='ltr'>super</span> <span class='ocrx_word' id='word_1_300' title='bbox 557 4386 629 4467; x_wconf 87' lang='lat' dir='ltr'>ejus</span> <span class='ocrx_word' id='word_1_301' title='bbox 659 4389 955 4455; x_wconf 88' lang='lat' dir='ltr'>circumferentiam</span> <span class='ocrx_word' id='word_1_302' title='bbox 985 4385 1076 4450; x_wconf 92' lang='lat' dir='ltr'>cadit</span> <span class='ocrx_word' id='word_1_303' title='bbox 1104 4386 1147 4448; x_wconf 89' lang='lat' dir='ltr'>ad</span> <span class='ocrx_word' id='word_1_304' title='bbox 1177 4384 1317 4467; x_wconf 87' lang='lat' dir='ltr'>angulos</span> <span class='ocrx_word' id='word_1_305' title='bbox 1354 4388 1520 4467; x_wconf 72' lang='lat' dir='ltr'>aequales</span> <span class='ocrx_word' id='word_1_306' title='bbox 1557 4398 1587 4450; x_wconf 90' lang='lat' dir='ltr'>et</span> 
     </span>
     <span class='ocr_line' id='line_1_37' title="bbox 431 4484 1589 4575; baseline 0.012 -33"><span class='ocrx_word' id='word_1_307' title='bbox 431 4484 590 4565; x_wconf 73' lang='lat' dir='ltr'>obtusos,</span> <span class='ocrx_word' id='word_1_308' title='bbox 623 4489 709 4560; x_wconf 88' lang='lat' dir='ltr'>linea</span> <span class='ocrx_word' id='word_1_309' title='bbox 741 4516 819 4561; x_wconf 92' lang='lat' dir='ltr'>vero</span> <span class='ocrx_word' id='word_1_310' title='bbox 848 4514 915 4557; x_wconf 91' lang='lat' dir='ltr'>non</span> <span class='ocrx_word' id='word_1_311' title='bbox 945 4490 1227 4575; x_wconf 85' lang='lat' dir='ltr'>perpendicularis</span> <span class='ocrx_word' id='word_1_312' title='bbox 1253 4490 1344 4554; x_wconf 90' lang='lat' dir='ltr'>cadit</span> <span class='ocrx_word' id='word_1_313' title='bbox 1367 4492 1410 4553; x_wconf 91' lang='lat' dir='ltr'>ad</span> <span class='ocrx_word' id='word_1_314' title='bbox 1442 4493 1589 4575; x_wconf 88' lang='lat' dir='ltr'>angulos</span> 
     </span>
    </p>
   </div>
   <div class='ocr_carea' id='block_1_9' title="bbox 430 4580 1589 4684">
    <p class='ocr_par' dir='ltr' id='par_1_9' title="bbox 430 4580 1589 4684">
     <span class='ocr_line' id='line_1_38' title="bbox 430 4580 1589 4684; baseline 0.008 -34"><span class='ocrx_word' id='word_1_315' title='bbox 430 4580 618 4671; x_wconf 72' lang='lat' dir='ltr'>inaequales</span> <span class='ocrx_word' id='word_1_316' title='bbox 641 4609 675 4662; x_wconf 90' lang='lat' dir='ltr'>et</span> <span class='ocrx_word' id='word_1_317' title='bbox 703 4604 865 4684; x_wconf 85' lang='lat' dir='ltr'>obliquos,</span> <span class='ocrx_word' id='word_1_318' title='bbox 896 4617 1037 4681; x_wconf 92' lang='lat' dir='ltr'>quorum</span> <span class='ocrx_word' id='word_1_319' title='bbox 1068 4617 1153 4658; x_wconf 92' lang='lat' dir='ltr'>unus</span> <span class='ocrx_word' id='word_1_320' title='bbox 1182 4598 1322 4661; x_wconf 92' lang='lat' dir='ltr'>obtusus</span> <span class='ocrx_word' id='word_1_321' title='bbox 1352 4604 1404 4659; x_wconf 88' lang='lat' dir='ltr'>est</span> <span class='ocrx_word' id='word_1_322' title='bbox 1438 4607 1475 4660; x_wconf 89' lang='lat' dir='ltr'>et</span> <span class='ocrx_word' id='word_1_323' title='bbox 1509 4598 1589 4663; x_wconf 87' lang='lat' dir='ltr'>alius</span> 
     </span>
    </p>
   </div>
   <div class='ocr_carea' id='block_1_10' title="bbox 0 0 1810 5359">
    <p class='ocr_par' dir='ltr' id='par_1_10' title="bbox 0 0 1810 5359">
     <span class='ocr_line' id='line_1_39' title="bbox 0 0 1810 5359; baseline 0 0"><span class='ocrx_word' id='word_1_324' title='bbox 0 0 1810 5359; x_wconf 95' lang='lat' dir='ltr'> </span> 
     </span>
    </p>
   </div>
  </div>
 </body>
</html>
