3542 5359
368 603 426 662 126
603 604 759 662 OPERIS
780 603 969 673 MAJORIS
994 602 1108 661 PARS
1133 601 1304 675 QUINTA.

367 763 524 826 habentes
538 761 620 825 situs
636 761 780 824 diversos
797 759 919 826 iaciunt
935 761 1061 842 species
1078 759 1110 822 in
1127 771 1239 844 partes
1255 761 1402 824 diversas
1421 759 1518 835 oculi,

368 877 401 930 et
424 877 561 932 causant
583 865 770 948 passionem
794 886 880 947 quae
902 865 993 929 dicta
1014 875 1074 928 est.
1121 864 1157 929 Si
1179 885 1257 928 vero
1280 865 1408 929 dicatur
1428 866 1517 947 quod

368 972 448 1034 radii
480 971 627 1033 omnium
659 969 829 1034 stellarum
861 978 895 1034 et
926 970 1135 1052 planetarum
1167 979 1340 1033 transeunt
1377 969 1423 1033 sic
1460 989 1519 1050 per

369 1075 514 1138 medium
532 1073 730 1148 tremulum3
754 1073 932 1136 dicendum
948 1074 1038 1154 quod
1060 1073 1143 1136 aliae
1167 1074 1312 1137 rationes
1333 1074 1375 1137 de
1397 1082 1517 1135 conatu

368 1178 454 1241 oculi
471 1189 505 1243 et
526 1177 703 1262 splendore
724 1177 769 1241 rei
785 1177 873 1241 visae
894 1179 1025 1253 desunt,
1046 1166 1227 1242 secuudum
1250 1177 1340 1260 quod
1363 1198 1408 1240 ex
1430 1176 1519 1239 solu-

368 1283 513 1346 tionibus
528 1282 755 1363 objectionum
775 1281 985 1345 manifestum
1002 1292 1063 1345 est.

199 1403 222 1450 lt
235 1402 335 1465 maybe
413 1388 468 1450 Ex
492 1387 647 1450 omnibus
670 1385 721 1448 his
741 1385 851 1469 colligi
875 1395 987 1466 potest
1008 1405 1106 1460 causa
1129 1384 1380 1459 scintillationis,
1400 1405 1516 1467 quam-

198 1467 303 1582 {32:¹¹
367 1491 417 1554 vis
447 1511 523 1556 cum
547 1490 741 1554 difficultate
768 1500 904 1574 propter
934 1490 1042 1553 varias
1063 1488 1268 1570 objectiones
1300 1498 1518 1553 occurrentes.

197 1615 285 1648 causes
369 1595 512 1678 Oportet
535 1595 623 1658 enim
647 1595 737 1677 quod
762 1615 782 1656 a
805 1602 900 1675 parte
923 1593 1010 1656 oculi
1030 1593 1075 1657 sit
1098 1605 1237 1657 conatus
1261 1602 1397 1675 propter
1418 1613 1516 1675 quern

197 1672 353 1730 cooperate.
368 1699 553 1762 involvitur.
609 1699 698 1761 Nam
729 1707 866 1780 propter
897 1719 973 1761 eum
1009 1697 1130 1762 accidit
1168 1697 1332 1781 superflua
1362 1698 1519 1760 resolutio

368 1803 542 1886 spirituum
567 1813 601 1866 et
623 1801 769 1865 calorum
793 1801 984 1885 cogentium
1008 1802 1164 1865 humores
1181 1802 1267 1865 oculi
1288 1803 1399 1885 egredi
1417 1824 1438 1864 a
1452 1803 1517 1866 situ

369 1907 518 1984 naturali,
545 1918 579 1971 et
604 1907 817 1970 nihilominus
844 1927 888 1970 ex
917 1916 1037 1970 conatu
1064 1916 1116 1970 est
1141 1907 1341 1988 compressio
1372 1905 1458 1971 oculi
1485 1919 1519 1971 et

368 2012 569 2091 constrictio,
592 2032 635 2074 ex
661 2011 780 2093 quibus
804 2019 916 2093 partes
939 2011 1026 2074 oculi
1052 2031 1118 2072 non
1148 2022 1262 2074 tenent
1285 2011 1385 2074 situm
1411 2030 1517 2075 suum.

369 2116 493 2180 Iterum
519 2116 616 2180 tertio
639 2117 741 2179 oritur
764 2137 808 2178 ex
832 2114 895 2178 hoc
921 2115 1081 2180 abscissio
1103 2116 1250 2194 visionis,
1272 2124 1406 2197 propter
1429 2115 1518 2198 quod

367 2222 496 2286 visibile
527 2231 666 2304 apparet
696 2222 797 2284 situm
829 2230 968 2298 mutare,
998 2231 1035 2284 ut
1066 2219 1350 2302 exemplificatum
1381 2231 1431 2285 est
1461 2243 1519 2304 per

367 2326 549 2391 Averroen.
604 2327 670 2389 Hic
701 2344 780 2407 ergo
810 2326 874 2388 tria
905 2334 1082 2388 causantur
1109 2346 1152 2388 ex
1184 2335 1306 2389 conatu
1336 2326 1431 2402 oculi,
1461 2327 1518 2409 qui

368 2441 508 2496 conatus
530 2440 681 2494 causatur
704 2450 769 2491 non
793 2428 903 2493 solum
926 2450 969 2492 ex
992 2429 1166 2494 debilitate
1189 2431 1319 2494 virtutis
1338 2431 1462 2494 visivae
1485 2440 1519 2493 et

368 2537 488 2618 speciei
520 2545 655 2618 propter
686 2534 863 2597 distantiae
888 2534 1072 2613 veritatem,
1102 2534 1159 2597 sed
1191 2544 1326 2617 propter
1354 2532 1517 2615 judicium

369 2640 559 2723 apparentis
583 2639 769 2717 distantiae,
796 2651 830 2703 et
855 2638 931 2702 ideo
958 2639 1182 2702 abundantius
1207 2648 1344 2702 conatur
1367 2639 1409 2700 ad
1432 2637 1519 2701 fixas

369 2766 469 2828 quarn
496 2746 538 2808 ad
567 2744 716 2828 planetas
739 2743 941 2826 splendidos,
967 2764 1051 2826 quos
1077 2762 1180 2826 prope
1202 2743 1358 2806 aestimat
1384 2753 1520 2826 propter

371 2849 573 2932 superfluum
591 2848 812 2932 splendorem.
860 2846 926 2912 Sed
950 2868 1016 2910 non
1039 2848 1147 2910 solum
1171 2847 1233 2912 iste
1255 2856 1393 2910 conatus
1412 2847 1520 2930 requi-

370 2955 462 3031 ritur,
481 2955 540 3018 sed
565 2953 722 3036 splendor
739 2953 913 3031 sufficiens
928 2973 949 3015 a
964 2961 1058 3033 parte
1074 2952 1119 3014 rei
1134 2950 1350 3029 scintillantis,
1369 2952 1447 3034 quia
1468 2972 1518 3015 res

370 3058 553 3122 scintillans
573 3059 703 3120 videtur
717 3056 826 3138 jacula
848 3055 932 3119 lucis
955 3075 1118 3137 spargere,
1140 3065 1174 3119 et
1196 3057 1271 3118 ideo
1298 3055 1461 3120 Saturnus
1486 3065 1519 3118 et

370 3161 484 3224 stellae
509 3181 628 3244 parvae
648 3181 714 3222 non
736 3158 928 3223 scintillant.
976 3159 1119 3222 Necesse
1142 3159 1277 3241 quidem
1298 3160 1446 3223 similiter
1461 3169 1521 3237 est,

369 3266 460 3348 quod
483 3274 606 3328 tremor
629 3264 727 3327 medii
751 3265 802 3337 sit,
826 3273 862 3326 ut
886 3264 1010 3327 dictum
1034 3273 1093 3338 est,
1116 3273 1150 3325 et
1176 3265 1288 3327 omnia
1310 3265 1391 3327 haec
1414 3265 1520 3347 requi·

371 3379 486 3432 runtur
500 3370 543 3433 ad
560 3368 827 3432 scintillationem
844 3378 979 3450 propter
994 3369 1187 3431 distantiam
1209 3370 1254 3432 rei
1274 3369 1420 3445 visibilis,
1443 3371 1522 3451 quia

371 3493 422 3537 res
447 3474 479 3536 in
502 3474 616 3537 debita
638 3473 798 3537 distantia
818 3472 927 3555 posita
946 3492 1012 3534 non
1034 3471 1213 3536 scintillat:
1245 3482 1278 3536 et
1302 3483 1438 3555 propter
1457 3474 1522 3539 hoc

371 3576 572 3641 Aristoteles
597 3577 756 3642 adscribit
781 3577 970 3660 passionem
997 3575 1220 3658 principaliter
1241 3579 1418 3641 distantiae
1445 3578 1522 3641 licet

373 3682 479 3745 multa
502 3683 715 3747 circumstent
739 3683 988 3747 consideranda.
1041 3679 1097 3744 Sic
1123 3680 1375 3762 intelligendum
1403 3691 1453 3746 est
1480 3683 1523 3744 de

372 3786 604 3851 scintillatione
620 3787 652 3849 in
669 3787 876 3864 coelestibus,
890 3788 931 3850 de
947 3806 1013 3866 qua
1028 3784 1174 3866 loquitur
1188 3784 1396 3862 Aristoteles,
1405 3807 1521 3868 quarn-

372 3891 422 3954 vis
439 3902 550 3954 tamen
565 3893 606 3954 sit
623 3891 774 3974 specialis
791 3892 910 3954 modus
927 3889 1170 3953 scintillationis
1191 3889 1224 3950 in
1240 3888 1290 3952 his
1306 3889 1522 3968 inferioribus,

371 3995 414 4058 de
430 4015 495 4077 qua
511 3993 643 4058 inferius
658 3995 795 4058 dicetur.

760 4207 988 4272 Caerrunuu
1016 4207 1103 4271 VIII
1116 4205 1138 4271 ¹.

200 4408 255 4456 ean
416 4384 461 4446 Et
475 4383 544 4464 jam
566 4383 599 4445 in
624 4381 690 4446 fine
713 4381 807 4446 istius
825 4382 987 4446 sermonis
1009 4382 1052 4444 de
1073 4381 1174 4444 modo
1188 4381 1319 4444 videndi
1341 4385 1521 4447 secundum

195 4471 303 4588 ffloffi
373 4488 475 4550 lineas
496 4497 601 4550 rectas
617 4496 750 4569 propter
765 4497 831 4550 tres
848 4486 966 4549 modos
985 4484 1127 4562 visionis,
1149 4485 1221 4548 solo
1244 4504 1352 4562 sensu,
1376 4487 1523 4564 scientia,

405 4631 411 4660 ¹
431 4631 512 4680 What
529 4631 631 4679 follows
643 4632 665 4679 is
677 4630 773 4693 rightly
785 4631 891 4680 marked
903 4631 978 4679 offas
989 4647 1006 4679 a
1017 4631 1120 4678 distinct
1132 4631 1239 4692 chapter
1254 4631 1280 4678 in
1292 4630 1323 4680 Ο.
1358 4632 1401 4680 An
1413 4633 1524 4694 entirely
