3542 5359
367 589 424 666 196
605 588 760 648 OPERIS
784 587 972 658 MAJORIS
996 588 1111 646 PARS
1135 586 1284 647 SEXTA.

362 753 407 817 ab
429 752 640 816 extremitate
662 773 727 815 una
744 752 787 816 ad
810 751 958 831 alteram,
980 763 1114 835 oportet
1136 755 1226 835 quod
1250 751 1391 815 eundem
1415 749 1513 813 situm

363 857 508 922 habeant
526 877 642 921 omnes
660 867 770 938 partes
787 869 939 941 respectu
957 858 1037 920 radii
1056 857 1170 921 solaris
1190 866 1224 920 et
1246 864 1396 940 respectu
1416 854 1513 916 oculi.

364 960 433 1026 Sed
460 959 535 1026 talis
565 961 646 1025 situs
673 961 854 1025 identitatis
885 981 953 1024 non
982 971 1093 1044 potest
1119 980 1191 1024 esse
1221 961 1284 1024 nisi
1308 961 1342 1022 in
1367 957 1513 1022 circulari

363 1065 467 1150 figura
493 1075 632 1149 propter
659 1064 831 1147 aequalem
858 1066 1004 1147 partium
1030 1065 1294 1129 declinationem.
1339 1063 1385 1127 Et
1410 1061 1512 1125 etiam

360 1169 393 1233 in
414 1191 538 1253 vapore
559 1170 730 1254 sphaerico
753 1178 891 1251 possunt
916 1170 1036 1252 signari
1066 1170 1133 1232 duo
1159 1189 1281 1251 genera
1305 1166 1512 1231 circulorum.

364 1273 478 1339 Unum
495 1284 546 1338 est
561 1273 721 1337 transiens
736 1293 795 1355 per
810 1271 915 1355 polos,
930 1283 968 1337 ut
982 1284 1057 1337 sunt
1074 1274 1175 1338 coluri
1192 1274 1224 1335 in
1240 1272 1380 1353 sphaera
1393 1293 1401 1349 ;
1424 1270 1512 1334 aliud

362 1387 411 1443 est
434 1376 570 1461 aliquod
593 1378 635 1441 de
658 1377 955 1458 aequidistantibus
978 1377 1252 1442 intersecantibus
1275 1376 1357 1441 istos
1383 1373 1514 1438 coluros

362 1503 406 1546 ex
427 1492 622 1546 transverso.
669 1480 845 1546 Circulatio
867 1501 946 1545 vero
967 1483 1068 1545 coluri
1088 1481 1302 1546 absconditur
1322 1498 1453 1559 semper
1467 1499 1512 1540 ex

362 1586 531 1660 distantia,
557 1586 634 1668 quia
663 1606 728 1650 non
761 1585 864 1650 habet
893 1589 1035 1650 eundem
1062 1587 1161 1652 situm
1189 1594 1340 1667 respectu
1366 1583 1452 1648 oculi
1479 1583 1512 1644 in

362 1689 628 1754 extremitatibus
648 1699 682 1753 et
700 1690 733 1753 in
752 1689 872 1768 medio,
887 1691 946 1753 sed
964 1690 1225 1773 aequidistantes
1244 1689 1329 1752 bene
1349 1697 1512 1768 apparent

362 1796 395 1858 in
414 1815 475 1858 sua
493 1793 713 1872 circulatione,
729 1805 863 1877 propter
882 1795 1055 1877 aequalem
1075 1795 1176 1859 situm
1192 1803 1343 1876 respectu
1364 1792 1459 1865 oculi,
1476 1799 1513 1853 ut

362 1899 488 1963 dictum
505 1909 555 1962 est
575 1898 607 1960 in
628 1899 834 1980 Perspectiva
849 1900 893 1963 de
911 1897 997 1963 luna.
1036 1897 1122 1962 Cum
1144 1899 1245 1982 igitur
1262 1896 1402 1961 circulus
1422 1895 1512 1958 iridis

362 2001 400 2066 fit
414 2005 456 2067 de
470 2003 783 2086 aequidistantibus,
798 2003 921 2085 poterit
937 2004 970 2066 in
985 2024 1045 2068 sua
1060 2002 1272 2067 circulatione
1287 2021 1456 2085 apparere.

193 2117 260 2181 why
272 2117 314 2167 ure
388 2107 473 2172 'Sed
493 2109 519 2171 si
537 2106 711 2189 objiciatur
726 2117 844 2170 contra
858 2107 933 2186 hoc,
952 2109 1042 2190 quod
1058 2128 1125 2171 non
1140 2107 1246 2172 solum
1262 2107 1461 2171 coloraretur
1477 2105 1511 2167 in

191 2183 276 2298 m}
284 2199 348 2298 3¹¹
361 2211 564 2295 gibbositate
586 2231 646 2274 sua
667 2230 762 2276 arcus
785 2211 874 2275 basis
898 2211 1081 2295 pyramidis
1100 2213 1160 2276 sed
1183 2211 1262 2275 alibi
1285 2212 1318 2274 in
1339 2208 1512 2293 superficie

191 2313 332 2365 racesnot
361 2336 421 2398 per
442 2327 562 2390 totum,
586 2315 668 2380 sicut
690 2316 769 2380 luna
791 2316 890 2398 plena
912 2327 985 2380 tota
1009 2316 1211 2380 illuminatur
1233 2317 1264 2378 in
1293 2325 1387 2397 parte
1416 2314 1512 2378 nobis

191 2379 317 2430 coloured.
359 2420 500 2502 objecta,
516 2430 550 2484 et
569 2420 648 2485 ideo
669 2428 743 2484 tota
764 2419 953 2502 superficies
974 2421 1062 2485 basis
1083 2441 1168 2503 quae
1189 2431 1239 2484 est
1260 2439 1358 2501 super
1379 2430 1512 2496 terram,

359 2524 579 2603 coloraretur;
602 2525 645 2588 ad
660 2523 725 2588 hoc
740 2533 851 2608 potest
866 2525 930 2590 dici
945 2525 1139 2602 differenter,
1155 2524 1244 2606 quod
1261 2524 1428 2589 stillicidia
1444 2544 1510 2586 non

360 2633 437 2689 sunt
459 2623 617 2706 ubiquea
637 2623 759 2708 quibus
781 2622 994 2688 reflectuntur
1008 2625 1090 2689 radii
1114 2626 1156 2688 ad
1172 2624 1286 2687 oculos
1305 2626 1347 2687 ad
1371 2621 1511 2706 angulos

359 2730 514 2812 aequales
536 2728 658 2812 angulo
678 2728 886 2792 incidentiae.
934 2729 1012 2793 Hoc
1035 2730 1122 2793 enim
1146 2748 1214 2792 non
1233 2738 1284 2792 est
1306 2728 1365 2792 nisi
1390 2730 1423 2791 in
1445 2729 1509 2792 situ

359 2833 480 2912 circuli,
503 2833 587 2896 sicut
608 2843 748 2917 apparet
770 2834 804 2897 in
828 2831 1063 2897 reflexionibus
1090 2843 1125 2895 et
1151 2832 1364 2897 fractionibus
1385 2832 1510 2916 speculi

359 2937 494 3002 concavi
518 2947 551 3002 et
573 2936 732 3014 aliorum;
758 2947 794 3002 et
823 2938 899 3001 ideo
925 2956 999 3001 cum
1031 2935 1260 3001 circulationcs
1290 2946 1432 3020 quatuor
1457 2937 1509 3001 vel

360 3043 506 3125 quinque
529 3041 617 3105 iridis
640 3052 781 3125 possunt
803 3063 874 3106 esse
898 3042 931 3105 in
956 3041 1129 3105 stillicidiis
1157 3064 1178 3106 a
1204 3041 1324 3125 quibus
1351 3041 1433 3107 flunt
1462 3063 1509 3106 re·

359 3144 521 3209 flexiones
548 3145 579 3208 in
605 3145 709 3209 visum
737 3146 780 3209 ad
807 3145 945 3229 angulos
970 3145 1126 3229 aequales
1151 3147 1276 3230 angulo
1302 3148 1508 3224 incidentiae,

358 3258 470 3330 potest
487 3246 579 3315 color
592 3251 739 3332 generari
755 3249 787 3312 in
803 3249 858 3322 eis,
875 3259 910 3314 et
925 3250 1097 3331 impressio
1115 3251 1204 3314 iridis
1222 3271 1389 3335 apparere.

767 3493 992 3560 Camruaun
1018 3495 1099 3558 XII.

190 3661 322 3740 Tpusmhe
400 3647 517 3732 Aliqui
539 3669 618 3713 vero
640 3648 869 3728 aestimabant,
884 3650 975 3732 quod
999 3649 1103 3713 nubes
1125 3652 1233 3714 rorida
1256 3663 1342 3717 esset
1362 3653 1509 3718 colorata

187 3726 327 3842 iqngloud
356 3773 415 3836 per
438 3762 554 3831 totum,
570 3754 647 3837 quia
671 3755 703 3816 in
723 3755 877 3818 omnibus
899 3753 1071 3818 stillicidiis
1094 3765 1144 3819 est
1168 3755 1315 3833 reflexio,
1331 3769 1363 3821 et
1388 3757 1441 3822 iris
1464 3781 1508 3822 ex

187 3859 312 3910 coloured
355 3857 536 3923 reflexione
550 3869 710 3923 causatur.
748 3859 833 3922 Item
849 3858 928 3941 quia
941 3861 1124 3922 secundum
1139 3880 1311 3924 numerum
1327 3862 1507 3925 videntium

356 3973 389 4028 et
419 3962 644 4026 diversitatem
670 3963 751 4026 situs
779 3963 928 4045 ejusdem
955 3962 1100 4027 videntis
1126 3975 1266 4047 apparet
1293 3965 1349 4027 iris
1375 3966 1506 4049 ubique.

356 4066 424 4132 Sed
448 4067 623 4131 dicendum
646 4077 696 4132 est
719 4068 761 4131 ad
785 4067 938 4149 primum,
961 4067 1052 4149 quod
1076 4068 1197 4150 ubique
1220 4078 1271 4132 est
1293 4069 1447 4150 aptitudo
1470 4080 1508 4135 ut

356 4169 415 4235 flat
442 4171 506 4252 iris,
528 4173 586 4235 sed
613 4171 785 4235 actualiter
815 4192 882 4236 non
912 4181 962 4236 est
993 4171 1055 4235 nisi
1082 4172 1115 4234 in
1143 4172 1313 4236 stillicidiis
1340 4195 1360 4237 a
1386 4175 1507 4255 quibus

355 4275 492 4340 reflexio
513 4275 602 4340 venit
625 4276 667 4339 ad
687 4275 839 4353 oculum;
863 4275 942 4357 quia
964 4276 1159 4359 apparentia
1182 4276 1328 4340 colorum
1352 4279 1423 4342 sola
1447 4287 1506 4355 est,

354 4399 439 4462 quae
451 4379 645 4463 apparentia
659 4379 749 4442 venit
761 4399 805 4441 ex
821 4377 961 4442 fantasia
973 4391 1006 4443 et
1017 4380 1210 4462 deceptione
1223 4379 1320 4456 visus,
1332 4392 1368 4445 ut
1380 4382 1505 4446 dictum

355 4493 414 4547 est.
459 4483 506 4546 Et
527 4483 602 4547 ideo
615 4503 778 4566 nusquam
798 4483 830 4545 in
854 4483 943 4546 nube
959 4483 1068 4546 rorida
1083 4493 1134 4547 est
1155 4483 1275 4548 coloris
1298 4486 1430 4561 veritas,
1446 4505 1506 4550 nec

354 4584 549 4666 apparentia
570 4585 631 4648 nisi
654 4586 686 4648 in
712 4584 884 4648 stillicidiis
910 4606 930 4649 a
953 4586 1073 4667 quibus
1096 4584 1133 4650 flt
1159 4586 1202 4648 ad
1225 4586 1332 4650 visum
1358 4587 1505 4652 reflexio.
