<?xml version="1.0" encoding="UTF-8"?>
<!DOCTYPE html PUBLIC "-//W3C//DTD XHTML 1.0 Transitional//EN"
    "http://www.w3.org/TR/xhtml1/DTD/xhtml1-transitional.dtd">
<html xmlns="http://www.w3.org/1999/xhtml" xml:lang="en" lang="en">
 <head>
  <title>
</title>
<meta http-equiv="Content-Type" content="text/html;charset=utf-8" />
  <meta name='ocr-system' content='tesseract 3.04.00' />
  <meta name='ocr-capabilities' content='ocr_page ocr_carea ocr_par ocr_line ocrx_word'/>
</head>
<body>
  <div class='ocr_page' id='page_1' title='image "./opusmajusrogerb02bridgoog/opusmajusrogerb02bridgoog_0527.png"; bbox 0 0 3542 5359; ppageno 0'>
   <div class='ocr_carea' id='block_1_1' title="bbox 428 570 1319 651">
    <p class='ocr_par' dir='ltr' id='par_1_1' title="bbox 428 570 1319 651">
     <span class='ocr_line' id='line_1_1' title="bbox 428 570 1319 651; baseline 0.001 -20"><span class='ocrx_word' id='word_1_1' title='bbox 428 570 489 651; x_wconf 83' lang='lat'>508</span> <span class='ocrx_word' id='word_1_2' title='bbox 700 574 1037 633; x_wconf 84' lang='lat' dir='ltr'><em>MULTIPLICATIO</em></span> <span class='ocrx_word' id='word_1_3' title='bbox 1062 574 1319 635; x_wconf 85' lang='lat' dir='ltr'><em>SPECIERUM.</em></span> 
     </span>
    </p>
   </div>
   <div class='ocr_carea' id='block_1_2' title="bbox 365 730 1634 4361">
    <p class='ocr_par' dir='ltr' id='par_1_2' title="bbox 365 730 1634 4361">
     <span class='ocr_line' id='line_1_2' title="bbox 430 730 1559 821; baseline -0.004 -22"><span class='ocrx_word' id='word_1_4' title='bbox 430 746 467 799; x_wconf 95' lang='lat' dir='ltr'>ut</span> <span class='ocrx_word' id='word_1_5' title='bbox 478 736 630 799; x_wconf 89' lang='lat' dir='ltr'>videmus</span> <span class='ocrx_word' id='word_1_6' title='bbox 642 736 675 799; x_wconf 95' lang='lat' dir='ltr'>in</span> <span class='ocrx_word' id='word_1_7' title='bbox 687 736 834 821; x_wconf 84' lang='lat' dir='ltr'>singulis.</span> <span class='ocrx_word' id='word_1_8' title='bbox 869 738 917 802; x_wconf 92' lang='lat' dir='ltr'>Et</span> <span class='ocrx_word' id='word_1_9' title='bbox 928 738 1024 820; x_wconf 89' lang='lat' dir='ltr'>hujus</span> <span class='ocrx_word' id='word_1_10' title='bbox 1035 759 1136 803; x_wconf 92' lang='lat' dir='ltr'>causa</span> <span class='ocrx_word' id='word_1_11' title='bbox 1146 749 1208 814; x_wconf 89' lang='lat' dir='ltr'>est,</span> <span class='ocrx_word' id='word_1_12' title='bbox 1217 738 1295 821; x_wconf 91' lang='lat' dir='ltr'>quia</span> <span class='ocrx_word' id='word_1_13' title='bbox 1304 730 1559 818; x_wconf 85' lang='lat' dir='ltr'>esseestpropria</span> 
     </span>
     <span class='ocr_line' id='line_1_3' title="bbox 431 836 1560 922; baseline -0.001 -20"><span class='ocrx_word' id='word_1_14' title='bbox 431 841 543 922; x_wconf 86' lang='lat' dir='ltr'>passio</span> <span class='ocrx_word' id='word_1_15' title='bbox 556 840 628 922; x_wconf 90' lang='lat' dir='ltr'>ejus</span> <span class='ocrx_word' id='word_1_16' title='bbox 649 841 743 922; x_wconf 91' lang='lat' dir='ltr'>cujus</span> <span class='ocrx_word' id='word_1_17' title='bbox 762 854 822 919; x_wconf 89' lang='lat' dir='ltr'>est,</span> <span class='ocrx_word' id='word_1_18' title='bbox 837 844 1021 908; x_wconf 91' lang='lat' dir='ltr'>secundum</span> <span class='ocrx_word' id='word_1_19' title='bbox 1044 844 1219 909; x_wconf 89' lang='lat' dir='ltr'>veritatem</span> <span class='ocrx_word' id='word_1_20' title='bbox 1243 854 1277 906; x_wconf 93' lang='lat' dir='ltr'>et</span> <span class='ocrx_word' id='word_1_21' title='bbox 1293 841 1513 917; x_wconf 83' lang='lat' dir='ltr'>Avicennanr,</span> <span class='ocrx_word' id='word_1_22' title='bbox 1524 836 1560 901; x_wconf 81' lang='lat' dir='ltr'>uel</span> 
     </span>
     <span class='ocr_line' id='line_1_4' title="bbox 431 943 1561 1029; baseline -0.003 -23"><span class='ocrx_word' id='word_1_23' title='bbox 431 943 658 1008; x_wconf 91' lang='lat' dir='ltr'>essentialiusl</span> <span class='ocrx_word' id='word_1_24' title='bbox 684 947 867 1010; x_wconf 89' lang='lat' dir='ltr'>secundum</span> <span class='ocrx_word' id='word_1_25' title='bbox 892 947 1076 1011; x_wconf 89' lang='lat' dir='ltr'>Averroem</span> <span class='ocrx_word' id='word_1_26' title='bbox 1106 956 1141 1011; x_wconf 91' lang='lat' dir='ltr'>et</span> <span class='ocrx_word' id='word_1_27' title='bbox 1167 948 1286 1029; x_wconf 86' lang='lat' dir='ltr'>vulgus</span> <span class='ocrx_word' id='word_1_28' title='bbox 1317 964 1465 1028; x_wconf 88' lang='lat' dir='ltr'>sequens</span> <span class='ocrx_word' id='word_1_29' title='bbox 1488 960 1561 1017; x_wconf 87' lang='lat' dir='ltr'>eum;</span> 
     </span>
     <span class='ocr_line' id='line_1_5' title="bbox 432 1048 1563 1133; baseline -0.004 -21"><span class='ocrx_word' id='word_1_30' title='bbox 432 1057 467 1112; x_wconf 94' lang='lat' dir='ltr'>et</span> <span class='ocrx_word' id='word_1_31' title='bbox 490 1048 566 1113; x_wconf 91' lang='lat' dir='ltr'>ideo</span> <span class='ocrx_word' id='word_1_32' title='bbox 588 1050 615 1111; x_wconf 90' lang='lat' dir='ltr'>si</span> <span class='ocrx_word' id='word_1_33' title='bbox 637 1051 780 1114; x_wconf 84' lang='lat' dir='ltr'><strong>essentia</strong></span> <span class='ocrx_word' id='word_1_34' title='bbox 801 1052 855 1114; x_wconf 93' lang='lat' dir='ltr'>cui</span> <span class='ocrx_word' id='word_1_35' title='bbox 877 1053 1021 1115; x_wconf 90' lang='lat' dir='ltr'>debetur</span> <span class='ocrx_word' id='word_1_36' title='bbox 1035 1072 1107 1115; x_wconf 88' lang='lat' dir='ltr'>esse</span> <span class='ocrx_word' id='word_1_37' title='bbox 1129 1060 1180 1114; x_wconf 92' lang='lat' dir='ltr'>est</span> <span class='ocrx_word' id='word_1_38' title='bbox 1199 1049 1396 1133; x_wconf 88' lang='lat' dir='ltr'>corporalis,</span> <span class='ocrx_word' id='word_1_39' title='bbox 1412 1059 1447 1112; x_wconf 92' lang='lat' dir='ltr'>et</span> <span class='ocrx_word' id='word_1_40' title='bbox 1469 1048 1563 1110; x_wconf 85' lang='lat' dir='ltr'>modus</span> 
     </span>
     <span class='ocr_line' id='line_1_6' title="bbox 431 1148 1564 1240; baseline -0.003 -26"><span class='ocrx_word' id='word_1_41' title='bbox 431 1153 596 1217; x_wconf 90' lang='lat' dir='ltr'>existendi</span> <span class='ocrx_word' id='word_1_42' title='bbox 615 1154 676 1217; x_wconf 92' lang='lat' dir='ltr'>erit</span> <span class='ocrx_word' id='word_1_43' title='bbox 693 1155 896 1237; x_wconf 86' lang='lat' dir='ltr'>corporalis3</span> <span class='ocrx_word' id='word_1_44' title='bbox 921 1156 1098 1240; x_wconf 85' lang='lat' dir='ltr'>praecipue</span> <span class='ocrx_word' id='word_1_45' title='bbox 1119 1175 1195 1219; x_wconf 92' lang='lat' dir='ltr'>cum</span> <span class='ocrx_word' id='word_1_46' title='bbox 1215 1155 1302 1218; x_wconf 92' lang='lat' dir='ltr'>istud</span> <span class='ocrx_word' id='word_1_47' title='bbox 1322 1175 1401 1218; x_wconf 90' lang='lat' dir='ltr'>esse</span> <span class='ocrx_word' id='word_1_48' title='bbox 1420 1148 1564 1215; x_wconf 80' lang='lat' dir='ltr'>habeatiu</span> 
     </span>
     <span class='ocr_line' id='line_1_7' title="bbox 432 1257 1566 1344; baseline -0.002 -27"><span class='ocrx_word' id='word_1_49' title='bbox 432 1276 468 1319; x_wconf 89' lang='lat' dir='ltr'>re</span> <span class='ocrx_word' id='word_1_50' title='bbox 493 1257 656 1339; x_wconf 92' lang='lat' dir='ltr'>corporali</span> <span class='ocrx_word' id='word_1_51' title='bbox 679 1268 713 1321; x_wconf 90' lang='lat' dir='ltr'>et</span> <span class='ocrx_word' id='word_1_52' title='bbox 736 1261 919 1324; x_wconf 89' lang='lat' dir='ltr'>secundum</span> <span class='ocrx_word' id='word_1_53' title='bbox 944 1260 1016 1341; x_wconf 87' lang='lat' dir='ltr'>ejus</span> <span class='ocrx_word' id='word_1_54' title='bbox 1039 1260 1286 1344; x_wconf 83' lang='lat' dir='ltr'>proprietatem.</span> <span class='ocrx_word' id='word_1_55' title='bbox 1334 1258 1395 1321; x_wconf 87' lang='lat' dir='ltr'>Ex</span> <span class='ocrx_word' id='word_1_56' title='bbox 1423 1278 1488 1339; x_wconf 93' lang='lat' dir='ltr'>quo</span> <span class='ocrx_word' id='word_1_57' title='bbox 1507 1273 1566 1317; x_wconf 89' lang='lat' dir='ltr'>con·</span> 
     </span>
     <span class='ocr_line' id='line_1_8' title="bbox 432 1357 1568 1445; baseline -0.005 -22"><span class='ocrx_word' id='word_1_58' title='bbox 432 1360 532 1440; x_wconf 87' lang='lat' dir='ltr'>tingit</span> <span class='ocrx_word' id='word_1_59' title='bbox 562 1361 681 1424; x_wconf 91' lang='lat' dir='ltr'>iterum</span> <span class='ocrx_word' id='word_1_60' title='bbox 708 1382 852 1445; x_wconf 82' lang='lat' dir='ltr'>arguere,</span> <span class='ocrx_word' id='word_1_61' title='bbox 874 1365 966 1445; x_wconf 92' lang='lat' dir='ltr'>quod</span> <span class='ocrx_word' id='word_1_62' title='bbox 992 1384 1091 1427; x_wconf 90' lang='lat' dir='ltr'>omne</span> <span class='ocrx_word' id='word_1_63' title='bbox 1121 1364 1212 1444; x_wconf 91' lang='lat' dir='ltr'>quod</span> <span class='ocrx_word' id='word_1_64' title='bbox 1237 1362 1408 1444; x_wconf 90' lang='lat' dir='ltr'>recipitur,</span> <span class='ocrx_word' id='word_1_65' title='bbox 1437 1357 1568 1441; x_wconf 86' lang='lat' dir='ltr'>recipitur</span> 
     </span>
     <span class='ocr_line' id='line_1_9' title="bbox 433 1461 1569 1548; baseline -0.003 -23"><span class='ocrx_word' id='word_1_66' title='bbox 433 1482 494 1544; x_wconf 92' lang='lat' dir='ltr'>per</span> <span class='ocrx_word' id='word_1_67' title='bbox 514 1465 652 1527; x_wconf 90' lang='lat' dir='ltr'>modum</span> <span class='ocrx_word' id='word_1_68' title='bbox 673 1466 870 1548; x_wconf 87' lang='lat' dir='ltr'>recipientis,</span> <span class='ocrx_word' id='word_1_69' title='bbox 891 1475 928 1530; x_wconf 94' lang='lat' dir='ltr'>ut</span> <span class='ocrx_word' id='word_1_70' title='bbox 948 1487 1063 1531; x_wconf 91' lang='lat' dir='ltr'>omnes</span> <span class='ocrx_word' id='word_1_71' title='bbox 1085 1468 1281 1542; x_wconf 86' lang='lat' dir='ltr'>concedunt,</span> <span class='ocrx_word' id='word_1_72' title='bbox 1302 1476 1337 1529; x_wconf 90' lang='lat' dir='ltr'>et</span> <span class='ocrx_word' id='word_1_73' title='bbox 1363 1461 1569 1546; x_wconf 87' lang='lat' dir='ltr'>multipliciter</span> 
     </span>
     <span class='ocr_line' id='line_1_10' title="bbox 434 1565 1570 1653; baseline -0.004 -23"><span class='ocrx_word' id='word_1_74' title='bbox 434 1569 516 1631; x_wconf 92' lang='lat' dir='ltr'>dicit</span> <span class='ocrx_word' id='word_1_75' title='bbox 538 1570 716 1634; x_wconf 85' lang='lat' dir='ltr'>auctoritas</span> <span class='ocrx_word' id='word_1_76' title='bbox 740 1571 838 1653; x_wconf 92' lang='lat' dir='ltr'>primi</span> <span class='ocrx_word' id='word_1_77' title='bbox 862 1571 938 1635; x_wconf 92' lang='lat' dir='ltr'>libri</span> <span class='ocrx_word' id='word_1_78' title='bbox 954 1573 997 1634; x_wconf 91' lang='lat' dir='ltr'>de</span> <span class='ocrx_word' id='word_1_79' title='bbox 1024 1570 1154 1649; x_wconf 87' lang='lat' dir='ltr'>Causis,</span> <span class='ocrx_word' id='word_1_80' title='bbox 1176 1582 1211 1635; x_wconf 91' lang='lat' dir='ltr'>et</span> <span class='ocrx_word' id='word_1_81' title='bbox 1237 1570 1380 1634; x_wconf 90' lang='lat' dir='ltr'>Boetius</span> <span class='ocrx_word' id='word_1_82' title='bbox 1408 1565 1570 1653; x_wconf 87' lang='lat' dir='ltr'>quintode</span> 
     </span>
     <span class='ocr_line' id='line_1_11' title="bbox 436 1670 1571 1759; baseline -0.004 -24"><span class='ocrx_word' id='word_1_83' title='bbox 436 1670 669 1736; x_wconf 88' lang='lat' dir='ltr'>Consolatione</span> <span class='ocrx_word' id='word_1_84' title='bbox 685 1684 719 1738; x_wconf 92' lang='lat' dir='ltr'>et</span> <span class='ocrx_word' id='word_1_85' title='bbox 734 1675 823 1738; x_wconf 89' lang='lat' dir='ltr'>alibi.</span> <span class='ocrx_word' id='word_1_86' title='bbox 862 1673 949 1739; x_wconf 93' lang='lat' dir='ltr'>Cum</span> <span class='ocrx_word' id='word_1_87' title='bbox 966 1676 1065 1759; x_wconf 86' lang='lat' dir='ltr'>igitur</span> <span class='ocrx_word' id='word_1_88' title='bbox 1080 1676 1226 1739; x_wconf 88' lang='lat' dir='ltr'>medium</span> <span class='ocrx_word' id='word_1_89' title='bbox 1242 1674 1421 1756; x_wconf 91' lang='lat' dir='ltr'>corporale</span> <span class='ocrx_word' id='word_1_90' title='bbox 1436 1670 1571 1753; x_wconf 80' lang='lat' dir='ltr'>recipiens</span> 
     </span>
     <span class='ocr_line' id='line_1_12' title="bbox 436 1777 1572 1863; baseline 0.002 -26"><span class='ocrx_word' id='word_1_91' title='bbox 436 1777 580 1858; x_wconf 92' lang='lat' dir='ltr'>speciem</span> <span class='ocrx_word' id='word_1_92' title='bbox 603 1779 646 1840; x_wconf 92' lang='lat' dir='ltr'>de</span> <span class='ocrx_word' id='word_1_93' title='bbox 670 1779 764 1861; x_wconf 87' lang='lat' dir='ltr'>cujus</span> <span class='ocrx_word' id='word_1_94' title='bbox 788 1781 941 1861; x_wconf 88' lang='lat' dir='ltr'>potentia</span> <span class='ocrx_word' id='word_1_95' title='bbox 965 1782 1125 1859; x_wconf 86' lang='lat' dir='ltr'>educitur,</span> <span class='ocrx_word' id='word_1_96' title='bbox 1148 1789 1186 1843; x_wconf 93' lang='lat' dir='ltr'>ut</span> <span class='ocrx_word' id='word_1_97' title='bbox 1209 1780 1300 1863; x_wconf 91' lang='lat' dir='ltr'>prius</span> <span class='ocrx_word' id='word_1_98' title='bbox 1326 1780 1507 1863; x_wconf 89' lang='lat' dir='ltr'>probatum</span> <span class='ocrx_word' id='word_1_99' title='bbox 1527 1782 1572 1847; x_wconf 74' lang='lat' dir='ltr'>est,</span> 
     </span>
     <span class='ocr_line' id='line_1_13' title="bbox 436 1880 1572 1967; baseline -0.003 -25"><span class='ocrx_word' id='word_1_100' title='bbox 436 1880 539 1943; x_wconf 91' lang='lat' dir='ltr'>habet</span> <span class='ocrx_word' id='word_1_101' title='bbox 553 1901 625 1945; x_wconf 91' lang='lat' dir='ltr'>esse</span> <span class='ocrx_word' id='word_1_102' title='bbox 644 1885 776 1964; x_wconf 89' lang='lat' dir='ltr'>penitus</span> <span class='ocrx_word' id='word_1_103' title='bbox 792 1884 975 1967; x_wconf 88' lang='lat' dir='ltr'>corporale,</span> <span class='ocrx_word' id='word_1_104' title='bbox 991 1905 1058 1949; x_wconf 91' lang='lat' dir='ltr'>non</span> <span class='ocrx_word' id='word_1_105' title='bbox 1081 1886 1201 1967; x_wconf 93' lang='lat' dir='ltr'>poterit</span> <span class='ocrx_word' id='word_1_106' title='bbox 1217 1884 1298 1948; x_wconf 89' lang='lat' dir='ltr'>haec</span> <span class='ocrx_word' id='word_1_107' title='bbox 1315 1884 1448 1967; x_wconf 88' lang='lat' dir='ltr'>species</span> <span class='ocrx_word' id='word_1_108' title='bbox 1472 1880 1572 1945; x_wconf 86' lang='lat' dir='ltr'>babere</span> 
     </span>
     <span class='ocr_line' id='line_1_14' title="bbox 437 1981 1574 2071; baseline -0.001 -24"><span class='ocrx_word' id='word_1_109' title='bbox 437 1985 499 2047; x_wconf 92' lang='lat' dir='ltr'>nisi</span> <span class='ocrx_word' id='word_1_110' title='bbox 526 2005 598 2049; x_wconf 90' lang='lat' dir='ltr'>esse</span> <span class='ocrx_word' id='word_1_111' title='bbox 627 1989 806 2068; x_wconf 85' lang='lat' dir='ltr'>corporale</span> <span class='ocrx_word' id='word_1_112' title='bbox 866 1989 951 2053; x_wconf 88' lang='lat' dir='ltr'>Item</span> <span class='ocrx_word' id='word_1_113' title='bbox 978 1989 1121 2053; x_wconf 85' lang='lat' dir='ltr'>essentia</span> <span class='ocrx_word' id='word_1_114' title='bbox 1148 1989 1288 2053; x_wconf 92' lang='lat' dir='ltr'>nobilior</span> <span class='ocrx_word' id='word_1_115' title='bbox 1312 1998 1364 2051; x_wconf 91' lang='lat' dir='ltr'>est</span> <span class='ocrx_word' id='word_1_116' title='bbox 1397 2006 1496 2071; x_wconf 91' lang='lat' dir='ltr'>quam</span> <span class='ocrx_word' id='word_1_117' title='bbox 1519 1981 1574 2062; x_wconf 82' lang='lat' dir='ltr'>eju</span> 
     </span>
     <span class='ocr_line' id='line_1_15' title="bbox 437 2086 1575 2183; baseline -0.006 -31"><span class='ocrx_word' id='word_1_118' title='bbox 437 2090 565 2152; x_wconf 89' lang='lat' dir='ltr'>essendi</span> <span class='ocrx_word' id='word_1_119' title='bbox 596 2092 725 2169; x_wconf 90' lang='lat' dir='ltr'>modus,</span> <span class='ocrx_word' id='word_1_120' title='bbox 752 2101 789 2155; x_wconf 90' lang='lat' dir='ltr'>ut</span> <span class='ocrx_word' id='word_1_121' title='bbox 821 2106 953 2183; x_wconf 38' lang='lat' dir='ltr'>certum·</span> <span class='ocrx_word' id='word_1_122' title='bbox 977 2106 1049 2171; x_wconf 89' lang='lat' dir='ltr'>est;</span> <span class='ocrx_word' id='word_1_123' title='bbox 1082 2094 1140 2156; x_wconf 90' lang='lat' dir='ltr'>sed</span> <span class='ocrx_word' id='word_1_124' title='bbox 1175 2092 1345 2174; x_wconf 85' lang='lat' dir='ltr'>spirituale</span> <span class='ocrx_word' id='word_1_125' title='bbox 1373 2102 1429 2156; x_wconf 85' lang='lat' dir='ltr'>est</span> <span class='ocrx_word' id='word_1_126' title='bbox 1453 2086 1575 2153; x_wconf 87' lang='lat' dir='ltr'>nobilius</span> 
     </span>
     <span class='ocr_line' id='line_1_16' title="bbox 438 2193 1576 2278; baseline -0.005 -23"><span class='ocrx_word' id='word_1_127' title='bbox 438 2193 609 2275; x_wconf 89' lang='lat' dir='ltr'>corporali,</span> <span class='ocrx_word' id='word_1_128' title='bbox 624 2214 727 2275; x_wconf 90' lang='lat' dir='ltr'>quare</span> <span class='ocrx_word' id='word_1_129' title='bbox 742 2195 861 2259; x_wconf 91' lang='lat' dir='ltr'>modus</span> <span class='ocrx_word' id='word_1_130' title='bbox 881 2198 1013 2260; x_wconf 87' lang='lat' dir='ltr'>essendi</span> <span class='ocrx_word' id='word_1_131' title='bbox 1028 2196 1206 2278; x_wconf 89' lang='lat' dir='ltr'>spiritualis</span> <span class='ocrx_word' id='word_1_132' title='bbox 1221 2216 1288 2259; x_wconf 90' lang='lat' dir='ltr'>non</span> <span class='ocrx_word' id='word_1_133' title='bbox 1303 2196 1450 2259; x_wconf 88' lang='lat' dir='ltr'>debetur</span> <span class='ocrx_word' id='word_1_134' title='bbox 1465 2193 1507 2255; x_wconf 89' lang='lat' dir='ltr'>rei</span> <span class='ocrx_word' id='word_1_135' title='bbox 1520 2206 1576 2252; x_wconf 88' lang='lat' dir='ltr'>cor·</span> 
     </span>
     <span class='ocr_line' id='line_1_17' title="bbox 438 2288 1629 2383; baseline -0.001 -25"><span class='ocrx_word' id='word_1_136' title='bbox 438 2298 543 2379; x_wconf 92' lang='lat' dir='ltr'>porali</span> <span class='ocrx_word' id='word_1_137' title='bbox 566 2299 746 2361; x_wconf 91' lang='lat' dir='ltr'>secundum</span> <span class='ocrx_word' id='word_1_138' title='bbox 769 2302 957 2365; x_wconf 88' lang='lat' dir='ltr'>essentiam.</span> <span class='ocrx_word' id='word_1_139' title='bbox 996 2300 1081 2363; x_wconf 89' lang='lat' dir='ltr'>Item</span> <span class='ocrx_word' id='word_1_140' title='bbox 1104 2300 1237 2383; x_wconf 88' lang='lat' dir='ltr'>spiritus</span> <span class='ocrx_word' id='word_1_141' title='bbox 1260 2299 1413 2363; x_wconf 86' lang='lat' dir='ltr'>existens</span> <span class='ocrx_word' id='word_1_142' title='bbox 1438 2298 1471 2360; x_wconf 93' lang='lat' dir='ltr'>in</span> <span class='ocrx_word' id='word_1_143' title='bbox 1492 2288 1577 2357; x_wconf 82' lang='lat' dir='ltr'>sevel</span> <span class='ocrx_word' id='word_1_144' title='bbox 1628 2320 1629 2323; x_wconf 41' lang='lat'>¹</span> 
     </span>
     <span class='ocr_line' id='line_1_18' title="bbox 439 2402 1578 2487; baseline -0.002 -24"><span class='ocrx_word' id='word_1_145' title='bbox 439 2402 474 2463; x_wconf 91' lang='lat' dir='ltr'>in</span> <span class='ocrx_word' id='word_1_146' title='bbox 493 2422 528 2465; x_wconf 92' lang='lat' dir='ltr'>re</span> <span class='ocrx_word' id='word_1_147' title='bbox 542 2402 712 2485; x_wconf 89' lang='lat' dir='ltr'>spirituali,</span> <span class='ocrx_word' id='word_1_148' title='bbox 727 2405 753 2466; x_wconf 91' lang='lat' dir='ltr'>si</span> <span class='ocrx_word' id='word_1_149' title='bbox 773 2416 916 2487; x_wconf 93' lang='lat' dir='ltr'>ponatur</span> <span class='ocrx_word' id='word_1_150' title='bbox 939 2404 1110 2469; x_wconf 87' lang='lat' dir='ltr'>absolutus</span> <span class='ocrx_word' id='word_1_151' title='bbox 1126 2426 1147 2468; x_wconf 95' lang='lat' dir='ltr'>a</span> <span class='ocrx_word' id='word_1_152' title='bbox 1169 2424 1317 2486; x_wconf 93' lang='lat' dir='ltr'>corpore,</span> <span class='ocrx_word' id='word_1_153' title='bbox 1334 2415 1373 2467; x_wconf 94' lang='lat' dir='ltr'>ut</span> <span class='ocrx_word' id='word_1_154' title='bbox 1388 2404 1510 2476; x_wconf 86' lang='lat' dir='ltr'>anima,</span> <span class='ocrx_word' id='word_1_155' title='bbox 1526 2414 1578 2461; x_wconf 84' lang='lat' dir='ltr'>non</span> 
     </span>
     <span class='ocr_line' id='line_1_19' title="bbox 439 2499 1579 2592; baseline 0.004 -23"><span class='ocrx_word' id='word_1_156' title='bbox 439 2507 564 2569; x_wconf 91' lang='lat' dir='ltr'>amittit</span> <span class='ocrx_word' id='word_1_157' title='bbox 593 2506 720 2588; x_wconf 90' lang='lat' dir='ltr'>aliquid</span> <span class='ocrx_word' id='word_1_158' title='bbox 756 2509 799 2571; x_wconf 89' lang='lat' dir='ltr'>de</span> <span class='ocrx_word' id='word_1_159' title='bbox 834 2509 999 2592; x_wconf 85' lang='lat' dir='ltr'>dignitate</span> <span class='ocrx_word' id='word_1_160' title='bbox 1031 2509 1081 2573; x_wconf 91' lang='lat' dir='ltr'>sui</span> <span class='ocrx_word' id='word_1_161' title='bbox 1120 2508 1210 2572; x_wconf 92' lang='lat' dir='ltr'>modi</span> <span class='ocrx_word' id='word_1_162' title='bbox 1243 2508 1377 2572; x_wconf 89' lang='lat' dir='ltr'>essendi</span> <span class='ocrx_word' id='word_1_163' title='bbox 1408 2499 1579 2589; x_wconf 79' lang='lat' dir='ltr'>spiritualis</span> 
     </span>
     <span class='ocr_line' id='line_1_20' title="bbox 440 2603 1580 2696; baseline -0.004 -23"><span class='ocrx_word' id='word_1_164' title='bbox 440 2630 527 2693; x_wconf 91' lang='lat' dir='ltr'>quae</span> <span class='ocrx_word' id='word_1_165' title='bbox 549 2630 630 2674; x_wconf 90' lang='lat' dir='ltr'>suae</span> <span class='ocrx_word' id='word_1_166' title='bbox 652 2612 814 2675; x_wconf 89' lang='lat' dir='ltr'>essentiae</span> <span class='ocrx_word' id='word_1_167' title='bbox 840 2611 1097 2696; x_wconf 91' lang='lat' dir='ltr'>proportionalis</span> <span class='ocrx_word' id='word_1_168' title='bbox 1120 2622 1193 2690; x_wconf 91' lang='lat' dir='ltr'>est;</span> <span class='ocrx_word' id='word_1_169' title='bbox 1223 2632 1304 2693; x_wconf 88' lang='lat' dir='ltr'>ergo</span> <span class='ocrx_word' id='word_1_170' title='bbox 1328 2630 1390 2677; x_wconf 92' lang='lat' dir='ltr'>nec</span> <span class='ocrx_word' id='word_1_171' title='bbox 1417 2603 1580 2692; x_wconf 86' lang='lat' dir='ltr'>corporalis</span> 
     </span>
     <span class='ocr_line' id='line_1_21' title="bbox 440 2706 1634 2799; baseline 0.002 -20"><span class='ocrx_word' id='word_1_172' title='bbox 440 2716 580 2779; x_wconf 89' lang='lat' dir='ltr'>essentia</span> <span class='ocrx_word' id='word_1_173' title='bbox 602 2715 749 2779; x_wconf 84' lang='lat' dir='ltr'>existens</span> <span class='ocrx_word' id='word_1_174' title='bbox 770 2717 803 2778; x_wconf 94' lang='lat' dir='ltr'>in</span> <span class='ocrx_word' id='word_1_175' title='bbox 825 2737 963 2799; x_wconf 90' lang='lat' dir='ltr'>corpore</span> <span class='ocrx_word' id='word_1_176' title='bbox 977 2718 1103 2782; x_wconf 90' lang='lat' dir='ltr'>amittit</span> <span class='ocrx_word' id='word_1_177' title='bbox 1125 2717 1249 2798; x_wconf 89' lang='lat' dir='ltr'>aliquid</span> <span class='ocrx_word' id='word_1_178' title='bbox 1266 2717 1310 2779; x_wconf 87' lang='lat' dir='ltr'>de</span> <span class='ocrx_word' id='word_1_179' title='bbox 1332 2735 1408 2779; x_wconf 74' lang='lat' dir='ltr'>esse</span> <span class='ocrx_word' id='word_1_180' title='bbox 1425 2706 1581 2797; x_wconf 67' lang='lat' dir='ltr'>corporali,</span> <span class='ocrx_word' id='word_1_181' title='bbox 1633 2766 1634 2773; x_wconf 53' lang='lat'>.</span> 
     </span>
     <span class='ocr_line' id='line_1_22' title="bbox 440 2813 1583 2902; baseline -0.001 -19"><span class='ocrx_word' id='word_1_182' title='bbox 440 2821 532 2902; x_wconf 94' lang='lat' dir='ltr'>quod</span> <span class='ocrx_word' id='word_1_183' title='bbox 559 2820 827 2902; x_wconf 91' lang='lat' dir='ltr'>proportionatur</span> <span class='ocrx_word' id='word_1_184' title='bbox 851 2842 933 2886; x_wconf 92' lang='lat' dir='ltr'>suae</span> <span class='ocrx_word' id='word_1_185' title='bbox 958 2822 1128 2886; x_wconf 88' lang='lat' dir='ltr'>essentiae.</span> <span class='ocrx_word' id='word_1_186' title='bbox 1176 2821 1221 2883; x_wconf 89' lang='lat' dir='ltr'>Et</span> <span class='ocrx_word' id='word_1_187' title='bbox 1249 2821 1381 2898; x_wconf 90' lang='lat' dir='ltr'>iterum,</span> <span class='ocrx_word' id='word_1_188' title='bbox 1404 2819 1496 2902; x_wconf 94' lang='lat' dir='ltr'>quod</span> <span class='ocrx_word' id='word_1_189' title='bbox 1522 2813 1583 2897; x_wconf 75' lang='lat' dir='ltr'>plus</span> 
     </span>
     <span class='ocr_line' id='line_1_23' title="bbox 365 2922 1583 3010; baseline -0.003 -22"><span class='ocrx_word' id='word_1_190' title='bbox 365 2986 372 3003; x_wconf 72' lang='grc'><strong>,</strong></span> <span class='ocrx_word' id='word_1_191' title='bbox 442 2933 501 3000; x_wconf 86' lang='lat' dir='ltr'>est,</span> <span class='ocrx_word' id='word_1_192' title='bbox 516 2925 647 3008; x_wconf 87' lang='lat' dir='ltr'>spiritus</span> <span class='ocrx_word' id='word_1_193' title='bbox 668 2925 701 2989; x_wconf 89' lang='lat' dir='ltr'>in</span> <span class='ocrx_word' id='word_1_194' title='bbox 719 2946 857 3008; x_wconf 89' lang='lat' dir='ltr'>corpore</span> <span class='ocrx_word' id='word_1_195' title='bbox 871 2927 1077 3009; x_wconf 88' lang='lat' dir='ltr'>conjunctus,</span> <span class='ocrx_word' id='word_1_196' title='bbox 1092 2926 1178 2990; x_wconf 90' lang='lat' dir='ltr'>sicut</span> <span class='ocrx_word' id='word_1_197' title='bbox 1197 2924 1302 2989; x_wconf 89' lang='lat' dir='ltr'>forma</span> <span class='ocrx_word' id='word_1_198' title='bbox 1320 2934 1355 2989; x_wconf 90' lang='lat' dir='ltr'>et</span> <span class='ocrx_word' id='word_1_199' title='bbox 1373 2922 1541 3010; x_wconf 82' lang='lat' dir='ltr'>perfectio,</span> <span class='ocrx_word' id='word_1_200' title='bbox 1554 2924 1583 2979; x_wconf 83' lang='lat' dir='ltr'>ut</span> 
     </span>
     <span class='ocr_line' id='line_1_24' title="bbox 442 3024 1584 3112; baseline -0.007 -19"><span class='ocrx_word' id='word_1_201' title='bbox 442 3029 554 3094; x_wconf 90' lang='lat' dir='ltr'>anima</span> <span class='ocrx_word' id='word_1_202' title='bbox 571 3030 749 3108; x_wconf 86' lang='lat' dir='ltr'>rationalis,</span> <span class='ocrx_word' id='word_1_203' title='bbox 765 3051 831 3093; x_wconf 93' lang='lat' dir='ltr'>non</span> <span class='ocrx_word' id='word_1_204' title='bbox 851 3032 979 3095; x_wconf 90' lang='lat' dir='ltr'>amittit</span> <span class='ocrx_word' id='word_1_205' title='bbox 998 3051 1094 3095; x_wconf 84' lang='lat' dir='ltr'>suum</span> <span class='ocrx_word' id='word_1_206' title='bbox 1109 3050 1182 3093; x_wconf 90' lang='lat' dir='ltr'>esse</span> <span class='ocrx_word' id='word_1_207' title='bbox 1200 3028 1371 3112; x_wconf 89' lang='lat' dir='ltr'>spirituale</span> <span class='ocrx_word' id='word_1_208' title='bbox 1386 3028 1481 3111; x_wconf 92' lang='lat' dir='ltr'>quod</span> <span class='ocrx_word' id='word_1_209' title='bbox 1498 3024 1584 3089; x_wconf 89' lang='lat' dir='ltr'>debe·</span> 
     </span>
     <span class='ocr_line' id='line_1_25' title="bbox 444 3128 1586 3217; baseline -0.004 -23"><span class='ocrx_word' id='word_1_210' title='bbox 444 3142 499 3195; x_wconf 92' lang='lat' dir='ltr'>tur</span> <span class='ocrx_word' id='word_1_211' title='bbox 521 3154 601 3197; x_wconf 91' lang='lat' dir='ltr'>suae</span> <span class='ocrx_word' id='word_1_212' title='bbox 615 3135 788 3213; x_wconf 88' lang='lat' dir='ltr'>essentiae,</span> <span class='ocrx_word' id='word_1_213' title='bbox 804 3136 906 3198; x_wconf 91' lang='lat' dir='ltr'>immo</span> <span class='ocrx_word' id='word_1_214' title='bbox 922 3136 1029 3217; x_wconf 85' lang='lat' dir='ltr'>magis</span> <span class='ocrx_word' id='word_1_215' title='bbox 1046 3134 1133 3198; x_wconf 92' lang='lat' dir='ltr'>istud</span> <span class='ocrx_word' id='word_1_216' title='bbox 1150 3154 1222 3197; x_wconf 91' lang='lat' dir='ltr'>esse</span> <span class='ocrx_word' id='word_1_217' title='bbox 1244 3132 1417 3216; x_wconf 86' lang='lat' dir='ltr'>spirituale</span> <span class='ocrx_word' id='word_1_218' title='bbox 1434 3128 1586 3195; x_wconf 82' lang='lat' dir='ltr'>redundat</span> 
     </span>
     <span class='ocr_line' id='line_1_26' title="bbox 443 3234 1586 3320; baseline 0 -22"><span class='ocrx_word' id='word_1_219' title='bbox 443 3237 477 3299; x_wconf 92' lang='lat' dir='ltr'>in</span> <span class='ocrx_word' id='word_1_220' title='bbox 492 3256 612 3319; x_wconf 89' lang='lat' dir='ltr'>corpus</span> <span class='ocrx_word' id='word_1_221' title='bbox 627 3259 728 3320; x_wconf 88' lang='lat' dir='ltr'>quam</span> <span class='ocrx_word' id='word_1_222' title='bbox 743 3260 763 3303; x_wconf 94' lang='lat' dir='ltr'>e</span> <span class='ocrx_word' id='word_1_223' title='bbox 781 3241 966 3317; x_wconf 84' lang='lat' dir='ltr'>contrari03</span> <span class='ocrx_word' id='word_1_224' title='bbox 988 3251 1024 3305; x_wconf 92' lang='lat' dir='ltr'>et</span> <span class='ocrx_word' id='word_1_225' title='bbox 1038 3239 1076 3303; x_wconf 86' lang='lat' dir='ltr'>fit</span> <span class='ocrx_word' id='word_1_226' title='bbox 1094 3238 1195 3302; x_wconf 93' lang='lat' dir='ltr'>homo</span> <span class='ocrx_word' id='word_1_227' title='bbox 1210 3237 1304 3319; x_wconf 91' lang='lat' dir='ltr'>quasi</span> <span class='ocrx_word' id='word_1_228' title='bbox 1323 3246 1416 3301; x_wconf 90' lang='lat' dir='ltr'>totus</span> <span class='ocrx_word' id='word_1_229' title='bbox 1435 3234 1586 3319; x_wconf 84' lang='lat' dir='ltr'>quodam·</span> 
     </span>
     <span class='ocr_line' id='line_1_27' title="bbox 445 3340 1586 3427; baseline -0.005 -25"><span class='ocrx_word' id='word_1_230' title='bbox 445 3340 547 3402; x_wconf 90' lang='lat' dir='ltr'>modo</span> <span class='ocrx_word' id='word_1_231' title='bbox 569 3341 748 3423; x_wconf 89' lang='lat' dir='ltr'>spiritualis</span> <span class='ocrx_word' id='word_1_232' title='bbox 770 3355 906 3427; x_wconf 90' lang='lat' dir='ltr'>propter</span> <span class='ocrx_word' id='word_1_233' title='bbox 929 3343 1135 3409; x_wconf 86' lang='lat' dir='ltr'>nobilitatem</span> <span class='ocrx_word' id='word_1_234' title='bbox 1160 3342 1290 3406; x_wconf 87' lang='lat' dir='ltr'>animae</span> <span class='ocrx_word' id='word_1_235' title='bbox 1312 3340 1505 3424; x_wconf 90' lang='lat' dir='ltr'>spiritualis,</span> <span class='ocrx_word' id='word_1_236' title='bbox 1522 3351 1586 3400; x_wconf 86' lang='lat' dir='ltr'>cum</span> 
     </span>
     <span class='ocr_line' id='line_1_28' title="bbox 446 3443 1587 3530; baseline 0.001 -26"><span class='ocrx_word' id='word_1_237' title='bbox 446 3443 555 3505; x_wconf 89' lang='lat' dir='ltr'>anima</span> <span class='ocrx_word' id='word_1_238' title='bbox 590 3444 633 3508; x_wconf 87' lang='lat' dir='ltr'>sit</span> <span class='ocrx_word' id='word_1_239' title='bbox 669 3446 879 3529; x_wconf 89' lang='lat' dir='ltr'>principalior</span> <span class='ocrx_word' id='word_1_240' title='bbox 911 3468 1010 3530; x_wconf 92' lang='lat' dir='ltr'>quam</span> <span class='ocrx_word' id='word_1_241' title='bbox 1041 3466 1162 3529; x_wconf 90' lang='lat' dir='ltr'>corpus</span> <span class='ocrx_word' id='word_1_242' title='bbox 1196 3444 1292 3528; x_wconf 88' lang='lat' dir='ltr'>quasi</span> <span class='ocrx_word' id='word_1_243' title='bbox 1322 3445 1395 3509; x_wconf 90' lang='lat' dir='ltr'>sine</span> <span class='ocrx_word' id='word_1_244' title='bbox 1424 3457 1587 3525; x_wconf 83' lang='lat' dir='ltr'>compara·</span> 
     </span>
     <span class='ocr_line' id='line_1_29' title="bbox 446 3546 1589 3633; baseline -0.001 -24"><span class='ocrx_word' id='word_1_245' title='bbox 446 3546 546 3610; x_wconf 88' lang='lat' dir='ltr'>tione.</span> <span class='ocrx_word' id='word_1_246' title='bbox 591 3546 805 3633; x_wconf 85' lang='lat' dir='ltr'>Quapropter</span> <span class='ocrx_word' id='word_1_247' title='bbox 826 3552 1005 3633; x_wconf 91' lang='lat' dir='ltr'>corporale,</span> <span class='ocrx_word' id='word_1_248' title='bbox 1021 3571 1095 3615; x_wconf 91' lang='lat' dir='ltr'>cum</span> <span class='ocrx_word' id='word_1_249' title='bbox 1118 3550 1234 3615; x_wconf 85' lang='lat' dir='ltr'>existit</span> <span class='ocrx_word' id='word_1_250' title='bbox 1255 3550 1287 3612; x_wconf 90' lang='lat' dir='ltr'>in</span> <span class='ocrx_word' id='word_1_251' title='bbox 1308 3549 1486 3631; x_wconf 89' lang='lat' dir='ltr'>corporali,</span> <span class='ocrx_word' id='word_1_252' title='bbox 1502 3546 1589 3625; x_wconf 80' lang='lat' dir='ltr'>longe</span> 
     </span>
     <span class='ocr_line' id='line_1_30' title="bbox 445 3645 1590 3737; baseline -0.003 -22"><span class='ocrx_word' id='word_1_253' title='bbox 445 3651 551 3715; x_wconf 89' lang='lat' dir='ltr'>minus</span> <span class='ocrx_word' id='word_1_254' title='bbox 581 3654 705 3717; x_wconf 91' lang='lat' dir='ltr'>amittit</span> <span class='ocrx_word' id='word_1_255' title='bbox 737 3675 810 3718; x_wconf 91' lang='lat' dir='ltr'>esse</span> <span class='ocrx_word' id='word_1_256' title='bbox 839 3656 929 3737; x_wconf 91' lang='lat' dir='ltr'>quod</span> <span class='ocrx_word' id='word_1_257' title='bbox 964 3657 1144 3721; x_wconf 91' lang='lat' dir='ltr'>secundum</span> <span class='ocrx_word' id='word_1_258' title='bbox 1179 3654 1287 3736; x_wconf 88' lang='lat' dir='ltr'>legem</span> <span class='ocrx_word' id='word_1_259' title='bbox 1325 3653 1535 3735; x_wconf 87' lang='lat' dir='ltr'>corporalem</span> <span class='ocrx_word' id='word_1_260' title='bbox 1566 3645 1590 3710; x_wconf 88' lang='lat' dir='ltr'>ei</span> 
     </span>
     <span class='ocr_line' id='line_1_31' title="bbox 445 3756 1592 3841; baseline -0.005 -22"><span class='ocrx_word' id='word_1_261' title='bbox 445 3756 613 3821; x_wconf 91' lang='lat' dir='ltr'>debeatur.</span> <span class='ocrx_word' id='word_1_262' title='bbox 661 3759 747 3823; x_wconf 91' lang='lat' dir='ltr'>Item</span> <span class='ocrx_word' id='word_1_263' title='bbox 779 3780 851 3824; x_wconf 88' lang='lat' dir='ltr'>esse</span> <span class='ocrx_word' id='word_1_264' title='bbox 881 3780 950 3823; x_wconf 92' lang='lat' dir='ltr'>non</span> <span class='ocrx_word' id='word_1_265' title='bbox 979 3758 1081 3825; x_wconf 90' lang='lat' dir='ltr'>habet</span> <span class='ocrx_word' id='word_1_266' title='bbox 1115 3758 1188 3841; x_wconf 91' lang='lat' dir='ltr'>ipsa</span> <span class='ocrx_word' id='word_1_267' title='bbox 1222 3756 1349 3840; x_wconf 87' lang='lat' dir='ltr'>species</span> <span class='ocrx_word' id='word_1_268' title='bbox 1380 3778 1402 3821; x_wconf 93' lang='lat' dir='ltr'>a</span> <span class='ocrx_word' id='word_1_269' title='bbox 1432 3776 1514 3821; x_wconf 89' lang='lat' dir='ltr'>casu</span> <span class='ocrx_word' id='word_1_270' title='bbox 1542 3766 1592 3815; x_wconf 86' lang='lat' dir='ltr'>nec</span> 
     </span>
     <span class='ocr_line' id='line_1_32' title="bbox 445 3859 1593 3946; baseline -0.003 -22"><span class='ocrx_word' id='word_1_271' title='bbox 445 3859 584 3939; x_wconf 84' lang='lat' dir='ltr'>fortuna,</span> <span class='ocrx_word' id='word_1_272' title='bbox 593 3863 652 3927; x_wconf 90' lang='lat' dir='ltr'>sed</span> <span class='ocrx_word' id='word_1_273' title='bbox 669 3884 730 3926; x_wconf 89' lang='lat' dir='ltr'>nec</span> <span class='ocrx_word' id='word_1_274' title='bbox 744 3882 765 3927; x_wconf 92' lang='lat' dir='ltr'>a</span> <span class='ocrx_word' id='word_1_275' title='bbox 779 3863 955 3941; x_wconf 88' lang='lat' dir='ltr'>creatione,</span> <span class='ocrx_word' id='word_1_276' title='bbox 964 3874 1002 3928; x_wconf 92' lang='lat' dir='ltr'>ut</span> <span class='ocrx_word' id='word_1_277' title='bbox 1017 3863 1153 3946; x_wconf 93' lang='lat' dir='ltr'>planum</span> <span class='ocrx_word' id='word_1_278' title='bbox 1170 3871 1229 3939; x_wconf 90' lang='lat' dir='ltr'>est,</span> <span class='ocrx_word' id='word_1_279' title='bbox 1241 3882 1299 3926; x_wconf 90' lang='lat' dir='ltr'>nec</span> <span class='ocrx_word' id='word_1_280' title='bbox 1309 3860 1437 3943; x_wconf 93' lang='lat' dir='ltr'>aliquid</span> <span class='ocrx_word' id='word_1_281' title='bbox 1453 3866 1593 3923; x_wconf 89' lang='lat' dir='ltr'>creatum</span> 
     </span>
     <span class='ocr_line' id='line_1_33' title="bbox 445 3960 1593 4049; baseline -0.001 -21"><span class='ocrx_word' id='word_1_282' title='bbox 445 3976 496 4029; x_wconf 91' lang='lat' dir='ltr'>est</span> <span class='ocrx_word' id='word_1_283' title='bbox 523 3987 621 4032; x_wconf 87' lang='lat' dir='ltr'>causa</span> <span class='ocrx_word' id='word_1_284' title='bbox 642 3968 691 4031; x_wconf 90' lang='lat' dir='ltr'>sui</span> <span class='ocrx_word' id='word_1_285' title='bbox 715 3988 795 4046; x_wconf 90' lang='lat' dir='ltr'>esse,</span> <span class='ocrx_word' id='word_1_286' title='bbox 817 3987 919 4049; x_wconf 88' lang='lat' dir='ltr'>quare</span> <span class='ocrx_word' id='word_1_287' title='bbox 945 3966 1081 4031; x_wconf 88' lang='lat' dir='ltr'>habebit</span> <span class='ocrx_word' id='word_1_288' title='bbox 1102 3986 1175 4030; x_wconf 90' lang='lat' dir='ltr'>esse</span> <span class='ocrx_word' id='word_1_289' title='bbox 1202 3988 1246 4031; x_wconf 92' lang='lat' dir='ltr'>ex</span> <span class='ocrx_word' id='word_1_290' title='bbox 1272 3965 1341 4029; x_wconf 89' lang='lat' dir='ltr'>suis</span> <span class='ocrx_word' id='word_1_291' title='bbox 1366 3965 1486 4029; x_wconf 89' lang='lat' dir='ltr'>causis.</span> <span class='ocrx_word' id='word_1_292' title='bbox 1534 3960 1593 4027; x_wconf 87' lang='lat' dir='ltr'>Sed</span> 
     </span>
     <span class='ocr_line' id='line_1_34' title="bbox 446 4064 1595 4153; baseline -0.005 -21"><span class='ocrx_word' id='word_1_293' title='bbox 446 4089 566 4134; x_wconf 89' lang='lat' dir='ltr'>causae</span> <span class='ocrx_word' id='word_1_294' title='bbox 599 4091 678 4134; x_wconf 87' lang='lat' dir='ltr'>suae</span> <span class='ocrx_word' id='word_1_295' title='bbox 711 4080 788 4136; x_wconf 91' lang='lat' dir='ltr'>sunt</span> <span class='ocrx_word' id='word_1_296' title='bbox 820 4072 958 4135; x_wconf 91' lang='lat' dir='ltr'>omnino</span> <span class='ocrx_word' id='word_1_297' title='bbox 991 4064 1186 4153; x_wconf 88' lang='lat' dir='ltr'>corpo&#39;rales,</span> <span class='ocrx_word' id='word_1_298' title='bbox 1216 4068 1339 4135; x_wconf 88' lang='lat' dir='ltr'>scilicet</span> <span class='ocrx_word' id='word_1_299' title='bbox 1370 4087 1536 4150; x_wconf 85' lang='lat' dir='ltr'>generans</span> <span class='ocrx_word' id='word_1_300' title='bbox 1566 4072 1595 4126; x_wconf 86' lang='lat' dir='ltr'>et</span> 
     </span>
     <span class='ocr_line' id='line_1_35' title="bbox 448 4172 1596 4259; baseline -0.003 -21"><span class='ocrx_word' id='word_1_301' title='bbox 448 4175 586 4239; x_wconf 86' lang='lat' dir='ltr'>materia</span> <span class='ocrx_word' id='word_1_302' title='bbox 619 4176 810 4258; x_wconf 88' lang='lat' dir='ltr'>corporalis,</span> <span class='ocrx_word' id='word_1_303' title='bbox 845 4175 888 4238; x_wconf 90' lang='lat' dir='ltr'>de</span> <span class='ocrx_word' id='word_1_304' title='bbox 925 4173 1019 4256; x_wconf 87' lang='lat' dir='ltr'>cujus</span> <span class='ocrx_word' id='word_1_305' title='bbox 1055 4175 1206 4259; x_wconf 91' lang='lat' dir='ltr'>potentia</span> <span class='ocrx_word' id='word_1_306' title='bbox 1242 4182 1430 4256; x_wconf 85' lang='lat' dir='ltr'>generatur.</span> <span class='ocrx_word' id='word_1_307' title='bbox 1464 4172 1596 4255; x_wconf 20' lang='lat' dir='ltr'>,Quare</span> 
     </span>
     <span class='ocr_line' id='line_1_36' title="bbox 448 4276 1597 4361; baseline -0.003 -19"><span class='ocrx_word' id='word_1_308' title='bbox 448 4286 582 4360; x_wconf 91' lang='lat' dir='ltr'>oportet</span> <span class='ocrx_word' id='word_1_309' title='bbox 606 4280 698 4361; x_wconf 93' lang='lat' dir='ltr'>quod</span> <span class='ocrx_word' id='word_1_310' title='bbox 725 4298 799 4343; x_wconf 90' lang='lat' dir='ltr'>esse</span> <span class='ocrx_word' id='word_1_311' title='bbox 823 4278 946 4360; x_wconf 88' lang='lat' dir='ltr'>speciei</span> <span class='ocrx_word' id='word_1_312' title='bbox 976 4278 1017 4342; x_wconf 91' lang='lat' dir='ltr'>sit</span> <span class='ocrx_word' id='word_1_313' title='bbox 1053 4277 1233 4359; x_wconf 90' lang='lat' dir='ltr'>corporale.</span> <span class='ocrx_word' id='word_1_314' title='bbox 1279 4276 1365 4339; x_wconf 91' lang='lat' dir='ltr'>Item</span> <span class='ocrx_word' id='word_1_315' title='bbox 1395 4296 1470 4340; x_wconf 90' lang='lat' dir='ltr'>esse</span> <span class='ocrx_word' id='word_1_316' title='bbox 1501 4276 1597 4340; x_wconf 86' lang='lat' dir='ltr'>habet</span> 
     </span>
    </p>
   </div>
   <div class='ocr_carea' id='block_1_3' title="bbox 447 4378 1600 4565">
    <p class='ocr_par' dir='ltr' id='par_1_3' title="bbox 447 4378 1600 4565">
     <span class='ocr_line' id='line_1_37' title="bbox 447 4378 1599 4459; baseline -0.005 -13"><span class='ocrx_word' id='word_1_317' title='bbox 447 4383 627 4446; x_wconf 89' lang='lat' dir='ltr'>secundum</span> <span class='ocrx_word' id='word_1_318' title='bbox 663 4382 823 4446; x_wconf 89' lang='lat' dir='ltr'>rationem</span> <span class='ocrx_word' id='word_1_319' title='bbox 856 4382 960 4445; x_wconf 89' lang='lat' dir='ltr'>trinas</span> <span class='ocrx_word' id='word_1_320' title='bbox 992 4382 1223 4459; x_wconf 89' lang='lat' dir='ltr'>dimensiones,</span> <span class='ocrx_word' id='word_1_321' title='bbox 1252 4379 1330 4443; x_wconf 92' lang='lat' dir='ltr'>licet</span> <span class='ocrx_word' id='word_1_322' title='bbox 1361 4378 1555 4445; x_wconf 89' lang='lat' dir='ltr'>indistincte</span> <span class='ocrx_word' id='word_1_323' title='bbox 1581 4396 1599 4440; x_wconf 89' lang='lat' dir='ltr'>a</span> 
     </span>
     <span class='ocr_line' id='line_1_38' title="bbox 449 4479 1600 4565; baseline -0.002 -20"><span class='ocrx_word' id='word_1_324' title='bbox 449 4480 561 4546; x_wconf 88' lang='lat' dir='ltr'>medio</span> <span class='ocrx_word' id='word_1_325' title='bbox 572 4502 580 4559; x_wconf 92' lang='lat'>;</span> <span class='ocrx_word' id='word_1_326' title='bbox 603 4502 683 4565; x_wconf 84' lang='lat' dir='ltr'>ergo</span> <span class='ocrx_word' id='word_1_327' title='bbox 704 4481 806 4545; x_wconf 87' lang='lat' dir='ltr'>habet</span> <span class='ocrx_word' id='word_1_328' title='bbox 824 4500 896 4545; x_wconf 90' lang='lat' dir='ltr'>esse</span> <span class='ocrx_word' id='word_1_329' title='bbox 914 4481 1093 4563; x_wconf 90' lang='lat' dir='ltr'>corporale.</span> <span class='ocrx_word' id='word_1_330' title='bbox 1140 4480 1185 4543; x_wconf 88' lang='lat' dir='ltr'>Et</span> <span class='ocrx_word' id='word_1_331' title='bbox 1205 4481 1239 4543; x_wconf 90' lang='lat' dir='ltr'>in</span> <span class='ocrx_word' id='word_1_332' title='bbox 1260 4479 1349 4542; x_wconf 90' lang='lat' dir='ltr'>idem</span> <span class='ocrx_word' id='word_1_333' title='bbox 1372 4480 1600 4545; x_wconf 85' lang='lat' dir='ltr'>inconveniens</span> 
     </span>
    </p>
   </div>
   <div class='ocr_carea' id='block_1_4' title="bbox 678 4630 1355 4693">
    <p class='ocr_par' dir='ltr' id='par_1_4' title="bbox 678 4630 1355 4693">
     <span class='ocr_line' id='line_1_39' title="bbox 678 4630 1355 4693; baseline 0.003 -13"><span class='ocrx_word' id='word_1_334' title='bbox 678 4632 688 4662; x_wconf 83' lang='lat'><strong>¹</strong></span> <span class='ocrx_word' id='word_1_335' title='bbox 705 4632 738 4683; x_wconf 90' lang='lat'>0.</span> <span class='ocrx_word' id='word_1_336' title='bbox 750 4632 798 4681; x_wconf 79' lang='lat' dir='ltr'>bas</span> <span class='ocrx_word' id='word_1_337' title='bbox 809 4632 1003 4693; x_wconf 79' lang='lat' dir='ltr'>exemplarium.</span> <span class='ocrx_word' id='word_1_338' title='bbox 1036 4632 1092 4681; x_wconf 89' lang='lat' dir='ltr'>Tbe</span> <span class='ocrx_word' id='word_1_339' title='bbox 1104 4640 1159 4683; x_wconf 83' lang='lat' dir='ltr'>text</span> <span class='ocrx_word' id='word_1_340' title='bbox 1171 4632 1274 4682; x_wconf 80' lang='lat' dir='ltr'>follows</span> <span class='ocrx_word' id='word_1_341' title='bbox 1286 4630 1355 4693; x_wconf 75' lang='lat' dir='ltr'>Reg.</span> 
     </span>
    </p>
   </div>
   <div class='ocr_carea' id='block_1_5' title="bbox 0 0 1812 5359">
    <p class='ocr_par' dir='ltr' id='par_1_5' title="bbox 0 0 1812 5359">
     <span class='ocr_line' id='line_1_40' title="bbox 0 0 1812 5359; baseline 0 0"><span class='ocrx_word' id='word_1_342' title='bbox 0 0 1812 5359; x_wconf 95' lang='lat' dir='ltr'> </span> 
     </span>
    </p>
   </div>
  </div>
 </body>
</html>
