3542 5359
173 3345 311 3396 Luminous

173 3410 260 3461 bodies
271 3412 296 3460 in

172 3477 243 3542 rapid
255 3493 309 3527 mo·

172 3544 235 3593 tion.

344 599 403 644 ιω
564 583 720 645 OPERIS
744 583 933 654 MAJORIS
956 584 1072 642 PARS
1097 582 1266 656 QUINTA.

341 767 440 812 causa
463 757 602 832 possunt
623 747 727 811 videri
757 767 816 830 per
844 746 971 830 species
999 766 1076 810 suas
1106 746 1243 811 diffusas
1272 745 1307 808 in
1341 743 1493 808 umbram

342 852 503 935 usquead
520 852 663 916 oculum.
710 851 778 916 Sed
794 862 907 935 partes
922 850 1052 915 orbium
1070 850 1282 924 illuminatae,
1300 860 1335 914 et
1354 850 1494 933 sphaera

342 957 427 1038 ignis
442 967 476 1021 et
492 977 548 1020 aer
563 967 660 1020 extra
675 957 826 1020 umbram
843 967 921 1020 sunt
933 976 1073 1038 corpora
1087 955 1186 1019 nimis
1201 975 1282 1030 rara,
1296 974 1356 1017 nec
1367 954 1494 1018 habent

341 1059 448 1126 lucem
479 1059 581 1123 lixam
613 1060 672 1123 sed
702 1069 939 1136 transeuntem,
962 1069 996 1124 et
1025 1059 1102 1124 ideo
1136 1059 1255 1123 debilis
1285 1057 1343 1121 lux
1372 1067 1433 1132 est,
1460 1067 1494 1121 et

342 1162 484 1228 multum
500 1166 645 1241 distant;
669 1184 713 1226 ex
729 1165 848 1246 quibus
858 1163 966 1228 causis
980 1163 1084 1226 videri
1096 1183 1163 1227 non
1175 1174 1314 1245 possunt
1326 1163 1369 1225 de
1385 1173 1493 1236 nocte,

340 1269 419 1351 quia
438 1268 565 1352 species
585 1270 719 1332 veniens
739 1268 782 1330 ab
802 1268 849 1330 eis
870 1268 903 1330 in
924 1269 1077 1330 umbram
1098 1278 1149 1331 est
1170 1268 1269 1330 nimis
1289 1266 1417 1344 debilis,
1433 1286 1494 1329 nec

342 1381 453 1453 potest
477 1371 609 1435 oculum
635 1373 820 1434 immutare.
868 1370 937 1435 Sed
957 1373 1094 1453 quando
1112 1371 1162 1434 sol
1187 1372 1432 1453 appropinquat
1449 1371 1492 1433 ad

341 1485 462 1553 ortum,
477 1485 510 1538 et
533 1476 596 1538 hoc
619 1485 670 1537 est
692 1475 826 1558 quando
849 1484 901 1539 est
923 1475 956 1537 in
977 1475 1107 1539 decimo
1122 1485 1243 1540 octavo
1257 1475 1362 1558 gradu
1381 1473 1494 1538 circuli

341 1599 422 1644 suae
439 1581 658 1661 depressionis
678 1580 741 1643 sub
763 1579 944 1654 horizonte,
962 1580 1146 1643 secundum
1169 1580 1260 1661 quod
1284 1579 1495 1642 Ptolemaeus

342 1685 440 1747 docet
456 1684 489 1748 in
501 1681 717 1768 Almagestit
727 1694 807 1747 tunc
819 1684 901 1746 radii
917 1682 989 1765 ejus
1001 1683 1125 1747 cadunt
1137 1684 1170 1745 in
1180 1703 1257 1746 aere
1265 1682 1493 1766 propinquiori

342 1788 385 1850 ad
402 1807 472 1865 nos,
488 1797 522 1850 et
537 1788 766 1869 ingrediuntur
781 1788 1008 1850 summitatem
1029 1789 1168 1851 umbrae
1183 1798 1216 1851 et
1237 1788 1340 1851 latera
1363 1786 1444 1868 ejus,
1459 1795 1494 1850 et

342 1891 388 1953 sic
403 1901 513 1975 potest
530 1911 585 1954 aer
601 1891 803 1955 illuminatus
815 1891 1033 1972 propinquior
1048 1889 1156 1954 facere
1166 1891 1310 1972 speciem
1325 1890 1493 1953 fortiorem

342 1995 385 2057 ad
402 1995 544 2072 oculum,
561 2005 594 2058 et
617 1993 732 2077 incipit
753 1995 866 2058 videre
889 2015 974 2072 eum,
990 2003 1023 2057 et
1044 1995 1152 2076 magis
1166 1995 1296 2058 videtur
1310 1995 1492 2059 secundum

342 2099 432 2180 quod
450 2099 665 2182 propinquior
679 2097 869 2162 illustratur.
901 2097 1051 2162 Additur
1061 2108 1173 2161 autem
1190 2098 1233 2161 ad
1249 2097 1335 2160 hanc
1349 2117 1493 2175 causam,

342 2204 432 2284 quod
456 2224 513 2266 aer
536 2203 754 2286 propinquior
776 2212 827 2267 est
853 2204 998 2280 densior,
1021 2213 1056 2267 et
1077 2203 1255 2286 praecipue
1276 2206 1411 2286 quando
1433 2203 1491 2265 lux

340 2306 432 2370 venit
476 2308 519 2371 ad
556 2326 666 2370 aerem
703 2326 912 2389 vaporosum,
948 2307 1042 2388 cujus
1076 2307 1220 2371 altitudo
1257 2310 1405 2371 maxima
1442 2317 1494 2370 est

342 2409 582 2493 quinquaginta
605 2420 640 2473 et
662 2431 764 2474 unum
787 2411 944 2489 milliaria,
964 2422 998 2475 et
1015 2412 1181 2493 quaedam
1204 2421 1315 2493 partes
1338 2409 1494 2490 milliaris,

341 2515 521 2577 secundum
552 2514 644 2595 quod
668 2515 915 2577 demonstratur
945 2515 978 2578 in
1008 2515 1093 2578 libro
1122 2517 1166 2578 de
1196 2513 1424 2598 Crepusculis3
1459 2522 1493 2576 et

342 2627 478 2700 propter
501 2619 702 2682 densitatem
725 2619 811 2681 hanc
834 2620 908 2701 plus
931 2621 1089 2682 retinetur
1110 2619 1153 2682 de
1175 2618 1249 2682 luce
1279 2619 1311 2681 in
1337 2617 1396 2683 tali
1418 2637 1494 2682 aere

342 2723 455 2799 denso,
478 2722 562 2786 sicut
585 2722 619 2785 in
642 2722 755 2800 stellis,
779 2733 813 2787 et
836 2724 913 2787 ideo
935 2723 973 2786 fit
996 2722 1112 2787 fortior
1134 2723 1260 2805 species
1281 2723 1323 2785 ad
1350 2722 1493 2787 oculum.

343 2825 389 2889 Et
407 2825 489 2890 haec
509 2826 604 2891 nobis
623 2830 812 2908 ostendunt,
830 2828 921 2911 quod
945 2849 1064 2891 aurora
1082 2847 1150 2890 non
1168 2827 1205 2890 fit
1225 2847 1284 2909 per
1299 2826 1493 2891 fractionem

340 2929 392 2994 vel
410 2929 623 2995 reflexionem
636 2931 718 2996 lucis
731 2932 764 2995 in
780 2933 876 3011 nube,
893 2933 978 2997 sicut
992 2932 1101 2996 sciunt
1116 2931 1286 3008 instructi;
1307 2932 1366 2995 sed
1383 2930 1421 2994 fit
1437 2951 1495 3013 per

342 3035 486 3115 speciem
512 3035 592 3100 solis
620 3035 866 3112 accidentalem,
889 3056 975 3120 quae
997 3037 1087 3099 venit
1108 3036 1152 3098 ad
1176 3055 1236 3099 nos
1258 3056 1279 3098 a
1300 3036 1401 3099 radiis
1422 3035 1493 3115 ejus

341 3140 588 3202 transeuntibus
599 3139 631 3202 in
642 3160 717 3204 aere
726 3160 890 3221 vaporoso
900 3150 933 3203 et
943 3139 1105 3216 nubiloso,
1117 3140 1201 3203 sicut
1212 3161 1232 3203 a
1242 3140 1335 3203 radio
1346 3140 1425 3204 solis
1434 3159 1494 3222 per

342 3241 520 3305 fenestram
536 3242 676 3306 cadente
690 3243 781 3305 venit
794 3243 921 3326 species
932 3244 1145 3308 accidentalis
1157 3264 1216 3326 per
1225 3254 1332 3308 totam
1344 3245 1492 3308 domum.

387 3345 523 3411 Accidit
539 3347 651 3423 etiam,
663 3349 753 3429 quod
769 3345 829 3410 lux
846 3368 956 3430 parva,
972 3348 1039 3410 sive
1054 3368 1173 3431 corpus
1185 3349 1330 3412 lucidum
1344 3349 1494 3413 modicae

343 3451 548 3534 quantitatis,
578 3460 737 3534 appareat
760 3451 940 3535 aliquando
968 3473 1110 3535 magnae
1140 3453 1342 3516 extensionis
1372 3454 1406 3516 in
1435 3454 1494 3516 ali-

343 3555 464 3639 quibus
479 3564 615 3638 propter
629 3555 818 3620 sensibilem
834 3556 1027 3622 distantiam
1047 3567 1082 3622 et
1105 3567 1216 3622 motus
1234 3557 1438 3622 celeritatem
1459 3560 1494 3622 in

341 3659 445 3724 stellis
461 3659 718 3724 discurrentibus
728 3658 750 3737 ²,
765 3661 851 3726 sicut
866 3662 946 3725 dicit
963 3661 1173 3726 Ptolemaeus
1196 3661 1229 3724 in
1249 3664 1396 3726 secundo
1417 3663 1494 3726 Per·

339 3765 517 3848 spectivae.
550 3765 638 3828 Nam
650 3766 884 3849 impressiones
897 3767 1121 3832 inflammatae
1131 3768 1164 3830 in
1176 3787 1253 3830 aere
1261 3787 1305 3829 ex
1314 3769 1493 3852 vaporibus

340 3869 455 3952 ignitis
485 3869 518 3932 in
547 3869 797 3933 similitudinem
828 3870 1011 3949 stellarum,
1041 3892 1128 3953 quae
1155 3881 1317 3935 vocantur
1345 3872 1493 3937 Arabice

340 3973 479 4038 Assub³
494 3975 675 4038 ascendens
691 3984 725 4038 et
740 3976 955 4054 descendens,
971 3986 1048 4040 sunt
1064 3996 1203 4059 corpora
1218 3995 1340 4059 parvae
1361 3978 1491 4060 quanti·

372 4127 380 4155 ¹
397 4127 460 4177 This
471 4127 546 4176 word
558 4127 581 4176 is
592 4129 715 4192 properly
725 4131 830 4180 written
842 4131 987 4195 al·mijast1;
1004 4132 1050 4180 the
1061 4132 1069 4179 i
1079 4131 1159 4193 being
1169 4130 1239 4193 long,
1252 4132 1455 4193 corresponding
1465 4141 1494 4182 to

339 4206 385 4255 tbe
397 4207 486 4256 Greek
497 4225 512 4268 η
523 4207 550 4256 in
562 4205 676 4270 μεγίστη.
712 4209 742 4258 In
758 4211 792 4260 its
809 4211 883 4260 Latin
900 4211 966 4260 form
982 4211 1002 4259 it
1016 4211 1038 4260 is
1054 4211 1162 4273 usually,
1175 4211 1275 4273 though
1286 4218 1333 4259 not
1344 4211 1492 4275 uniformly,

340 4286 439 4333 treated
451 4301 480 4334 es
491 4286 669 4338 indeclineble.

372 4363 465 4412 ’Ptol
536 4365 558 4416 '.
587 4403 593 4414 .
636 4402 642 4414 .

373 4441 383 4470 ³
399 4442 442 4490 An
455 4364 694 4493 οτὶοοῗίΙῑξᾶιῐ-ὶοηά
706 4444 821 4494 referred
831 4461 873 4495 me
884 4455 912 4495 to
924 4445 945 4494 F
945 4446 1060 4509 reytng's
1070 4445 1164 4496 Arabic
1177 4446 1309 4496 Lexicon:
1323 4445 1397 4509 (ἀῶ,
1410 4449 1493 4499 nubes

341 4520 490 4581 rubicunda,
507 4536 636 4584 apparens
653 4523 679 4570 in
698 4538 791 4584 magne
808 4525 923 4574 siccitate
940 4526 1019 4575 anni!
1051 4525 1102 4575 But
1120 4525 1255 4575 Professor
1271 4526 1348 4588 Rieu,
1366 4529 1428 4577 who
1444 4529 1493 4578 bas

341 4597 433 4660 lrindly
450 4600 586 4648 examined
606 4601 658 4649 tbis
676 4615 786 4663 passage
803 4601 843 4650 for
859 4618 902 4651 me
918 4602 941 4652 is
959 4603 1055 4667 clearly
1072 4604 1103 4652 of
1116 4605 1222 4667 opinion
1239 4605 1296 4655 that
1312 4606 1357 4656 the
1373 4609 1449 4655 word
1465 4608 1492 4656 in
