3542 5359
683 618 805 700 328
1110 622 1421 681 OPERIS
1469 620 1848 690 MAJORIS
1894 619 2123 679 PARS
2173 618 2570 678 SEPTIMA.

687 784 1115 849 avertendam
1148 786 1359 847 aciem
1392 804 1523 847 non
1556 785 1836 866 probam
1856 781 1902 844 ¹.
1937 830 1951 844 .
1980 829 1994 844 .
2024 831 2037 843 .
2071 782 2246 846 Tum
2280 791 2353 844 ut
2387 782 2515 844 illis
2546 800 2724 845 error
2753 800 2995 863 expro-

690 891 915 952 bretur
966 908 1142 961 suu5‚
1196 888 1479 953 docendi
1531 908 1663 951 non
1712 897 1973 951 tantum
2023 885 2416 970 deplorandi
2471 896 2642 948 sunt.
2738 884 2816 948 In
2872 884 2997 947 tria

690 989 1005 1076 tempus²
1054 993 1409 1068 dividitur3
1473 993 1652 1076 quod
1709 990 1850 1070 fuit,
1897 992 2078 1074 quod
2136 1002 2252 1069 est,
2297 992 2478 1074 quod
2532 989 2824 1054 futurum
2878 999 2995 1052 est.

696 1097 807 1160 Ex
836 1096 941 1161 his
970 1099 1150 1180 quod
1194 1098 1455 1180 agimus
1497 1099 1696 1160 breve
1736 1107 1881 1160 est:
1928 1097 2108 1180 quod
2148 1097 2358 1159 acturi
2401 1115 2649 1169 sumuS,
2682 1095 2997 1157 dubium:

693 1202 873 1284 quod
923 1203 1196 1284 egimus,
1243 1213 1516 1265 certum.
1614 1199 1765 1265 Hoc
1822 1210 1923 1264 est
1976 1200 2150 1263 enim
2212 1201 2274 1262 in
2332 1199 2513 1282 quod
2571 1197 2837 1262 fortuna
2889 1197 3001 1279 jus

695 1306 999 1388 perdidit,
1024 1305 1204 1388 quod
1231 1306 1294 1368 in
1319 1304 1560 1368 nullius
1582 1304 1925 1368 arbitrium
1957 1304 2177 1368 reduci
2204 1312 2441 1385 potest.
2506 1302 2657 1366 Hoc
2681 1301 3000 1366 amittunt

695 1410 1019 1491 occupati.
1134 1409 1278 1472 Nec
1327 1410 1503 1471 enim
1560 1409 1687 1471 illis
1744 1417 1941 1472 vacat
1993 1407 2345 1489 praeterita
2396 1407 2761 1489 respicere3
2826 1416 2894 1470 et
2949 1405 3003 1466 si

698 1523 907 1592 vacet,
939 1513 1294 1594 injucunda
1326 1523 1426 1576 est
1460 1512 1898 1595 poenitendae
1932 1513 2020 1576 rei
2056 1513 2447 1576 recordatio.
2538 1511 2735 1574 Inviti
2782 1511 3005 1593 itaque

700 1618 784 1682 ad
848 1626 1151 1699 tempora
1213 1616 1386 1681 male
1444 1628 1683 1680 exacta
1735 1616 2034 1680 animum
2084 1626 2412 1693 revocant,
2462 1635 2580 1679 nec
2626 1616 2871 1678 audent
2926 1635 3007 1678 ea

702 1730 1119 1803 retemptare,
1149 1741 1429 1804 quorum
1476 1721 1635 1785 vitia
1677 1766 1692 1783 .
1740 1767 1754 1782 .
1801 1768 1816 1784 .
1861 1722 2277 1784 retractando
2309 1729 2674 1802 patescunt.
2767 1719 3009 1793 Nem0,

702 1826 822 1890 nisi
860 1820 960 1913 [a]
994 1845 1128 1907 quo
1167 1826 1393 1888 omnia
1432 1834 1583 1888 acta
1620 1834 1775 1888 sunt
1811 1827 1936 1889 sub
1974 1843 2248 1887 censura
2290 1843 2427 1901 sua,
2457 1842 2629 1905 quae
2666 1842 3008 1904 nunquam

706 1927 968 2006 fallitur,
1002 1927 1282 1991 libenter
1325 1949 1396 1991 se
1443 1928 1509 1990 in
1555 1929 1989 2009 praeteritum
2040 1937 2394 2008 retorquet.
2488 1926 2610 1989 Ille
2646 1927 2759 2009 qui
2795 1926 3009 1990 multa

705 2032 1057 2097 ambitiose
1126 2031 1484 2114 concupiit,
1544 2033 1826 2117 superbe
1886 2031 2306 2113 contempsit,
2373 2031 2772 2112 impotenter
2830 2030 3012 2106 vicit,

707 2138 1018 2200 insidiose
1077 2137 1360 2218 decepit,
1407 2157 1603 2200 avare
1654 2137 1897 2220 rapuit,
1944 2136 2222 2220 prodige
2283 2133 2538 2213 effudit,
2584 2155 2850 2198 necesse
2909 2147 3011 2199 est

708 2262 896 2307 suam
973 2242 1357 2305 memoriam
1435 2242 1691 2305 timeat.
1809 2240 2022 2323 Atqui
2082 2240 2249 2303 haec
2316 2250 2416 2303 est
2478 2259 2629 2321 pars
2689 2241 3014 2323 temporis

710 2346 915 2409 nostri
962 2366 1149 2410 sacra
1193 2365 1271 2409 ac
1316 2345 1640 2422 dedicata,
1686 2365 1918 2408 omnes
1965 2344 2294 2408 humanos
2339 2364 2530 2408 casus
2575 2364 3014 2427 supergressa,

711 2460 904 2512 extra
938 2468 1208 2530 regnum
1240 2449 1542 2512 fortunae
1574 2450 1921 2521 subducta,
1942 2469 2142 2532 quam
2183 2468 2314 2512 non
2349 2448 2587 2530 inopia,
2613 2468 2745 2511 non
2782 2459 3017 2526 metuS,

714 2573 847 2616 non
884 2554 1264 2616 morborum
1302 2553 1596 2616 incursus
1626 2554 1946 2635 exagitet.
2043 2552 2235 2616 Haec
2266 2571 2390 2615 nec
2420 2552 2668 2616 turbari
2701 2572 2820 2615 nec
2849 2553 3016 2636 eripi

717 2666 974 2740 potest;
1055 2668 1376 2738 perpetua
1436 2656 1580 2738 ejus
1639 2668 1707 2720 et
1763 2657 2094 2739 intrepida
2152 2657 2483 2739 possessio
2543 2667 2663 2720 est.
2755 2656 3016 2740 Singuli

715 2771 974 2826 tantum
1006 2761 1165 2837 dies,
1197 2771 1264 2824 et
1295 2760 1362 2823 hi
1395 2781 1513 2843 per
1546 2769 1905 2838 momenta,
1929 2770 2308 2843 praesentes
2337 2770 2528 2835 sunt3
2576 2771 2644 2825 at
2678 2763 3017 2842 praeteriti

715 2866 1034 2947 temporis
1081 2885 1315 2928 omnes
1369 2885 1519 2928 cum
1570 2865 1894 2947 jusseritis
1943 2867 2243 2942 aderunt,
2290 2866 2377 2929 ad
2429 2866 2772 2929 arbitrium
2827 2876 3019 2929 tuum

719 2971 947 3051 inspici
983 2990 1055 3032 se
1096 2990 1173 3033 ac
1215 2970 1489 3033 detineri
1524 2970 1860 3051 patientur
1894 3018 1908 3032 .
1944 3017 1959 3032 .
1994 3016 2008 3031 .
2046 2968 2333 3033 Securae
2374 2980 2443 3033 et
2479 2970 2742 3052 quietae
2780 2971 3024 3035 mentis

721 3085 822 3139 est
853 3077 915 3138 in
947 3095 1180 3138 omnes
1205 3077 1378 3139 vitae
1408 3095 1567 3138 suae
1597 3084 1822 3158 partes
1852 3076 2253 3151 discurrere3
2291 3086 2764 3160 occupatorum
2795 3077 3026 3152 animi,

723 3178 907 3242 velut
960 3179 1084 3241 sub
1140 3178 1306 3260 jugo
1360 3180 1512 3256 sint,
1564 3178 1829 3242 flectere
1889 3199 1963 3242 se
2020 3199 2098 3243 ac
2159 3180 2480 3263 respicere
2535 3200 2665 3243 non
2727 3190 3025 3263 possunt.

723 3281 896 3347 Abit
957 3281 1157 3363 igitur
1202 3283 1341 3345 vita
1400 3303 1626 3346 eorum
1682 3284 1748 3346 in
1809 3280 2210 3367 profundum
2259 3330 2274 3345 .
2323 3333 2338 3348 .
2389 3332 2404 3347 .
2451 3284 2544 3347 sic
2604 3284 2765 3347 nihil
2827 3284 3028 3348 refert

727 3394 1049 3467 quantum
1099 3386 1415 3467 temporis
1458 3388 1652 3450 detur
1696 3435 1710 3449 .
1753 3437 1768 3450 .
1813 3437 1825 3451 .
1870 3407 1988 3470 per
2030 3407 2308 3469 quassos
2347 3389 2724 3470 foratosque
2768 3390 3031 3452 animos

728 3489 1221 3553 transmittitur.
1314 3490 1628 3555 Praesens
1673 3502 1940 3574 tempus
1985 3490 2437 3555 brevissimum
2483 3503 2632 3570 est;
2677 3493 2848 3555 adeo
2881 3493 3030 3575 qui—

728 3594 881 3656 dem
924 3602 996 3656 ut
1034 3594 1432 3675 quibusdam
1479 3595 1732 3659 nullum
1767 3596 2088 3660 videatur.
2182 3596 2260 3658 In
2309 3617 2500 3659 cursu
2547 3597 2723 3659 enim
2768 3617 3036 3679 semper

731 3707 851 3774 est,
896 3695 1040 3760 fluit
1087 3708 1154 3762 et
1199 3699 1685 3782 praecipitatur,
1730 3710 1885 3764 ante
1935 3700 2176 3764 desinit
2229 3721 2373 3764 esse
2419 3721 2621 3784 quam
2676 3702 2875 3764 venit.
2910 3747 2925 3762 .
2967 3747 2981 3761 .
3017 3752 3032 3765 .

733 3799 966 3865 Solum
1023 3802 1222 3883 igitur
1269 3803 1353 3866 ad
1405 3814 1768 3886 occupatos
1821 3823 2132 3887 praesens
2184 3805 2470 3887 pertinet
2519 3815 2804 3887 tempuS‚
2849 3807 3032 3886 quod

734 3916 866 3966 tam
898 3907 1098 3970 'sirm-t·
1129 3916 1225 3970 est
1257 3916 1331 3970 ut
1360 3908 1568 3990 adripi
1601 3928 1731 3972 non
1757 3910 1988 3990 possit,
2021 3918 2089 3972 et
2122 3910 2188 3973 id
2219 3909 2435 3991 ipsum
2469 3908 2595 3973 illis
2618 3910 2931 3973 districtis
2965 3911 3034 3972 in

738 4034 794 4070 Π]
810 4014 942 4074 ulta
978 4011 1381 4074 subducitur.

406 4122 477 4166 1:12·
509 4122 670 4210 {nalj-
834 4118 1170 4194 >lituique
1213 4115 1312 4178 vis
1371 4116 1537 4179 scire
1603 4136 1805 4197 quam
1867 4137 2003 4181 non
2061 4119 2178 4181 diu
2237 4117 2508 4181 vivant?
2596 4117 2773 4181 Vide
2831 4138 3040 4200 quam

405 4186 686 4314 ΞᾞᾞΜ
742 4222 1005 4302 cupiant
1086 4220 1192 4282 niu
1270 4220 1506 4284 vivere.
1597 4221 1932 4303 Decrepiti
2010 4242 2201 4285 senes
2274 4242 2633 4304 paucorum
2711 4242 3038 4287 annorum

742 4326 1182 4386 secessionem
1255 4325 1429 4387 votis
1501 4325 1899 4390 mendicant.
2025 4325 2318 4388 Minores
2393 4335 2551 4388 natu
2633 4326 2815 4407 ipsos
2896 4348 3046 4392 esse

746 4430 1018 4506 fingunt.
1142 4426 1494 4492 Mendacio
1545 4429 1668 4492 sibi
1731 4429 2167 4509 blandiuntur,
2231 4424 2330 4516 [et
2388 4428 2558 4511 tam]
2619 4428 2904 4494 libenter
2970 4452 3048 4497 se

942 4642 954 4670 l
994 4639 1306 4702 improbari,
1336 4640 1400 4690 D.
1426 4650 1479 4691 et
1503 4640 1573 4690 Ο.
1943 4640 1963 4669 ²
1996 4642 2054 4691 ln
2078 4643 2175 4691 tria
2197 4649 2431 4706 tempora
2452 4643 2554 4693 vita
2576 4642 2841 4708 (Seneca).
