3542 5359
407 626 603 685 MORALIS
627 625 923 685 PHILOSOPHIA
938 647 948 683 :
977 627 1093 687 PARS
1116 628 1266 689 PRIMA.
1354 643 1414 704 247

309 789 447 872 Propter
466 791 557 872 quod
574 790 706 854 Marcus
722 789 851 852 Tullius
872 788 951 854 dicit
966 790 1075 873 primo
1090 792 1133 854 de
1155 791 1414 875 Quaestionibus
1428 805 1465 870 By
1477 804 1577 856 cicero.

264 890 489 969 Tusculanis¹,
500 893 714 977 Philosophia
725 894 873 957 omnium
883 894 1003 957 artium
1016 907 1123 960 mater
1138 890 1234 983 [quid
1248 892 1412 984 estaliud]

264 997 337 1071 nisi,
369 1007 407 1061 ut
434 997 539 1073 Plato,
568 999 702 1078 donum,
730 1006 766 1060 ut
795 1018 868 1081 ego,
893 998 1062 1063 inventum
1093 1000 1184 1064 Dei?
1231 1002 1326 1065 Haec
1355 1022 1415 1065 nos

264 1103 408 1184 primum
424 1102 467 1164 ad
483 1102 553 1183 ejus
568 1101 703 1178 cultum,
723 1101 859 1164 demum
879 1104 922 1166 ad
937 1102 991 1184 jus
1010 1103 1193 1182 hominurn,
1208 1107 1297 1188 quod
1313 1106 1414 1169 situm

264 1215 315 1269 est
330 1206 363 1268 in
380 1207 508 1288 generis
523 1204 657 1269 humani
672 1206 838 1278 societate,
854 1207 1006 1271 erudivit.
1053 1209 1098 1271 Et
1112 1208 1200 1272 idern
1217 1210 1250 1271 in
1270 1210 1415 1272 secunda

264 1311 307 1374 de
324 1310 454 1373 Natura
471 1310 592 1374 Divina
607 1310 663 1384 ait,
679 1308 815 1373 ‘Cultus
831 1311 895 1374 Dei
913 1321 966 1375 est
986 1312 1132 1394 optimus
1151 1313 1307 1396 idemque
1320 1333 1415 1377 sanc·

264 1415 409 1478 tissimus
432 1415 634 1478 castissimus
656 1412 931 1497 plenissimusque
958 1416 1101 1496 pietatis,
1124 1426 1162 1479 ut
1184 1436 1260 1480 eum
1283 1437 1414 1500 semper

263 1538 358 1600 pura,
369 1519 506 1600 integra,
518 1519 706 1600 incorrupta
723 1528 833 1581 mente
848 1528 881 1581 et
896 1538 979 1583 voce
992 1539 1194 1584 veneremur.
1233 1521 1310 1584 Non
1326 1523 1413 1585 enim

265 1621 452 1706 philosophi
468 1622 576 1686 solum
592 1623 651 1686 sed
668 1621 810 1704 majores
824 1622 927 1686 nostri
937 1624 1206 1705 superstitionem
1219 1645 1240 1686 a
1255 1626 1413 1707 religione

264 1735 506 1810 separaverunt.
552 1727 641 1790 Nam
664 1727 720 1809 qui
744 1736 833 1790 totos
855 1726 925 1789 dies
948 1729 1179 1808 precabantur,
1201 1738 1235 1792 et
1259 1728 1412 1793 immola-

264 1831 344 1895 bant
360 1841 397 1895 ut
412 1831 473 1913 ipsi
493 1840 527 1894 et
547 1831 598 1894 sui
620 1830 714 1894 liberi
737 1832 933 1912 superstites
956 1843 1075 1908 essent,
1094 1833 1313 1915 superstitiosi
1333 1843 1412 1898 sunt

265 1935 431 2019 appellati,
441 1936 531 2018 quod
542 1955 662 1998 nomen
674 1933 798 2017 patuit²
811 1944 927 2017 postea
939 1935 1048 1999 latius.
1095 1935 1162 2018 Qui
1174 1947 1286 2001 autem
1299 1939 1412 2001 omnia

264 2058 348 2120 quae
363 2040 406 2102 ad
419 2039 482 2102 Dei
497 2039 624 2102 cultum
640 2039 804 2120 pertinent
814 2039 990 2120 diligenter
1005 2039 1189 2104 curabant³
1205 2049 1239 2104 et
1250 2050 1411 2123 tanquam

264 2143 454 2227 relegentes
470 2152 548 2208 sunt
564 2144 643 2207 dicti
657 2143 798 2225 religiosi
814 2165 858 2206 ex
874 2143 1060 2225 relegendo,
1072 2144 1233 2226 eligentes
1248 2145 1412 2229 eligendo,

263 2257 423 2329 tanquam
453 2248 600 2329 legentes
628 2267 672 2311 ex
699 2247 849 2330 legendo,
878 2257 913 2310 et
938 2248 1156 2331 intelligendo
1182 2247 1412 2330 intelligentes.

264 2351 419 2415 Alterum
441 2371 562 2415 nomen
576 2353 647 2415 vitii
668 2361 738 2428 est3
762 2351 903 2416 alterum
926 2351 1053 2415 laudis.’
1099 2352 1188 2416 Nam
1205 2353 1414 2435 Augustinus

263 2466 383 2538 quarto
397 2456 440 2520 de
456 2456 603 2520 Civitate
618 2456 681 2519 Dei
697 2457 894 2520 sententiam
910 2456 995 2518 hanc
1007 2456 1107 2520 Tullii
1118 2457 1161 2520 de
1175 2458 1410 2539 superstitione

264 2569 297 2623 et
319 2581 396 2625 vera
425 2560 593 2644 religione,
611 2580 671 2623 nec
701 2581 776 2639 non,
801 2569 921 2622 octavo
946 2559 1105 2641 ejusdem,
1126 2560 1169 2623 de
1192 2561 1350 2645 religione
1379 2571 1413 2627 et

263 2663 434 2748 religiosis,
448 2665 566 2748 accipit
587 2673 621 2728 et
641 2665 799 2748 exponit3
822 2665 936 2727 volens
956 2665 1047 2746 quod
1070 2664 1212 2747 religiosi
1234 2666 1313 2728 dicti
1334 2677 1412 2730 sunt

262 2770 352 2852 quod
369 2768 480 2832 Deum
494 2770 618 2851 eligant
633 2779 667 2832 et
683 2768 830 2852 relegant
844 2767 1036 2852 relegentes,
1051 2778 1084 2831 et
1100 2769 1220 2831 iterum
1243 2778 1277 2832 et
1292 2769 1413 2833 iterum

263 2873 421 2956 eligentes
440 2893 498 2955 per
512 2893 627 2936 vemm
643 2873 769 2937 cultum
784 2883 818 2936 et
834 2874 1037 2936 continuum.

308 2979 346 3041 In
371 2979 434 3042 isto
456 2987 568 3042 autem
591 2976 692 3054 cultu,
709 2978 891 3041 secundum
907 2975 1116 3040 Avicennam
1131 2987 1165 3042 et
1181 2976 1272 3053 alios,
1287 2975 1413 3042 habent
1427 2994 1557 3044 Avtmna

263 3083 406 3146 ordinari
436 3082 571 3164 templa,
601 3091 635 3145 et
660 3083 836 3159 orationes,
859 3089 893 3142 et
915 3079 1111 3157 oblationes,
1132 3092 1167 3145 et
1189 3081 1356 3160 sacrificia,
1379 3090 1412 3146 et
1427 3060 1557 3109 ”dm

1426 3125 1489 3176 totle
1501 3141 1534 3174 on

259 3186 394 3269 jejunia,
409 3196 443 3250 et
463 3187 744 3269 peregrinationes
767 3188 937 3249 maximae
958 3185 1001 3248 ad
1025 3184 1134 3249 locum
1156 3186 1351 3268 legislatoris
1374 3196 1412 3251 ut
1426 3191 1514 3257 public

261 3290 424 3355 habeatur
439 3292 471 3354 in
494 3292 653 3355 memoria
672 3300 706 3355 et
727 3293 948 3355 veneratione.
995 3290 1042 3353 Et
1062 3289 1263 3354 Aristoteles
1288 3291 1321 3354 in
1344 3293 1412 3354 suis
1424 3257 1584 3308 ΜΘΝ·

262 3393 604 3460 considerationibus⁴
620 3395 661 3460 de
677 3395 740 3458 hoc
758 3394 847 3458 cultu
868 3395 951 3459 dicit
970 3415 1140 3478 nunquam
1162 3396 1412 3461 verecundiores

262 3520 323 3564 nos
356 3519 427 3564 esse
449 3499 568 3563 debere
590 3519 691 3581 quam
715 3519 791 3563 cum
817 3500 859 3562 de
888 3498 1007 3563 divinis
1035 3500 1163 3582 agitur3
1193 3499 1220 3564 si
1251 3501 1413 3564 intramus

261 3604 388 3686 templa
424 3604 527 3666 simus
563 3605 748 3685 compositi,
779 3605 822 3667 ad
854 3601 1049 3667 sacrificium
1083 3604 1245 3668 accessuri
1275 3603 1405 3669 vultum

262 3707 486 3784 demittamus,
508 3707 535 3769 si
559 3707 592 3769 in
621 3708 770 3771 oratione
799 3718 995 3791 argumento
1018 3708 1202 3772 modestiae
1224 3706 1411 3790 fungamur.

263 3810 309 3875 Et
332 3811 408 3875 ideo
431 3811 511 3876 dicit
533 3809 715 3888 Avicenna,
739 3811 883 3892 Oportet
906 3822 944 3874 ut
965 3813 1082 3876 doctor
1104 3813 1223 3875 doceat
1245 3822 1411 3875 oratorem

296 3928 304 3958 ¹
325 3931 394 3981 Tusc.
411 3931 510 3994 Disput.
524 3931 566 3979 lib
585 3931 601 3978 'u
618 3945 673 3992 cap.
693 3931 733 3980 2⁶.
766 3931 823 3980 The
841 3933 931 3980 words
949 3932 976 3980 iu
995 3931 1113 3981 brackets
1133 3945 1179 3978 are
1197 3931 1303 3980 omitted
1323 3932 1349 3979 in
1368 3933 1413 3980 the

263 4009 349 4070 MSS,
367 4011 418 4058 and
437 4009 551 4058 Deorum
567 4009 590 4058 is
607 4009 763 4059 substituted
783 4009 823 4058 ior
842 4009 900 4058 Dei.
943 4009 999 4059 The
1015 4009 1150 4072 quotation
1167 4009 1254 4058 which
1271 4009 1373 4058 follows
1390 4011 1413 4058 is

263 4089 327 4138 from
344 4089 384 4137 De
399 4089 500 4136 Natura
516 4086 637 4147 Deorum,
655 4087 681 4135 ii.
699 4089 740 4136 28.
783 4087 805 4137 lt
823 4088 845 4136 is
862 4089 1022 4137 hanseribed
1039 4087 1181 4148 correctly3
1203 4088 1342 4148 excepting
1359 4087 1416 4137 that

261 4169 311 4232 ipsi
330 4176 356 4218 et
372 4168 412 4218 sui
433 4167 506 4216 liberi
525 4168 548 4214 is
566 4166 720 4214 substituted
739 4166 778 4215 ior
794 4165 842 4215 sibi
862 4167 903 4215 sui
919 4165 1002 4216 liberi.
1042 4165 1080 4214 St
1096 4165 1243 4227 Angustiae
1257 4171 1350 4227 quotes
1369 4165 1415 4215 the

262 4263 380 4310 passage,
388 4246 428 4295 Dr
439 4245 540 4295 Cim'tate
550 4245 604 4308 Dei,
618 4245 649 4296 iv.
662 4259 703 4308 30·

294 4327 304 4354 ¹
321 4327 428 4388 patebit,
441 4326 473 4377 D.
487 4333 513 4375 et
524 4325 556 4374 Ο.
788 4323 799 4354 ³
814 4332 943 4384 curarent,
955 4323 1006 4384 O.;
1023 4321 1177 4385 relegerent,
1190 4321 1226 4373 hl.

294 4405 304 4434 ‘
321 4405 360 4457 Ct'.
373 4406 417 4454 the
428 4404 549 4467 spurious
563 4403 668 4453 treatise
680 4401 810 4450 Rteronta
824 4402 861 4450 ad
868 4401 1055 4460 Alexandrum,
1068 4417 1124 4464 cap.
1135 4418 1159 4452 a.
1196 4401 1248 4450 But
1263 4401 1308 4450 the
1323 4409 1412 4463 quota·

262 4485 316 4535 tion
334 4486 356 4534 is
373 4484 486 4547 perhaps
502 4483 568 4531 from
585 4482 630 4530 the
646 4481 775 4544 rtobgta
792 4480 822 4529 ol'
830 4480 965 4540 Aristotle,
977 4497 993 4528 a
1003 4480 1079 4528 work
1089 4481 1194 4529 written
1212 4481 1238 4527 in
1254 4480 1347 4540 Greek,
1359 4482 1412 4530 and

262 4563 404 4614 translated
424 4561 480 4610 into
498 4561 601 4622 Arabic,
620 4561 714 4608 thence
731 4560 786 4608 into
806 4559 889 4610 Latin.
926 4559 936 4608 l
954 4561 1021 4608 have
1038 4567 1084 4609 not
1101 4575 1166 4609 seen
1186 4560 1213 4621 it,
1230 4559 1276 4609 but
1293 4573 1414 4622 compare

264 4643 434 4692 Ravaisson's
447 4640 632 4706 Mitaptys'que
642 4638 787 4702 dArsstote,
801 4639 853 4688 vol.
866 4639 891 4689 ii.
903 4654 929 4702 p.
940 4653 999 4702 542·
