3542 5359
390 590 452 652 242
604 572 759 631 OPERIS
783 572 973 642 MAJORIS
996 571 1111 630 PARS
1136 571 1334 630 SEPTIMA.

392 745 470 820 post
495 739 599 802 multa
626 736 802 816 concludit,
829 736 955 800 Nostra
986 735 1161 817 dispositio
1184 756 1263 818 erga
1293 734 1349 799 illa
1379 745 1430 800 est
1459 733 1544 799 sicut

392 841 568 925 dispositio
586 842 674 904 surdi
689 842 745 925 qui
765 860 934 924 nunquam
955 840 1082 903 audivit
1098 839 1131 902 in
1146 861 1205 903 sua
1224 839 1408 922 privatione
1428 839 1544 922 imagi·

394 946 494 1009 nandi
511 945 766 1010 delectationem
781 945 995 1022 armonicam,
1012 965 1087 1008 cum
1108 943 1179 1027 ipse
1194 944 1236 1006 sit
1251 954 1359 1008 certus
1375 946 1418 1007 de
1432 962 1543 1007 amoe-

393 1051 497 1114 nitate
512 1049 591 1132 ejus‚
607 1070 648 1113 an
664 1050 719 1125 sit,
736 1070 794 1114 seu
810 1048 890 1130 quid
907 1049 960 1112 sit.
1006 1048 1053 1112 Et
1073 1067 1140 1111 nou
1160 1047 1268 1111 solum
1289 1047 1475 1112 intellectus
1498 1047 1544 1110 sic

393 1154 555 1218 sehabet
581 1155 614 1217 in
646 1155 891 1237 cognoscendo,
913 1155 971 1217 sed
995 1150 1134 1216 affectus
1160 1161 1195 1216 et
1217 1151 1371 1215 voluntas
1397 1151 1429 1215 in
1456 1151 1543 1215 desi·

394 1258 550 1335 deraud0,
573 1270 607 1322 et
637 1258 782 1321 amando
805 1267 840 1322 et
863 1257 1025 1340 sapiendo
1055 1276 1113 1319 seu
1140 1257 1308 1337 gustando
1333 1255 1543 1320 dulcedinem

393 1363 482 1426 vitae
496 1373 658 1440 aetemae‚
668 1372 704 1425 ut
714 1360 909 1426 Avicennae
921 1371 994 1424 utar
1004 1361 1146 1444 eloquio.
1189 1360 1371 1444 Comparat
1383 1362 1471 1424 enim
1485 1381 1544 1425 nos

394 1465 588 1550 paralytico²
606 1467 657 1528 cui
681 1476 869 1548 apponatur
893 1467 985 1530 cibus
1009 1464 1233 1543 delectabilis;
1259 1485 1325 1528 non
1349 1467 1451 1531 sentit
1474 1465 1544 1547 ejus

392 1571 599 1648 suavitatem,
621 1571 727 1634 donec
756 1580 888 1635 curetur
913 1570 984 1653 ejus
1009 1570 1179 1653 paralysis,
1202 1578 1236 1633 et
1262 1567 1430 1634 auferatur
1455 1569 1544 1634 mala

394 1675 575 1757 dispositio.
621 1675 677 1739 Sic
702 1695 788 1757 quae
811 1675 891 1740 dicit
915 1695 988 1739 esse
1010 1675 1043 1737 in
1067 1674 1163 1737 nobis
1186 1684 1337 1757 respectu
1362 1674 1544 1738 dulcedinis

394 1780 483 1843 vitae
505 1787 667 1853 aeternae,
684 1788 718 1842 et
737 1790 874 1863 propter
895 1788 1041 1862 peccata,
1060 1790 1094 1843 et
1121 1789 1257 1861 propter
1277 1779 1542 1842 communionem

395 1884 541 1965 corporis
562 1883 731 1961 mortalis;
755 1881 914 1966 peccata¹
930 1884 1018 1947 enim
1041 1882 1190 1946 inficiunt
1208 1883 1393 1965 appetitum
1413 1883 1543 1947 animae

394 1987 575 2066 rationalis
590 1996 625 2051 et
643 1987 747 2051 moles
770 1989 918 2070 corporis
937 1998 1107 2070 aggravat.
1155 1986 1255 2051 Unde
1273 1987 1354 2051 dicit
1369 1987 1543 2050 Avicenna

391 2092 569 2174 eleganter,
585 2091 685 2174 Quod
702 2112 774 2170 nos,
790 2092 823 2155 in
838 2091 972 2155 saeculo
988 2104 1101 2155 nostro
1116 2103 1150 2155 et
1165 2091 1230 2154 hoc
1244 2111 1391 2173 corpore,
1403 2092 1544 2156 demersi

393 2216 507 2260 sumus
532 2197 564 2259 in
592 2196 696 2259 multa
714 2195 831 2279 turpia,
847 2206 881 2260 et
905 2197 981 2260 ideo
1006 2216 1073 2259 nou
1097 2196 1258 2259 sentimus
1283 2193 1373 2258 illam
1400 2194 1543 2260 delecta-

392 2299 527 2378 tionem,
551 2319 626 2361 cum
657 2307 769 2362 tamen
799 2301 889 2382 apud
915 2319 975 2363 nos
1003 2299 1100 2363 luerit
1121 2299 1246 2382 aliquid
1268 2299 1311 2362 de
1334 2299 1441 2363 causis
1463 2299 1543 2380 ejus.

394 2403 440 2467 Et
456 2402 532 2467 ideo
547 2423 614 2467 non
635 2403 828 2484 inquirimus
848 2423 932 2482 eam,
948 2424 1007 2468 nec
1023 2403 1186 2468 allicimur
1205 2405 1248 2467 ad
1269 2423 1353 2480 eam,
1369 2403 1432 2467 nisi
1452 2403 1543 2485 prius

393 2507 643 2591 deposuerimus
659 2529 680 2571 a
694 2508 873 2572 cervicibus
893 2508 1016 2571 nostris
1029 2508 1147 2591 jugum
1164 2506 1344 2590 voluptatis
1365 2517 1399 2571 et
1417 2508 1494 2586 irae,
1508 2517 1544 2573 et

390 2631 519 2675 sorores
540 2631 662 2689 earum,
678 2621 712 2676 et
732 2612 777 2675 sic
801 2611 1016 2693 degustemus
1035 2612 1160 2695 aliquid
1184 2613 1413 2676 delectationis
1436 2612 1542 2690 illius;

391 2724 426 2779 et
455 2715 500 2780 sic
531 2715 679 2780 fortassis
706 2716 963 2800 imaginabimur
993 2717 1036 2779 de
1060 2716 1116 2779 illa
1141 2736 1269 2798 parum,
1298 2726 1457 2799 tanquam
1484 2736 1544 2800 per

392 2819 634 2904 interpositum,
657 2821 736 2902 quia
760 2821 868 2884 adhuc
897 2818 1053 2884 revelatio
1078 2821 1261 2884 necessaria
1286 2829 1345 2883 est.
1391 2820 1438 2884 Et
1467 2821 1544 2884 ideo

391 2923 481 3000 dicit,
510 2924 600 3007 quod
631 2935 708 2988 tunc
738 2925 847 2987 verius
877 2924 1066 3002 sentiemus,
1095 2924 1270 3007 praecipue
1305 2945 1381 2989 cum
1415 2924 1545 2989 solutae

392 3024 515 3090 suerint
547 3028 756 3110 quaestiones
785 3029 829 3091 de
860 3027 935 3092 Deo
969 3039 1002 3091 et
1036 3025 1193 3092 felicitate
1226 3036 1261 3092 et
1293 3028 1544 3094 immortalitate

391 3131 575 3194 animarum
610 3140 643 3194 et
679 3131 912 3195 resurrectione
949 3152 1146 3214 corporum;
1177 3145 1210 3197 et
1243 3132 1388 3197 revelata
1423 3131 1544 3198 suerint

391 3233 583 3315 hujusmodi
605 3235 755 3317 quaesita
777 3235 910 3299 nobilia.
956 3235 1062 3315 Tunc,
1077 3247 1114 3300 ut
1135 3236 1307 3301 Avicenna
1329 3237 1419 3316 dicit,
1438 3236 1541 3302 Com-

392 3338 521 3421 paratio
546 3338 640 3401 istius
665 3348 797 3402 nostrae
817 3337 1046 3403 delectationis
1073 3340 1117 3402 ad
1144 3340 1235 3405 illam
1260 3350 1407 3404 nostram
1433 3342 1542 3407 delec-

391 3443 553 3507 tationem
584 3443 646 3505 erit
677 3443 881 3525 comparatio
912 3443 1142 3508 delectationis
1175 3444 1349 3523 sensibilis,
1375 3466 1460 3527 quae
1490 3456 1543 3511 est

391 3545 554 3609 odorandi
576 3548 696 3610 odores
718 3557 926 3630 gustatorum
948 3547 1204 3626 delectabilium,
1219 3548 1262 3613 ad
1285 3549 1542 3614 delectationem

389 3651 586 3715 comedendi
609 3671 657 3716 ea.

227 3775 275 3824 and
286 3791 377 3827 cause:
435 3754 504 3818 Sed
527 3763 560 3818 et
578 3757 709 3820 animae
730 3755 905 3840 occupatio
923 3777 999 3821 cum
1021 3777 1171 3840 corpore,
1186 3767 1223 3822 ut
1245 3756 1353 3836 insert,
1368 3758 1445 3823 iacit
1466 3779 1540 3823 eam

221 3841 327 3971 {ffd‘ilss'f
389 3857 537 3924 oblivisci
563 3860 613 3923 sui
634 3859 737 3942 ipsius
757 3871 791 3923 et
811 3860 882 3941 ejus
902 3861 994 3942 quod
1013 3881 1126 3925 amare
1148 3862 1270 3940 debet;
1292 3863 1376 3928 sicut
1392 3862 1541 3926 infirmus

220 3973 335 4023 comfort.
389 3961 592 4028 obliviscitur
608 3963 678 4045 ejus
693 3964 783 4046 quod
800 3983 885 4046 opus
902 3972 952 4027 est
969 3974 1151 4030 restaurare
1166 3987 1227 4048 pro
1243 3968 1390 4049 eoquod
1407 3966 1541 4031 resolvi-

389 4076 443 4132 tur
465 4068 507 4131 de
529 4087 579 4131 eo.
626 4065 854 4131 Substantiam
879 4067 968 4129 enim
990 4069 1133 4148 animae,
1155 4080 1191 4134 ut
1214 4069 1286 4152 ipse
1307 4071 1397 4150 dicit,
1421 4089 1543 4153 corpus

388 4181 531 4254 occupat
561 4182 595 4236 et
626 4171 734 4234 reddit
764 4190 838 4235 eam
870 4170 1018 4249 stultam,
1042 4182 1077 4235 et
1107 4173 1186 4237 iacit
1215 4194 1289 4238 eam
1317 4173 1466 4239 oblivisci
1490 4175 1542 4237 sui

388 4276 511 4359 proprii
530 4275 694 4352 desiderii,
706 4284 740 4338 et
756 4273 940 4357 inquirendi
958 4275 1193 4358 perfectionem
1204 4297 1291 4360 quae
1307 4277 1369 4342 sibi
1380 4278 1542 4360 competit

388 4390 422 4443 et
453 4379 654 4462 percipiendi
685 4376 939 4443 delectationem
971 4377 1182 4462 perfectionis
1207 4401 1297 4445 suae.
1344 4381 1421 4444 Non
1451 4382 1541 4464 quod

388 4483 499 4547 anima
517 4483 562 4546 sit
584 4485 745 4565 impressa
763 4482 904 4566 corpori,
920 4493 953 4547 et
975 4484 1149 4549 immersa:
1171 4487 1230 4550 sed
1251 4484 1331 4568 quia
1353 4484 1467 4569 ligatio
1490 4494 1543 4550 est

715 4601 723 4630 ¹
741 4608 864 4663 peccata.
879 4639 885 4654 .
901 4640 907 4651 .
920 4603 1063 4666 rationalis,
1077 4619 1127 4656 om.
1143 4603 1179 4656 Μ.
