<?xml version="1.0" encoding="UTF-8"?>
<!DOCTYPE html PUBLIC "-//W3C//DTD XHTML 1.0 Transitional//EN"
    "http://www.w3.org/TR/xhtml1/DTD/xhtml1-transitional.dtd">
<html xmlns="http://www.w3.org/1999/xhtml" xml:lang="en" lang="en">
 <head>
  <title>
</title>
<meta http-equiv="Content-Type" content="text/html;charset=utf-8" />
  <meta name='ocr-system' content='tesseract 3.04.00' />
  <meta name='ocr-capabilities' content='ocr_page ocr_carea ocr_par ocr_line ocrx_word'/>
</head>
<body>
  <div class='ocr_page' id='page_1' title='image "./opusmajusrogerb02bridgoog/opusmajusrogerb02bridgoog_0507.png"; bbox 0 0 3542 5359; ppageno 0'>
   <div class='ocr_carea' id='block_1_1' title="bbox 413 770 727 1085">
    <p class='ocr_par' dir='ltr' id='par_1_1' title="bbox 413 770 727 1085">
     <span class='ocr_line' id='line_1_1' title="bbox 417 770 575 821; baseline 0.013 -2"><span class='ocrx_word' id='word_1_1' title='bbox 417 771 476 819; x_wconf 80' lang='lat' dir='ltr'>os</span> <span class='ocrx_word' id='word_1_2' title='bbox 491 770 575 821; x_wconf 86' lang='lat' dir='ltr'>the</span> 
     </span>
     <span class='ocr_line' id='line_1_2' title="bbox 416 837 633 900; baseline 0.009 -17"><span class='ocrx_word' id='word_1_3' title='bbox 416 837 558 900; x_wconf 88' lang='lat' dir='ltr'>point</span> <span class='ocrx_word' id='word_1_4' title='bbox 580 843 633 885; x_wconf 79' lang='lat' dir='ltr'>at</span> 
     </span>
     <span class='ocr_line' id='line_1_3' title="bbox 414 902 727 951; baseline 0.013 -3"><span class='ocrx_word' id='word_1_5' title='bbox 414 902 579 951; x_wconf 85' lang='lat' dir='ltr'><strong>which</strong></span> <span class='ocrx_word' id='word_1_6' title='bbox 612 918 727 951; x_wconf 89' lang='lat' dir='ltr'>con·</span> 
     </span>
     <span class='ocr_line' id='line_1_4' title="bbox 414 983 650 1030; baseline 0.013 -15"><span class='ocrx_word' id='word_1_7' title='bbox 414 983 650 1030; x_wconf 83' lang='lat' dir='ltr'>vergence</span> 
     </span>
     <span class='ocr_line' id='line_1_5' title="bbox 413 1048 600 1085; baseline 0.021 -4"><span class='ocrx_word' id='word_1_8' title='bbox 413 1048 600 1085; x_wconf 78' lang='lat' dir='ltr'>occurs·</span> 
     </span>
    </p>
   </div>
   <div class='ocr_carea' id='block_1_2' title="bbox 751 570 2503 677">
    <p class='ocr_par' dir='ltr' id='par_1_2' title="bbox 751 570 2503 677">
     <span class='ocr_line' id='line_1_6' title="bbox 751 570 2503 677; baseline -0.002 -16"><span class='ocrx_word' id='word_1_9' title='bbox 751 599 873 677; x_wconf 84' lang='lat'>488</span> <span class='ocrx_word' id='word_1_10' title='bbox 1274 603 1454 661; x_wconf 84' lang='lat' dir='ltr'>MUL</span> <span class='ocrx_word' id='word_1_11' title='bbox 1465 601 1790 661; x_wconf 77' lang='lat' dir='ltr'><em>TJPLJCA</em></span> <span class='ocrx_word' id='word_1_12' title='bbox 1806 603 1944 661; x_wconf 85' lang='lat' dir='ltr'>TIO</span> <span class='ocrx_word' id='word_1_13' title='bbox 1992 600 2353 661; x_wconf 77' lang='lat' dir='ltr'><em>SPECJER</em></span> <span class='ocrx_word' id='word_1_14' title='bbox 2361 570 2503 659; x_wconf 66' lang='lat' dir='ltr'>UM</span> 
     </span>
    </p>
   </div>
   <div class='ocr_carea' id='block_1_3' title="bbox 747 758 3132 4673">
    <p class='ocr_par' dir='ltr' id='par_1_3' title="bbox 747 758 3132 4673">
     <span class='ocr_line' id='line_1_7' title="bbox 754 758 3100 849; baseline -0.003 -23"><span class='ocrx_word' id='word_1_15' title='bbox 754 764 1001 827; x_wconf 89' lang='lat' dir='ltr'>cadunt</span> <span class='ocrx_word' id='word_1_16' title='bbox 1056 765 1120 827; x_wconf 90' lang='lat' dir='ltr'>in</span> <span class='ocrx_word' id='word_1_17' title='bbox 1175 764 1589 849; x_wconf 88' lang='lat' dir='ltr'>superficiem</span> <span class='ocrx_word' id='word_1_18' title='bbox 1643 765 1891 849; x_wconf 90' lang='lat' dir='ltr'>speculi</span> <span class='ocrx_word' id='word_1_19' title='bbox 1937 764 2225 841; x_wconf 90' lang='lat' dir='ltr'>concavi,</span> <span class='ocrx_word' id='word_1_20' title='bbox 2269 783 2554 845; x_wconf 89' lang='lat' dir='ltr'>quorum</span> <span class='ocrx_word' id='word_1_21' title='bbox 2603 782 2774 824; x_wconf 88' lang='lat' dir='ltr'>unus</span> <span class='ocrx_word' id='word_1_22' title='bbox 2832 758 3100 824; x_wconf 87' lang='lat' dir='ltr'>transit</span> 
     </span>
     <span class='ocr_line' id='line_1_8' title="bbox 755 863 3097 952; baseline -0.002 -22"><span class='ocrx_word' id='word_1_23' title='bbox 755 887 874 948; x_wconf 92' lang='lat' dir='ltr'>per</span> <span class='ocrx_word' id='word_1_24' title='bbox 918 878 1215 932; x_wconf 89' lang='lat' dir='ltr'>centrum</span> <span class='ocrx_word' id='word_1_25' title='bbox 1262 870 1512 952; x_wconf 89' lang='lat' dir='ltr'><strong>speculi</strong></span> <span class='ocrx_word' id='word_1_26' title='bbox 1544 879 1609 933; x_wconf 89' lang='lat' dir='ltr'>et</span> <span class='ocrx_word' id='word_1_27' title='bbox 1655 889 1775 951; x_wconf 91' lang='lat' dir='ltr'>per</span> <span class='ocrx_word' id='word_1_28' title='bbox 1818 889 2018 932; x_wconf 85' lang='lat' dir='ltr'>axem</span> <span class='ocrx_word' id='word_1_29' title='bbox 2063 868 2203 949; x_wconf 91' lang='lat' dir='ltr'>ejus</span> <span class='ocrx_word' id='word_1_30' title='bbox 2246 878 2314 931; x_wconf 92' lang='lat' dir='ltr'>et</span> <span class='ocrx_word' id='word_1_31' title='bbox 2344 888 2463 949; x_wconf 92' lang='lat' dir='ltr'>per</span> <span class='ocrx_word' id='word_1_32' title='bbox 2507 865 2725 949; x_wconf 86' lang='lat' dir='ltr'>polos.</span> <span class='ocrx_word' id='word_1_33' title='bbox 2829 865 2912 926; x_wconf 88' lang='lat' dir='ltr'>In</span> <span class='ocrx_word' id='word_1_34' title='bbox 2951 863 3097 926; x_wconf 93' lang='lat' dir='ltr'>isto</span> 
     </span>
     <span class='ocr_line' id='line_1_9' title="bbox 753 971 3094 1055; baseline -0.002 -20"><span class='ocrx_word' id='word_1_35' title='bbox 753 972 954 1054; x_wconf 90' lang='lat' dir='ltr'>igitur</span> <span class='ocrx_word' id='word_1_36' title='bbox 1004 974 1272 1055; x_wconf 88' lang='lat' dir='ltr'>speculo</span> <span class='ocrx_word' id='word_1_37' title='bbox 1325 995 1613 1038; x_wconf 90' lang='lat' dir='ltr'>concavo</span> <span class='ocrx_word' id='word_1_38' title='bbox 1668 973 1989 1055; x_wconf 87' lang='lat' dir='ltr'>contingit</span> <span class='ocrx_word' id='word_1_39' title='bbox 2044 973 2386 1053; x_wconf 77' lang='lat' dir='ltr'>imaginari</span> <span class='ocrx_word' id='word_1_40' title='bbox 2439 971 2728 1035; x_wconf 87' lang='lat' dir='ltr'>circulos</span> <span class='ocrx_word' id='word_1_41' title='bbox 2785 988 3094 1051; x_wconf 84' lang='lat' dir='ltr'>magnos</span> 
     </span>
     <span class='ocr_line' id='line_1_10' title="bbox 754 1075 3093 1161; baseline -0.003 -21"><span class='ocrx_word' id='word_1_42' title='bbox 754 1086 1167 1141; x_wconf 88' lang='lat' dir='ltr'>transeuntes</span> <span class='ocrx_word' id='word_1_43' title='bbox 1199 1097 1318 1159; x_wconf 89' lang='lat' dir='ltr'>per</span> <span class='ocrx_word' id='word_1_44' title='bbox 1349 1078 1541 1161; x_wconf 89' lang='lat' dir='ltr'>polos</span> <span class='ocrx_word' id='word_1_45' title='bbox 1571 1078 1711 1159; x_wconf 90' lang='lat' dir='ltr'>ejus</span> <span class='ocrx_word' id='word_1_46' title='bbox 1743 1077 2036 1140; x_wconf 88' lang='lat' dir='ltr'>infinitos</span> <span class='ocrx_word' id='word_1_47' title='bbox 2069 1077 2545 1140; x_wconf 89' lang='lat' dir='ltr'>intersecantes</span> <span class='ocrx_word' id='word_1_48' title='bbox 2575 1096 2671 1152; x_wconf 89' lang='lat' dir='ltr'>se,</span> <span class='ocrx_word' id='word_1_49' title='bbox 2703 1075 2885 1138; x_wconf 89' lang='lat' dir='ltr'>sicut</span> <span class='ocrx_word' id='word_1_50' title='bbox 2919 1082 3093 1135; x_wconf 89' lang='lat' dir='ltr'>sunt</span> 
     </span>
     <span class='ocr_line' id='line_1_11' title="bbox 750 1179 3093 1266; baseline -0.003 -22"><span class='ocrx_word' id='word_1_51' title='bbox 750 1180 955 1244; x_wconf 89' lang='lat' dir='ltr'>coluri</span> <span class='ocrx_word' id='word_1_52' title='bbox 989 1184 1054 1245; x_wconf 93' lang='lat' dir='ltr'>in</span> <span class='ocrx_word' id='word_1_53' title='bbox 1084 1181 1383 1264; x_wconf 88' lang='lat' dir='ltr'>sphaera,</span> <span class='ocrx_word' id='word_1_54' title='bbox 1412 1202 1691 1266; x_wconf 90' lang='lat' dir='ltr'>quorum</span> <span class='ocrx_word' id='word_1_55' title='bbox 1725 1183 2021 1243; x_wconf 91' lang='lat' dir='ltr'>omnium</span> <span class='ocrx_word' id='word_1_56' title='bbox 2059 1179 2380 1243; x_wconf 84' lang='lat' dir='ltr'>diameter</span> <span class='ocrx_word' id='word_1_57' title='bbox 2410 1189 2512 1242; x_wconf 88' lang='lat' dir='ltr'>est</span> <span class='ocrx_word' id='word_1_58' title='bbox 2545 1179 2724 1242; x_wconf 91' lang='lat' dir='ltr'>linea</span> <span class='ocrx_word' id='word_1_59' title='bbox 2761 1198 2945 1258; x_wconf 92' lang='lat' dir='ltr'>quae</span> <span class='ocrx_word' id='word_1_60' title='bbox 2977 1184 3093 1239; x_wconf 89' lang='lat' dir='ltr'>est</span> 
     </span>
     <span class='ocr_line' id='line_1_12' title="bbox 751 1282 3090 1367; baseline -0.001 -21"><span class='ocrx_word' id='word_1_61' title='bbox 751 1285 901 1347; x_wconf 85' lang='lat' dir='ltr'>axis</span> <span class='ocrx_word' id='word_1_62' title='bbox 942 1286 1275 1367; x_wconf 86' lang='lat' dir='ltr'>sphaerae.</span> <span class='ocrx_word' id='word_1_63' title='bbox 1374 1286 1451 1354; x_wconf 87' lang='lat' dir='ltr'>In</span> <span class='ocrx_word' id='word_1_64' title='bbox 1490 1285 1788 1367; x_wconf 90' lang='lat' dir='ltr'>quolibet</span> <span class='ocrx_word' id='word_1_65' title='bbox 1818 1285 2018 1367; x_wconf 88' lang='lat' dir='ltr'>igitur</span> <span class='ocrx_word' id='word_1_66' title='bbox 2053 1283 2446 1347; x_wconf 88' lang='lat' dir='ltr'>circulorum</span> <span class='ocrx_word' id='word_1_67' title='bbox 2489 1284 2773 1345; x_wconf 88' lang='lat' dir='ltr'>istorum</span> <span class='ocrx_word' id='word_1_68' title='bbox 2815 1282 3090 1344; x_wconf 90' lang='lat' dir='ltr'>cadunt</span> 
     </span>
     <span class='ocr_line' id='line_1_13' title="bbox 754 1387 3090 1472; baseline -0.001 -23"><span class='ocrx_word' id='word_1_69' title='bbox 754 1390 920 1452; x_wconf 89' lang='lat' dir='ltr'>radii</span> <span class='ocrx_word' id='word_1_70' title='bbox 955 1388 1210 1467; x_wconf 81' lang='lat' dir='ltr'>infiniti,</span> <span class='ocrx_word' id='word_1_71' title='bbox 1245 1400 1312 1454; x_wconf 92' lang='lat' dir='ltr'>et</span> <span class='ocrx_word' id='word_1_72' title='bbox 1343 1391 1547 1472; x_wconf 88' lang='lat' dir='ltr'>aliqui</span> <span class='ocrx_word' id='word_1_73' title='bbox 1588 1391 1831 1454; x_wconf 89' lang='lat' dir='ltr'>cadunt</span> <span class='ocrx_word' id='word_1_74' title='bbox 1865 1409 2076 1472; x_wconf 89' lang='lat' dir='ltr'>prope</span> <span class='ocrx_word' id='word_1_75' title='bbox 2107 1388 2331 1471; x_wconf 89' lang='lat' dir='ltr'>polum</span> <span class='ocrx_word' id='word_1_76' title='bbox 2374 1388 2526 1450; x_wconf 84' lang='lat' dir='ltr'>axis</span> <span class='ocrx_word' id='word_1_77' title='bbox 2566 1387 2978 1466; x_wconf 88' lang='lat' dir='ltr'>inferiorem,</span> <span class='ocrx_word' id='word_1_78' title='bbox 3015 1394 3090 1448; x_wconf 92' lang='lat' dir='ltr'>et</span> 
     </span>
     <span class='ocr_line' id='line_1_14' title="bbox 752 1491 3088 1574; baseline -0.002 -19"><span class='ocrx_word' id='word_1_79' title='bbox 752 1492 957 1574; x_wconf 83' lang='lat' dir='ltr'>aliqui</span> <span class='ocrx_word' id='word_1_80' title='bbox 1003 1495 1239 1569; x_wconf 90' lang='lat' dir='ltr'>altius;</span> <span class='ocrx_word' id='word_1_81' title='bbox 1285 1514 1514 1557; x_wconf 90' lang='lat' dir='ltr'>omnes</span> <span class='ocrx_word' id='word_1_82' title='bbox 1558 1503 1781 1557; x_wconf 88' lang='lat' dir='ltr'>tamen</span> <span class='ocrx_word' id='word_1_83' title='bbox 1826 1503 2169 1562; x_wconf 86' lang='lat' dir='ltr'>transeunt</span> <span class='ocrx_word' id='word_1_84' title='bbox 2217 1513 2332 1574; x_wconf 91' lang='lat' dir='ltr'>per</span> <span class='ocrx_word' id='word_1_85' title='bbox 2374 1492 2609 1574; x_wconf 88' lang='lat' dir='ltr'>polum</span> <span class='ocrx_word' id='word_1_86' title='bbox 2657 1491 3088 1574; x_wconf 89' lang='lat' dir='ltr'>superiorem</span> 
     </span>
     <span class='ocr_line' id='line_1_15' title="bbox 754 1596 3087 1679; baseline -0 -22"><span class='ocrx_word' id='word_1_87' title='bbox 754 1616 868 1658; x_wconf 91' lang='lat' dir='ltr'>seu</span> <span class='ocrx_word' id='word_1_88' title='bbox 917 1618 1033 1679; x_wconf 92' lang='lat' dir='ltr'>per</span> <span class='ocrx_word' id='word_1_89' title='bbox 1078 1598 1432 1661; x_wconf 90' lang='lat' dir='ltr'>terminum</span> <span class='ocrx_word' id='word_1_90' title='bbox 1480 1598 1780 1665; x_wconf 85' lang='lat' dir='ltr'>diametri</span> <span class='ocrx_word' id='word_1_91' title='bbox 1826 1597 2129 1665; x_wconf 83' lang='lat' dir='ltr'>altiorem</span> <span class='ocrx_word' id='word_1_92' title='bbox 2176 1616 2403 1660; x_wconf 90' lang='lat' dir='ltr'>versus</span> <span class='ocrx_word' id='word_1_93' title='bbox 2438 1596 2678 1673; x_wconf 88' lang='lat' dir='ltr'>solem,</span> <span class='ocrx_word' id='word_1_94' title='bbox 2708 1605 2777 1658; x_wconf 90' lang='lat' dir='ltr'>et</span> <span class='ocrx_word' id='word_1_95' title='bbox 2826 1604 3087 1676; x_wconf 89' lang='lat' dir='ltr'>postea</span> 
     </span>
     <span class='ocr_line' id='line_1_16' title="bbox 754 1700 3094 1781; baseline -0 -20"><span class='ocrx_word' id='word_1_96' title='bbox 754 1710 1095 1763; x_wconf 90' lang='lat' dir='ltr'>transeunt</span> <span class='ocrx_word' id='word_1_97' title='bbox 1149 1701 1319 1771; x_wconf 83' lang='lat' dir='ltr'>ultra</span> <span class='ocrx_word' id='word_1_98' title='bbox 1371 1703 1437 1770; x_wconf 83' lang='lat' dir='ltr'>in</span> <span class='ocrx_word' id='word_1_99' title='bbox 1491 1700 1904 1764; x_wconf 87' lang='lat' dir='ltr'>semicirculo</span> <span class='ocrx_word' id='word_1_100' title='bbox 1953 1702 2263 1763; x_wconf 86' lang='lat' dir='ltr'>cadentes</span> <span class='ocrx_word' id='word_1_101' title='bbox 2311 1701 2377 1762; x_wconf 91' lang='lat' dir='ltr'>in</span> <span class='ocrx_word' id='word_1_102' title='bbox 2423 1710 2685 1781; x_wconf 89' lang='lat' dir='ltr'>puncto</span> <span class='ocrx_word' id='word_1_103' title='bbox 2731 1719 2896 1762; x_wconf 89' lang='lat' dir='ltr'>suae</span> <span class='ocrx_word' id='word_1_104' title='bbox 2952 1700 3094 1762; x_wconf 90' lang='lat' dir='ltr'>cir-</span> 
     </span>
     <span class='ocr_line' id='line_1_17' title="bbox 754 1801 3093 1887; baseline -0.002 -17"><span class='ocrx_word' id='word_1_105' title='bbox 754 1802 1239 1881; x_wconf 79' lang='lat' dir='ltr'>cumferentiae,</span> <span class='ocrx_word' id='word_1_106' title='bbox 1297 1805 1501 1887; x_wconf 87' lang='lat' dir='ltr'>aliqui</span> <span class='ocrx_word' id='word_1_107' title='bbox 1563 1805 1783 1881; x_wconf 85' lang='lat' dir='ltr'>altius,</span> <span class='ocrx_word' id='word_1_108' title='bbox 1844 1804 2046 1886; x_wconf 81' lang='lat' dir='ltr'>aliqui</span> <span class='ocrx_word' id='word_1_109' title='bbox 2110 1803 2395 1876; x_wconf 86' lang='lat' dir='ltr'>inferius,</span> <span class='ocrx_word' id='word_1_110' title='bbox 2457 1814 2790 1886; x_wconf 89' lang='lat' dir='ltr'>tanquam</span> <span class='ocrx_word' id='word_1_111' title='bbox 2853 1801 3093 1865; x_wconf 89' lang='lat' dir='ltr'>lineae</span> 
     </span>
     <span class='ocr_line' id='line_1_18' title="bbox 752 1907 3092 1989; baseline -0.001 -20"><span class='ocrx_word' id='word_1_112' title='bbox 752 1927 793 1969; x_wconf 90' lang='lat' dir='ltr'>a</span> <span class='ocrx_word' id='word_1_113' title='bbox 823 1908 1109 1975; x_wconf 88' lang='lat' dir='ltr'>termino</span> <span class='ocrx_word' id='word_1_114' title='bbox 1138 1909 1445 1972; x_wconf 88' lang='lat' dir='ltr'>diametri</span> <span class='ocrx_word' id='word_1_115' title='bbox 1478 1909 1718 1972; x_wconf 89' lang='lat' dir='ltr'>ductae</span> <span class='ocrx_word' id='word_1_116' title='bbox 1750 1928 1962 1989; x_wconf 85' lang='lat' dir='ltr'>usque</span> <span class='ocrx_word' id='word_1_117' title='bbox 1989 1907 2074 1971; x_wconf 93' lang='lat' dir='ltr'>ad</span> <span class='ocrx_word' id='word_1_118' title='bbox 2104 1908 2364 1970; x_wconf 88' lang='lat' dir='ltr'>diversa</span> <span class='ocrx_word' id='word_1_119' title='bbox 2389 1916 2646 1989; x_wconf 91' lang='lat' dir='ltr'>puncta</span> <span class='ocrx_word' id='word_1_120' title='bbox 2692 1910 2759 1971; x_wconf 90' lang='lat' dir='ltr'>in</span> <span class='ocrx_word' id='word_1_121' title='bbox 2792 1907 3092 1969; x_wconf 88' lang='lat' dir='ltr'>circum-</span> 
     </span>
     <span class='ocr_line' id='line_1_19' title="bbox 752 2009 3088 2101; baseline 0.001 -29"><span class='ocrx_word' id='word_1_122' title='bbox 752 2009 1029 2076; x_wconf 87' lang='lat' dir='ltr'>ferentia</span> <span class='ocrx_word' id='word_1_123' title='bbox 1060 2013 1400 2095; x_wconf 83' lang='lat' dir='ltr'>utriusque</span> <span class='ocrx_word' id='word_1_124' title='bbox 1432 2011 1815 2076; x_wconf 85' lang='lat' dir='ltr'>semicirculi</span> <span class='ocrx_word' id='word_1_125' title='bbox 1847 2012 1974 2075; x_wconf 91' lang='lat' dir='ltr'>hoc</span> <span class='ocrx_word' id='word_1_126' title='bbox 2008 2012 2229 2101; x_wconf 78' lang='lat' dir='ltr'>modo.</span> <span class='ocrx_word' id='word_1_127' title='bbox 2321 2010 2457 2075; x_wconf 89' lang='lat' dir='ltr'>Sed</span> <span class='ocrx_word' id='word_1_128' title='bbox 2491 2009 2717 2075; x_wconf 89' lang='lat' dir='ltr'>lineae</span> <span class='ocrx_word' id='word_1_129' title='bbox 2747 2010 3088 2074; x_wconf 86' lang='lat' dir='ltr'>cadentes</span> 
     </span>
     <span class='ocr_line' id='line_1_20' title="bbox 752 2113 3091 2198; baseline -0.002 -17"><span class='ocrx_word' id='word_1_130' title='bbox 752 2115 1185 2197; x_wconf 88' lang='lat' dir='ltr'>propinquius</span> <span class='ocrx_word' id='word_1_131' title='bbox 1246 2117 1371 2198; x_wconf 88' lang='lat' dir='ltr'>ipsi</span> <span class='ocrx_word' id='word_1_132' title='bbox 1430 2116 1474 2179; x_wconf 75' lang='lat' dir='ltr'><em>b</em></span> <span class='ocrx_word' id='word_1_133' title='bbox 1526 2114 1771 2179; x_wconf 89' lang='lat' dir='ltr'>faciunt</span> <span class='ocrx_word' id='word_1_134' title='bbox 1841 2113 2157 2197; x_wconf 86' lang='lat' dir='ltr'>angulum</span> <span class='ocrx_word' id='word_1_135' title='bbox 2225 2114 2542 2177; x_wconf 85' lang='lat' dir='ltr'>obtusum</span> <span class='ocrx_word' id='word_1_136' title='bbox 2611 2116 2941 2178; x_wconf 87' lang='lat' dir='ltr'>minorem</span> <span class='ocrx_word' id='word_1_137' title='bbox 3010 2124 3091 2176; x_wconf 90' lang='lat' dir='ltr'>et</span> 
     </span>
     <span class='ocr_line' id='line_1_21' title="bbox 752 2216 3095 2306; baseline -0.002 -23"><span class='ocrx_word' id='word_1_138' title='bbox 752 2230 1020 2289; x_wconf 83' lang='lat' dir='ltr'>acutum</span> <span class='ocrx_word' id='word_1_139' title='bbox 1036 2221 1351 2303; x_wconf 83' lang='lat' dir='ltr'>angulum</span> <span class='ocrx_word' id='word_1_140' title='bbox 1375 2219 1691 2306; x_wconf 86' lang='lat' dir='ltr'>majorem</span> <span class='ocrx_word' id='word_1_141' title='bbox 1705 2218 2132 2299; x_wconf 89' lang='lat' dir='ltr'>quamlineae</span> <span class='ocrx_word' id='word_1_142' title='bbox 2143 2218 2457 2281; x_wconf 88' lang='lat' dir='ltr'>cadentes</span> <span class='ocrx_word' id='word_1_143' title='bbox 2482 2219 2833 2282; x_wconf 89' lang='lat' dir='ltr'>remotius.</span> <span class='ocrx_word' id='word_1_144' title='bbox 2903 2216 3095 2281; x_wconf 88' lang='lat' dir='ltr'>Cum</span> 
     </span>
     <span class='ocr_line' id='line_1_22' title="bbox 1734 2320 3090 2406; baseline -0.001 -22"><span class='ocrx_word' id='word_1_145' title='bbox 1734 2342 1894 2406; x_wconf 83' lang='lat' dir='ltr'>ergo</span> <span class='ocrx_word' id='word_1_146' title='bbox 1939 2322 2114 2385; x_wconf 91' lang='lat' dir='ltr'>acuti</span> <span class='ocrx_word' id='word_1_147' title='bbox 2160 2320 2381 2404; x_wconf 89' lang='lat' dir='ltr'>anguli</span> <span class='ocrx_word' id='word_1_148' title='bbox 2429 2321 2565 2384; x_wconf 91' lang='lat' dir='ltr'>sint</span> <span class='ocrx_word' id='word_1_149' title='bbox 2623 2322 2854 2404; x_wconf 85' lang='lat' dir='ltr'>anguli</span> <span class='ocrx_word' id='word_1_150' title='bbox 2908 2321 3090 2384; x_wconf 90' lang='lat' dir='ltr'>inci-</span> 
     </span>
     <span class='ocr_line' id='line_1_23' title="bbox 1737 2424 3095 2502; baseline -0.001 -14"><span class='ocrx_word' id='word_1_151' title='bbox 1737 2426 2022 2502; x_wconf 80' lang='lat' dir='ltr'>dentiae,</span> <span class='ocrx_word' id='word_1_152' title='bbox 2056 2436 2124 2489; x_wconf 90' lang='lat' dir='ltr'>et</span> <span class='ocrx_word' id='word_1_153' title='bbox 2170 2426 2258 2488; x_wconf 90' lang='lat' dir='ltr'>ab</span> <span class='ocrx_word' id='word_1_154' title='bbox 2301 2424 2560 2487; x_wconf 89' lang='lat' dir='ltr'>obtusis</span> <span class='ocrx_word' id='word_1_155' title='bbox 2607 2424 2731 2490; x_wconf 88' lang='lat' dir='ltr'>fiat</span> <span class='ocrx_word' id='word_1_156' title='bbox 2776 2425 3095 2501; x_wconf 85' lang='lat' dir='ltr'>reflexio,</span> 
     </span>
     <span class='ocr_line' id='line_1_24' title="bbox 1736 2528 3093 2610; baseline 0 -19"><span class='ocrx_word' id='word_1_157' title='bbox 1736 2539 1805 2592; x_wconf 94' lang='lat' dir='ltr'>et</span> <span class='ocrx_word' id='word_1_158' title='bbox 1851 2528 2077 2610; x_wconf 88' lang='lat' dir='ltr'>anguli</span> <span class='ocrx_word' id='word_1_159' title='bbox 2123 2529 2525 2592; x_wconf 88' lang='lat' dir='ltr'>incidentiae</span> <span class='ocrx_word' id='word_1_160' title='bbox 2569 2540 2644 2594; x_wconf 91' lang='lat' dir='ltr'>et</span> <span class='ocrx_word' id='word_1_161' title='bbox 2694 2530 3093 2594; x_wconf 81' lang='lat' dir='ltr'>reflexionis</span> 
     </span>
     <span class='ocr_line' id='line_1_25' title="bbox 1733 2632 3092 2715; baseline 0 -21"><span class='ocrx_word' id='word_1_162' title='bbox 1733 2633 1865 2694; x_wconf 90' lang='lat' dir='ltr'>sint</span> <span class='ocrx_word' id='word_1_163' title='bbox 1898 2632 2230 2712; x_wconf 86' lang='lat' dir='ltr'>aequales,</span> <span class='ocrx_word' id='word_1_164' title='bbox 2261 2641 2533 2715; x_wconf 86' lang='lat' dir='ltr'>oportet</span> <span class='ocrx_word' id='word_1_165' title='bbox 2566 2644 2645 2697; x_wconf 88' lang='lat' dir='ltr'>ut</span> <span class='ocrx_word' id='word_1_166' title='bbox 2680 2634 2913 2697; x_wconf 88' lang='lat' dir='ltr'>radius</span> <span class='ocrx_word' id='word_1_167' title='bbox 2945 2654 3092 2715; x_wconf 83' lang='lat' dir='ltr'>ag,</span> 
     </span>
     <span class='ocr_line' id='line_1_26' title="bbox 1735 2734 3098 2818; baseline 0.003 -21"><span class='ocrx_word' id='word_1_168' title='bbox 1735 2736 2004 2818; x_wconf 86' lang='lat' dir='ltr'>quando</span> <span class='ocrx_word' id='word_1_169' title='bbox 2026 2734 2401 2813; x_wconf 87' lang='lat' dir='ltr'>reflectitur,</span> <span class='ocrx_word' id='word_1_170' title='bbox 2422 2737 2653 2801; x_wconf 90' lang='lat' dir='ltr'>minus</span> <span class='ocrx_word' id='word_1_171' title='bbox 2679 2739 2892 2801; x_wconf 88' lang='lat' dir='ltr'>distet</span> <span class='ocrx_word' id='word_1_172' title='bbox 2915 2760 2960 2801; x_wconf 92' lang='lat' dir='ltr'>a</span> <span class='ocrx_word' id='word_1_173' title='bbox 2980 2738 3098 2801; x_wconf 89' lang='lat' dir='ltr'>via</span> 
     </span>
     <span class='ocr_line' id='line_1_27' title="bbox 1736 2839 3096 2923; baseline 0.003 -22"><span class='ocrx_word' id='word_1_174' title='bbox 1736 2839 2142 2915; x_wconf 82' lang='lat' dir='ltr'>incidentiae,</span> <span class='ocrx_word' id='word_1_175' title='bbox 2209 2850 2274 2902; x_wconf 90' lang='lat' dir='ltr'>et</span> <span class='ocrx_word' id='word_1_176' title='bbox 2339 2840 2672 2921; x_wconf 89' lang='lat' dir='ltr'>majorem</span> <span class='ocrx_word' id='word_1_177' title='bbox 2754 2842 3096 2923; x_wconf 85' lang='lat' dir='ltr'>angulum</span> 
     </span>
     <span class='ocr_line' id='line_1_28' title="bbox 1736 2941 3100 3028; baseline 0.004 -24"><span class='ocrx_word' id='word_1_178' title='bbox 1736 2941 2111 3006; x_wconf 88' lang='lat' dir='ltr'>reflexionis</span> <span class='ocrx_word' id='word_1_179' title='bbox 2184 2944 2510 3025; x_wconf 90' lang='lat' dir='ltr'>relinquat</span> <span class='ocrx_word' id='word_1_180' title='bbox 2575 2966 2793 3028; x_wconf 90' lang='lat' dir='ltr'>quam</span> <span class='ocrx_word' id='word_1_181' title='bbox 2860 2946 3100 3011; x_wconf 89' lang='lat' dir='ltr'>radius</span> 
     </span>
     <span class='ocr_line' id='line_1_29' title="bbox 1656 3048 3099 3129; baseline 0.007 -25"><span class='ocrx_word' id='word_1_182' title='bbox 1656 3101 1657 3104; x_wconf 74' lang='grc'>,</span> <span class='ocrx_word' id='word_1_183' title='bbox 1734 3067 1873 3121; x_wconf 86' lang='lat' dir='ltr'>ac3</span> <span class='ocrx_word' id='word_1_184' title='bbox 1919 3066 2078 3129; x_wconf 85' lang='lat' dir='ltr'>ergo</span> <span class='ocrx_word' id='word_1_185' title='bbox 2123 3068 2236 3128; x_wconf 82' lang='lat' dir='ltr'>ag</span> <span class='ocrx_word' id='word_1_186' title='bbox 2275 3050 2501 3111; x_wconf 91' lang='lat' dir='ltr'>radius</span> <span class='ocrx_word' id='word_1_187' title='bbox 2551 3048 2954 3113; x_wconf 86' lang='lat' dir='ltr'>reflectetur</span> <span class='ocrx_word' id='word_1_188' title='bbox 3001 3053 3099 3114; x_wconf 93' lang='lat' dir='ltr'>ad</span> 
     </span>
     <span class='ocr_line' id='line_1_30' title="bbox 1736 3150 3102 3231; baseline 0.001 -15"><span class='ocrx_word' id='word_1_189' title='bbox 1736 3160 2054 3231; x_wconf 87' lang='lat' dir='ltr'>punctum</span> <span class='ocrx_word' id='word_1_190' title='bbox 2110 3150 2418 3214; x_wconf 89' lang='lat' dir='ltr'>altiorem</span> <span class='ocrx_word' id='word_1_191' title='bbox 2470 3152 2539 3214; x_wconf 92' lang='lat' dir='ltr'>in</span> <span class='ocrx_word' id='word_1_192' title='bbox 2592 3155 2942 3219; x_wconf 89' lang='lat' dir='ltr'>diametro</span> <span class='ocrx_word' id='word_1_193' title='bbox 2988 3154 3102 3217; x_wconf 85' lang='lat' dir='ltr'>ab</span> 
     </span>
     <span class='ocr_line' id='line_1_31' title="bbox 1584 3255 3104 3341; baseline 0.001 -23"><span class='ocrx_word' id='word_1_194' title='bbox 1584 3313 1628 3341; x_wconf 62' lang='lat' dir='ltr'>s„</span> <span class='ocrx_word' id='word_1_195' title='bbox 1735 3272 1935 3332; x_wconf 81' lang='lat' dir='ltr'>quam</span> <span class='ocrx_word' id='word_1_196' title='bbox 1995 3273 2039 3314; x_wconf 88' lang='lat' dir='ltr'>a</span> <span class='ocrx_word' id='word_1_197' title='bbox 2077 3274 2112 3316; x_wconf 90' lang='lat' dir='ltr'>c</span> <span class='ocrx_word' id='word_1_198' title='bbox 2170 3255 2410 3318; x_wconf 88' lang='lat' dir='ltr'>radius.</span> <span class='ocrx_word' id='word_1_199' title='bbox 2528 3256 2626 3320; x_wconf 91' lang='lat' dir='ltr'>Et</span> <span class='ocrx_word' id='word_1_200' title='bbox 2682 3258 2919 3322; x_wconf 90' lang='lat' dir='ltr'>adhuc</span> <span class='ocrx_word' id='word_1_201' title='bbox 2973 3257 3104 3321; x_wconf 80' lang='lat' dir='ltr'>ak</span> 
     </span>
     <span class='ocr_line' id='line_1_32' title="bbox 1736 3353 3105 3442; baseline 0.004 -22"><span class='ocrx_word' id='word_1_202' title='bbox 1736 3354 1957 3420; x_wconf 82' lang='lat' dir='ltr'>radius</span> <span class='ocrx_word' id='word_1_203' title='bbox 1991 3353 2348 3420; x_wconf 88' lang='lat' dir='ltr'>reflectitur</span> <span class='ocrx_word' id='word_1_204' title='bbox 2379 3358 2657 3422; x_wconf 80' lang='lat' dir='ltr'>inferius</span> <span class='ocrx_word' id='word_1_205' title='bbox 2688 3380 2906 3442; x_wconf 91' lang='lat' dir='ltr'>quam</span> <span class='ocrx_word' id='word_1_206' title='bbox 2953 3383 3000 3423; x_wconf 85' lang='lat' dir='ltr'>a</span> <span class='ocrx_word' id='word_1_207' title='bbox 3024 3383 3062 3424; x_wconf 86' lang='lat' dir='ltr'>c</span> <span class='ocrx_word' id='word_1_208' title='bbox 3088 3382 3105 3438; x_wconf 91' lang='grc'>;</span> 
     </span>
     <span class='ocr_line' id='line_1_33' title="bbox 1737 3456 3106 3547; baseline 0.008 -29"><span class='ocrx_word' id='word_1_209' title='bbox 1737 3456 1864 3519; x_wconf 90' lang='lat' dir='ltr'>hoc</span> <span class='ocrx_word' id='word_1_210' title='bbox 1925 3459 2098 3522; x_wconf 88' lang='lat' dir='ltr'>enim</span> <span class='ocrx_word' id='word_1_211' title='bbox 2160 3460 2374 3541; x_wconf 85' lang='lat' dir='ltr'>exigit</span> <span class='ocrx_word' id='word_1_212' title='bbox 2435 3464 2828 3543; x_wconf 87' lang='lat' dir='ltr'>aequalitas</span> <span class='ocrx_word' id='word_1_213' title='bbox 2883 3484 3106 3547; x_wconf 84' lang='lat' dir='ltr'>angu-</span> 
     </span>
     <span class='ocr_line' id='line_1_34' title="bbox 1736 3558 3104 3632; baseline 0.01 -13"><span class='ocrx_word' id='word_1_214' title='bbox 1736 3558 1949 3625; x_wconf 89' lang='lat' dir='ltr'>lorum</span> <span class='ocrx_word' id='word_1_215' title='bbox 2040 3561 2436 3627; x_wconf 85' lang='lat' dir='ltr'>incidentiae</span> <span class='ocrx_word' id='word_1_216' title='bbox 2515 3576 2588 3629; x_wconf 88' lang='lat' dir='ltr'>et</span> <span class='ocrx_word' id='word_1_217' title='bbox 2676 3568 3104 3632; x_wconf 78' lang='lat' dir='ltr'>reflexioniS.</span> 
     </span>
     <span class='ocr_line' id='line_1_35' title="bbox 1738 3661 3122 3755; baseline 0.008 -30"><span class='ocrx_word' id='word_1_218' title='bbox 1738 3661 1830 3725; x_wconf 89' lang='lat' dir='ltr'>Et</span> <span class='ocrx_word' id='word_1_219' title='bbox 1903 3662 1997 3729; x_wconf 87' lang='lat' dir='ltr'>sic</span> <span class='ocrx_word' id='word_1_220' title='bbox 2073 3663 2141 3726; x_wconf 88' lang='lat' dir='ltr'>in</span> <span class='ocrx_word' id='word_1_221' title='bbox 2223 3665 2356 3729; x_wconf 90' lang='lat' dir='ltr'>alio</span> <span class='ocrx_word' id='word_1_222' title='bbox 2455 3671 2901 3737; x_wconf 90' lang='lat' dir='ltr'>semicirculo</span> <span class='ocrx_word' id='word_1_223' title='bbox 2979 3695 3027 3735; x_wconf 86' lang='lat' dir='ltr'>a</span> <span class='ocrx_word' id='word_1_224' title='bbox 3055 3675 3122 3755; x_wconf 86' lang='lat' dir='ltr'><strong><em>f</em></strong></span> 
     </span>
     <span class='ocr_line' id='line_1_36' title="bbox 750 3761 3109 3857; baseline 0.006 -34"><span class='ocrx_word' id='word_1_225' title='bbox 750 3761 1105 3827; x_wconf 88' lang='lat' dir='ltr'>reflectitur</span> <span class='ocrx_word' id='word_1_226' title='bbox 1148 3764 1345 3827; x_wconf 91' lang='lat' dir='ltr'>altius</span> <span class='ocrx_word' id='word_1_227' title='bbox 1391 3782 1595 3845; x_wconf 90' lang='lat' dir='ltr'>quam</span> <span class='ocrx_word' id='word_1_228' title='bbox 1635 3762 1762 3839; x_wconf 82' lang='lat' dir='ltr'>ad,</span> <span class='ocrx_word' id='word_1_229' title='bbox 1812 3773 1879 3826; x_wconf 89' lang='lat' dir='ltr'>et</span> <span class='ocrx_word' id='word_1_230' title='bbox 1927 3766 2044 3827; x_wconf 88' lang='lat' dir='ltr'>ad</span> <span class='ocrx_word' id='word_1_231' title='bbox 2089 3766 2287 3832; x_wconf 91' lang='lat' dir='ltr'>altius</span> <span class='ocrx_word' id='word_1_232' title='bbox 2343 3790 2551 3851; x_wconf 87' lang='lat' dir='ltr'>quam</span> <span class='ocrx_word' id='word_1_233' title='bbox 2605 3795 2749 3857; x_wconf 82' lang='lat' dir='ltr'>aq.</span> <span class='ocrx_word' id='word_1_234' title='bbox 2851 3776 2992 3840; x_wconf 85' lang='lat' dir='ltr'>Sed</span> <span class='ocrx_word' id='word_1_235' title='bbox 3049 3778 3109 3841; x_wconf 87' lang='lat' dir='ltr'>si</span> 
     </span>
     <span class='ocr_line' id='line_1_37' title="bbox 747 3865 3114 3948; baseline 0.008 -23"><span class='ocrx_word' id='word_1_236' title='bbox 747 3885 790 3925; x_wconf 89' lang='lat' dir='ltr'>a</span> <span class='ocrx_word' id='word_1_237' title='bbox 803 3885 861 3945; x_wconf 80' lang='lat' dir='ltr'><em>g</em></span> <span class='ocrx_word' id='word_1_238' title='bbox 892 3878 957 3928; x_wconf 90' lang='lat' dir='ltr'>et</span> <span class='ocrx_word' id='word_1_239' title='bbox 991 3888 1035 3928; x_wconf 87' lang='lat' dir='ltr'>a</span> <span class='ocrx_word' id='word_1_240' title='bbox 1039 3868 1105 3948; x_wconf 92' lang='lat' dir='ltr'><em>f</em></span> <span class='ocrx_word' id='word_1_241' title='bbox 1131 3868 1265 3929; x_wconf 86' lang='lat' dir='ltr'>sint</span> <span class='ocrx_word' id='word_1_242' title='bbox 1306 3865 1635 3948; x_wconf 86' lang='lat' dir='ltr'>aequales,</span> <span class='ocrx_word' id='word_1_243' title='bbox 1680 3878 2012 3947; x_wconf 88' lang='lat' dir='ltr'>ponantur</span> <span class='ocrx_word' id='word_1_244' title='bbox 2047 3869 2160 3948; x_wconf 90' lang='lat' dir='ltr'>ita,</span> <span class='ocrx_word' id='word_1_245' title='bbox 2202 3880 2270 3933; x_wconf 92' lang='lat' dir='ltr'>et</span> <span class='ocrx_word' id='word_1_246' title='bbox 2313 3882 2474 3937; x_wconf 89' lang='lat' dir='ltr'>tunc</span> <span class='ocrx_word' id='word_1_247' title='bbox 2517 3875 2975 3944; x_wconf 87' lang='lat' dir='ltr'>reflectentur</span> <span class='ocrx_word' id='word_1_248' title='bbox 3016 3883 3114 3945; x_wconf 91' lang='lat' dir='ltr'>ad</span> 
     </span>
     <span class='ocr_line' id='line_1_38' title="bbox 750 3967 3111 4060; baseline 0.008 -32"><span class='ocrx_word' id='word_1_249' title='bbox 750 3978 1068 4047; x_wconf 89' lang='lat' dir='ltr'>punctum</span> <span class='ocrx_word' id='word_1_250' title='bbox 1113 3968 1291 4031; x_wconf 90' lang='lat' dir='ltr'>idem</span> <span class='ocrx_word' id='word_1_251' title='bbox 1332 3969 1396 4031; x_wconf 91' lang='lat' dir='ltr'>in</span> <span class='ocrx_word' id='word_1_252' title='bbox 1440 3989 1589 4030; x_wconf 77' lang='lat' dir='ltr'>axe.</span> <span class='ocrx_word' id='word_1_253' title='bbox 1685 3967 1863 4030; x_wconf 92' lang='lat' dir='ltr'>Nam</span> <span class='ocrx_word' id='word_1_254' title='bbox 1901 3970 2125 4051; x_wconf 84' lang='lat' dir='ltr'>anguli</span> <span class='ocrx_word' id='word_1_255' title='bbox 2159 3972 2566 4040; x_wconf 90' lang='lat' dir='ltr'>incidentiae</span> <span class='ocrx_word' id='word_1_256' title='bbox 2599 3999 2793 4060; x_wconf 92' lang='lat' dir='ltr'>quos</span> <span class='ocrx_word' id='word_1_257' title='bbox 2838 3982 3111 4049; x_wconf 88' lang='lat' dir='ltr'>faciunt</span> 
     </span>
     <span class='ocr_line' id='line_1_39' title="bbox 748 4070 3120 4170; baseline 0.006 -40"><span class='ocrx_word' id='word_1_258' title='bbox 748 4080 902 4132; x_wconf 91' lang='lat' dir='ltr'>sunt</span> <span class='ocrx_word' id='word_1_259' title='bbox 947 4072 1301 4153; x_wconf 88' lang='lat' dir='ltr'>aequales;</span> <span class='ocrx_word' id='word_1_260' title='bbox 1347 4090 1509 4152; x_wconf 88' lang='lat' dir='ltr'>ergo</span> <span class='ocrx_word' id='word_1_261' title='bbox 1540 4070 1763 4150; x_wconf 87' lang='lat' dir='ltr'>anguli</span> <span class='ocrx_word' id='word_1_262' title='bbox 1814 4070 2202 4136; x_wconf 89' lang='lat' dir='ltr'>reflectionis</span> <span class='ocrx_word' id='word_1_263' title='bbox 2244 4087 2402 4140; x_wconf 89' lang='lat' dir='ltr'>sunt</span> <span class='ocrx_word' id='word_1_264' title='bbox 2449 4085 2840 4163; x_wconf 84' lang='lat' dir='ltr'>aequales;</span> <span class='ocrx_word' id='word_1_265' title='bbox 2892 4108 3120 4170; x_wconf 86' lang='lat' dir='ltr'>quare</span> 
     </span>
     <span class='ocr_line' id='line_1_40' title="bbox 752 4172 3119 4257; baseline 0.01 -26"><span class='ocrx_word' id='word_1_266' title='bbox 752 4173 970 4235; x_wconf 88' lang='lat' dir='ltr'>radius</span> <span class='ocrx_word' id='word_1_267' title='bbox 1001 4195 1116 4255; x_wconf 83' lang='lat' dir='ltr'>go</span> <span class='ocrx_word' id='word_1_268' title='bbox 1162 4172 1449 4236; x_wconf 85' lang='lat' dir='ltr'>reflexus</span> <span class='ocrx_word' id='word_1_269' title='bbox 1497 4192 1618 4235; x_wconf 91' lang='lat' dir='ltr'>nec</span> <span class='ocrx_word' id='word_1_270' title='bbox 1665 4172 1813 4253; x_wconf 91' lang='lat' dir='ltr'>plus</span> <span class='ocrx_word' id='word_1_271' title='bbox 1860 4194 1978 4236; x_wconf 91' lang='lat' dir='ltr'>nec</span> <span class='ocrx_word' id='word_1_272' title='bbox 2025 4178 2238 4240; x_wconf 87' lang='lat' dir='ltr'>minus</span> <span class='ocrx_word' id='word_1_273' title='bbox 2283 4180 2572 4245; x_wconf 89' lang='lat' dir='ltr'>distabit</span> <span class='ocrx_word' id='word_1_274' title='bbox 2631 4206 2677 4249; x_wconf 90' lang='lat' dir='ltr'>a</span> <span class='ocrx_word' id='word_1_275' title='bbox 2730 4188 2894 4253; x_wconf 91' lang='lat' dir='ltr'>loco</span> <span class='ocrx_word' id='word_1_276' title='bbox 2945 4193 3119 4257; x_wconf 88' lang='lat' dir='ltr'>inci-</span> 
     </span>
     <span class='ocr_line' id='line_1_41' title="bbox 751 4273 3119 4367; baseline 0.005 -32"><span class='ocrx_word' id='word_1_277' title='bbox 751 4274 1014 4340; x_wconf 88' lang='lat' dir='ltr'>dentiae</span> <span class='ocrx_word' id='word_1_278' title='bbox 1068 4296 1273 4358; x_wconf 91' lang='lat' dir='ltr'>quam</span> <span class='ocrx_word' id='word_1_279' title='bbox 1310 4277 1376 4357; x_wconf 92' lang='lat' dir='ltr'><em>f</em></span> <span class='ocrx_word' id='word_1_280' title='bbox 1383 4297 1420 4338; x_wconf 87' lang='lat'><em>0</em></span> <span class='ocrx_word' id='word_1_281' title='bbox 1474 4273 1802 4348; x_wconf 79' lang='lat' dir='ltr'>reflexus3</span> <span class='ocrx_word' id='word_1_282' title='bbox 1858 4288 1925 4339; x_wconf 91' lang='lat' dir='ltr'>et</span> <span class='ocrx_word' id='word_1_283' title='bbox 1978 4278 2126 4340; x_wconf 91' lang='lat' dir='ltr'>ideo</span> <span class='ocrx_word' id='word_1_284' title='bbox 2178 4293 2450 4362; x_wconf 87' lang='lat' dir='ltr'>oportet</span> <span class='ocrx_word' id='word_1_285' title='bbox 2498 4292 2696 4367; x_wconf 86' lang='lat' dir='ltr'>quod</span> <span class='ocrx_word' id='word_1_286' title='bbox 2761 4296 2858 4356; x_wconf 77' lang='lat' dir='ltr'>ad</span> <span class='ocrx_word' id='word_1_287' title='bbox 2922 4297 3119 4360; x_wconf 69' lang='lat' dir='ltr'>idem</span> 
     </span>
     <span class='ocr_line' id='line_1_42' title="bbox 749 4378 3128 4464; baseline 0.01 -28"><span class='ocrx_word' id='word_1_288' title='bbox 749 4388 1065 4455; x_wconf 89' lang='lat' dir='ltr'>punctum</span> <span class='ocrx_word' id='word_1_289' title='bbox 1112 4378 1422 4442; x_wconf 90' lang='lat' dir='ltr'>diametri</span> <span class='ocrx_word' id='word_1_290' title='bbox 1455 4387 1815 4452; x_wconf 88' lang='lat' dir='ltr'>transeant,</span> <span class='ocrx_word' id='word_1_291' title='bbox 1845 4378 2096 4442; x_wconf 91' lang='lat' dir='ltr'>scilicet</span> <span class='ocrx_word' id='word_1_292' title='bbox 2139 4383 2226 4445; x_wconf 89' lang='lat' dir='ltr'>ad</span> <span class='ocrx_word' id='word_1_293' title='bbox 2271 4404 2348 4460; x_wconf 86' lang='lat'>03</span> <span class='ocrx_word' id='word_1_294' title='bbox 2396 4393 2468 4448; x_wconf 92' lang='lat' dir='ltr'>et</span> <span class='ocrx_word' id='word_1_295' title='bbox 2515 4389 2856 4459; x_wconf 87' lang='lat' dir='ltr'>similiter</span> <span class='ocrx_word' id='word_1_296' title='bbox 2889 4422 2937 4462; x_wconf 84' lang='lat' dir='ltr'>a</span> <span class='ocrx_word' id='word_1_297' title='bbox 2963 4421 3000 4460; x_wconf 90' lang='lat' dir='ltr'>c</span> <span class='ocrx_word' id='word_1_298' title='bbox 3048 4412 3128 4464; x_wconf 85' lang='lat' dir='ltr'>et</span> 
     </span>
     <span class='ocr_line' id='line_1_43' title="bbox 747 4476 3127 4582; baseline 0.013 -46"><span class='ocrx_word' id='word_1_299' title='bbox 747 4476 864 4538; x_wconf 86' lang='lat' dir='ltr'>ad</span> <span class='ocrx_word' id='word_1_300' title='bbox 888 4479 1307 4545; x_wconf 86' lang='lat' dir='ltr'>reflectentur</span> <span class='ocrx_word' id='word_1_301' title='bbox 1336 4481 1421 4542; x_wconf 88' lang='lat' dir='ltr'>ad</span> <span class='ocrx_word' id='word_1_302' title='bbox 1464 4480 1641 4541; x_wconf 92' lang='lat' dir='ltr'>idem</span> <span class='ocrx_word' id='word_1_303' title='bbox 1683 4489 2018 4559; x_wconf 89' lang='lat' dir='ltr'>punctum,</span> <span class='ocrx_word' id='word_1_304' title='bbox 2057 4484 2280 4562; x_wconf 89' lang='lat' dir='ltr'>posito</span> <span class='ocrx_word' id='word_1_305' title='bbox 2311 4490 2497 4567; x_wconf 91' lang='lat' dir='ltr'>quod</span> <span class='ocrx_word' id='word_1_306' title='bbox 2539 4493 2685 4558; x_wconf 88' lang='lat' dir='ltr'>sint</span> <span class='ocrx_word' id='word_1_307' title='bbox 2730 4503 3127 4582; x_wconf 66' lang='lat' dir='ltr'>aequales-,3</span> 
     </span>
     <span class='ocr_line' id='line_1_44' title="bbox 749 4581 3132 4673; baseline 0.012 -33"><span class='ocrx_word' id='word_1_308' title='bbox 749 4588 816 4640; x_wconf 93' lang='lat' dir='ltr'>et</span> <span class='ocrx_word' id='word_1_309' title='bbox 857 4584 1091 4647; x_wconf 91' lang='lat' dir='ltr'>eodem</span> <span class='ocrx_word' id='word_1_310' title='bbox 1126 4583 1331 4646; x_wconf 90' lang='lat' dir='ltr'>modo</span> <span class='ocrx_word' id='word_1_311' title='bbox 1366 4581 1476 4645; x_wconf 85' lang='lat' dir='ltr'>ak</span> <span class='ocrx_word' id='word_1_312' title='bbox 1505 4591 1572 4644; x_wconf 92' lang='lat' dir='ltr'>et</span> <span class='ocrx_word' id='word_1_313' title='bbox 1616 4602 1657 4643; x_wconf 86' lang='lat' dir='ltr'>a</span> <span class='ocrx_word' id='word_1_314' title='bbox 1681 4601 1742 4661; x_wconf 87' lang='lat' dir='ltr'>q,</span> <span class='ocrx_word' id='word_1_315' title='bbox 1772 4583 1885 4663; x_wconf 90' lang='lat' dir='ltr'>qui</span> <span class='ocrx_word' id='word_1_316' title='bbox 1918 4584 2164 4649; x_wconf 89' lang='lat' dir='ltr'>cadunt</span> <span class='ocrx_word' id='word_1_317' title='bbox 2208 4588 2273 4648; x_wconf 88' lang='lat' dir='ltr'>in</span> <span class='ocrx_word' id='word_1_318' title='bbox 2308 4593 2622 4659; x_wconf 87' lang='lat' dir='ltr'>terminis</span> <span class='ocrx_word' id='word_1_319' title='bbox 2665 4600 3018 4672; x_wconf 89' lang='lat' dir='ltr'>diametri</span> <span class='ocrx_word' id='word_1_320' title='bbox 3054 4620 3132 4673; x_wconf 85' lang='lat' dir='ltr'>et</span> 
     </span>
    </p>
   </div>
   <div class='ocr_carea' id='block_1_4' title="bbox 1196 2382 1240 2422">
    <p class='ocr_par' dir='ltr' id='par_1_4' title="bbox 1196 2382 1240 2422">
     <span class='ocr_line' id='line_1_45' title="bbox 1196 2382 1240 2422; baseline 0.023 -1"><span class='ocrx_word' id='word_1_321' title='bbox 1196 2382 1240 2422; x_wconf 63' lang='lat' dir='ltr'>fl.</span> 
     </span>
    </p>
   </div>
   <div class='ocr_carea' id='block_1_5' title="bbox 751 2424 1680 3590">
    <p class='ocr_par' dir='ltr' id='par_1_5' title="bbox 751 2424 1680 3590">
     <span class='ocr_line' id='line_1_46' title="bbox 751 2424 1680 3590; baseline 0 0"><span class='ocrx_word' id='word_1_322' title='bbox 751 2424 1680 3590; x_wconf 95' lang='lat' dir='ltr'> </span> 
     </span>
    </p>
   </div>
   <div class='ocr_carea' id='block_1_6' title="bbox 1100 3641 1328 3695">
    <p class='ocr_par' dir='ltr' id='par_1_6' title="bbox 1100 3641 1328 3695">
     <span class='ocr_line' id='line_1_47' title="bbox 1100 3641 1328 3695; baseline 0.009 -6"><span class='ocrx_word' id='word_1_323' title='bbox 1100 3641 1223 3695; x_wconf 76' lang='lat' dir='ltr'>Fxo.</span> <span class='ocrx_word' id='word_1_324' title='bbox 1248 3642 1328 3691; x_wconf 87' lang='lat'>86.</span> 
     </span>
    </p>
   </div>
  </div>
 </body>
</html>
