3542 5359
391 626 586 686 MORALIS
610 625 906 686 PHILOSOPHIA
918 648 929 684 .·
954 625 1070 685 PARS
1094 625 1277 699 QUARTA.
1353 641 1413 702 393

262 809 437 873 possumus
463 789 593 853 uberius
617 789 729 854 videre
754 809 841 871 quae
865 791 908 852 sit
935 789 1089 852 tenenda
1136 789 1182 852 Et
1211 809 1273 871 pro
1303 787 1412 852 radice
1425 806 1567 873 Weightot

262 895 357 956 istius
376 893 656 970 considerationis,
677 902 809 976 oportet
835 912 960 976 ponere
982 894 1072 974 quod
1095 891 1250 956 historiae
1265 892 1411 956 omnium
1424 875 1560 990 {fgffll

263 998 436 1060 nationum
451 999 683 1061 concedendae
697 1006 774 1061 sunt
788 996 981 1079 aequaliter,
994 997 1049 1059 ubi
1066 997 1208 1061 occurrit
1224 996 1329 1060 forma
1344 996 1411 1059 dis·
1425 1006 1493 1082 three
1503 1021 1540 1081 τις

263 1101 413 1184 putandi.
460 1101 548 1164 Nam
565 1102 594 1164 si
614 1099 789 1168 Christiani
806 1111 926 1182 negent
947 1100 1101 1164 historias
1120 1099 1358 1165 Saracenorum
1379 1107 1412 1162 et
1425 1072 1553 1185 25¹3ssssss

263 1205 475 1287 ludaeorum,
490 1205 537 1267 illi
553 1206 722 1288 negabunt
741 1205 859 1268 eodem
872 1204 946 1286 jure
965 1204 1119 1268 historias
1139 1202 1411 1268 Christianorum.
1424 1203 1517 1254 chrisa

266 1309 496 1372 Sustineamus
518 1310 625 1392 gratia
647 1309 882 1392 disputationis
905 1308 1059 1371 historias
1082 1309 1219 1372 istarum
1242 1317 1415 1383 sectarum,

265 1423 302 1476 ut
328 1413 499 1476 videamus
522 1432 609 1493 quae
633 1411 821 1494 praevalere
843 1412 964 1476 debeat
990 1413 1023 1474 in
1048 1411 1111 1475 hac
1137 1422 1239 1494 parte.
1285 1411 1417 1476 Dicitur

267 1517 367 1598 igitur
382 1517 414 1578 in
438 1516 575 1580 historia
596 1515 798 1599 Evangelica
819 1516 910 1597 quod
932 1516 1017 1582 inter
1038 1526 1134 1580 natos
1155 1515 1326 1580 mulierum
1348 1535 1414 1578 non

266 1621 410 1684 surrexit
433 1619 537 1700 major
563 1618 717 1701 Johanne
742 1619 915 1702 Baptista3
950 1620 1009 1683 sed
1031 1619 1120 1684 idem
1142 1619 1313 1702 Johannes
1336 1619 1417 1683 dicit

267 1724 357 1805 quod
387 1743 453 1786 non
484 1732 535 1787 est
564 1725 686 1805 dignus
719 1724 846 1788 solvere
880 1724 1054 1806 corrigiam
1088 1721 1304 1788 calceamenti
1336 1722 1416 1805 Jesu

269 1827 412 1905 Christi3
445 1847 526 1909 ergo
554 1848 616 1891 nec
647 1827 878 1895 Machometus
907 1848 969 1892 nec
999 1827 1144 1910 Moyses,
1167 1828 1246 1909 quia
1272 1848 1338 1891 non
1368 1835 1418 1891 est

268 1932 475 2013 comparatio
497 1951 611 1995 eorum
634 1933 678 1995 ad
701 1930 881 2008 Christum,
899 1951 959 1994 nec
980 1929 1062 2014 legis
1089 1932 1132 1994 ad
1155 1932 1274 2014 legem.
1331 1931 1417 1995 Item

268 2035 496 2119 Alpharabius
510 2036 610 2102 docet
624 2037 658 2098 iu
673 2033 758 2099 libro
773 2036 816 2099 de
825 2034 981 2100 Scientiis
997 2036 1115 2099 modos
1126 2035 1290 2118 probandi
1300 2045 1418 2112 sectas,

270 2151 305 2204 et
319 2141 403 2203 duos
426 2160 505 2222 prae
523 2139 596 2204 aliis
617 2139 781 2203 notabiles
801 2140 906 2222 ponit.
952 2138 1049 2202 Unus
1071 2148 1122 2201 est
1139 2138 1230 2220 quod
1247 2137 1302 2200 ille
1317 2140 1419 2202 debet

269 2264 341 2308 esse
357 2243 526 2325 legislator
539 2241 703 2326 perlectus
723 2242 775 2307 cui
794 2242 969 2327 perhibent
991 2242 1215 2306 testimonium
1236 2242 1420 2324 prophetae

270 2349 505 2430 praecedentes
517 2358 552 2412 et
563 2348 811 2429 subsequentes.
839 2345 907 2411 Sed
922 2366 989 2409 non
1005 2345 1180 2430 perhibent
1194 2346 1419 2410 testimonium

270 2450 454 2534 prophetae
476 2452 714 2532 praecedentes
735 2462 770 2517 et
790 2451 1030 2532 subsequentes
1057 2449 1170 2531 Moysi
1195 2469 1255 2514 nec
1281 2448 1419 2514 Macho-

273 2565 371 2618 meto.
416 2554 508 2638 Ergo
537 2552 689 2617 Christus
714 2554 804 2620 solus
826 2563 877 2618 est
903 2552 1072 2635 legislator
1095 2573 1194 2634 quem
1220 2553 1419 2636 quaerimus.

273 2659 374 2741 Quod
386 2668 498 2721 autem
509 2657 691 2740 prophetae
701 2658 827 2744 priores
839 2655 1035 2740 perhibeant
1047 2658 1275 2722 testimonium
1287 2655 1421 2720 Christo

271 2764 336 2826 hoc
352 2762 493 2844 ipsemet
507 2771 658 2838 testatur,
672 2762 787 2826 dicens
807 2760 919 2826 Lucae
938 2761 1064 2839 ultimo,
1080 2762 1175 2825 Sicut
1193 2763 1352 2843 scriptum
1370 2773 1422 2825 est

272 2869 306 2931 in
321 2866 393 2949 lege
409 2865 538 2947 Moysis
560 2876 594 2929 et
616 2865 791 2948 Prophetis
812 2873 846 2928 et
868 2864 1008 2929 Psalmis
1028 2865 1071 2932 de
1091 2886 1154 2929 me.
1200 2865 1245 2928 Et
1260 2864 1422 2946 Johannis

273 2971 430 3048 secundo,
456 2968 593 3051 Moyses
622 2969 709 3034 enim
733 2969 863 3052 scripsit
890 2969 932 3032 de
955 2990 1029 3044 me;
1066 2978 1101 3032 et
1129 2988 1189 3050 per
1213 2969 1421 3051 prophetiam

274 3074 423 3140 Danielis
439 3073 648 3137 manifestum
668 3082 719 3136 est
734 3083 959 3156 praetactam3
983 3082 1017 3138 et
1032 3093 1092 3156 per
1112 3072 1235 3140 Isaiam
1256 3073 1313 3155 qui
1332 3073 1422 3151 dicit,

275 3182 364 3246 Ecce
378 3179 472 3260 virgo
489 3177 653 3258 concipiet
673 3186 708 3239 et
728 3177 835 3259 pariet
859 3175 983 3254 filium3
1006 3179 1059 3241 cui
1086 3177 1319 3242 Machometus
1345 3198 1423 3242 con-

274 3286 390 3351 cordat
401 3302 476 3347 cum
488 3283 570 3345 dicit
577 3280 746 3344 Christum
758 3301 830 3344 esse
840 3279 1109 3364 filiumVirginis3
1122 3292 1156 3345 et
1163 3281 1423 3364 perJosephum,

274 3390 331 3472 qui
354 3397 496 3452 testatur
516 3387 608 3468 quod
634 3386 747 3449 omnia
770 3384 908 3466 impleta
931 3395 1010 3448 sunt
1036 3387 1069 3448 in
1096 3385 1231 3452 Christo
1255 3406 1342 3469 quae
1365 3407 1426 3471 per

274 3492 454 3578 prophetas
468 3491 649 3556 dictasunt
663 3492 706 3554 de
722 3511 773 3554 eo.
817 3488 885 3554 Sed
900 3489 964 3552 hoc
979 3510 1047 3556 non
1062 3491 1169 3555 solum
1188 3501 1282 3575 patet
1298 3492 1351 3570 sic,
1366 3492 1426 3554 sed

276 3619 334 3682 per
358 3596 537 3680 prophetas
560 3595 760 3677 posteriores
785 3614 835 3674 eu,
853 3595 911 3676 qui
936 3606 1013 3659 sunt
1031 3597 1135 3662 sancti
1161 3597 1427 3670 innumerabiles,

277 3704 332 3787 qui
355 3721 423 3763 non
445 3699 552 3764 solum
578 3699 740 3763 dederunt
766 3699 994 3764 testimonium
1019 3699 1159 3778 Christo,
1182 3700 1241 3764 sed
1264 3709 1428 3764 testantur

276 3806 367 3890 quod
383 3803 566 3886 prophetae
580 3803 707 3886 priores
721 3803 834 3869 omnia
849 3803 951 3865 locuti
967 3813 1043 3868 sunt
1062 3806 1104 3868 de
1120 3825 1171 3868 eo.

323 3909 400 3974 lstis
422 3917 534 3970 autem
553 3907 677 3969 sanctis
699 3904 872 3987 prophetis
896 3908 1131 3989 posterioribus
1153 3907 1354 3971 credendum
1377 3919 1428 3972 est
1441 3929 1485 3979 six
1495 3943 1596 3979 reasons

278 4025 411 4102 propter
433 4031 494 4074 sex
517 4009 668 4075 rationes
714 4009 805 4072 Nam
827 4009 935 4092 prima
960 4021 993 4078 et
1020 4012 1194 4095 potissima
1219 4013 1304 4074 ratio
1326 4030 1430 4092 quare
1442 3995 1481 4111 {gf
1492 4003 1591 4110 mept-

277 4124 329 4185 his
349 4117 551 4182 credendum
571 4125 622 4180 est
649 4123 700 4177 est
719 4113 879 4176 sanctitas
903 4113 1058 4198 perlecta.
1103 4115 1271 4198 Quoniam
1299 4115 1429 4180 Tullius
1442 4078 1582 4202 wiineseot

278 4229 313 4289 in
334 4220 480 4306 Topicis,
499 4218 553 4281 ubi
575 4219 673 4281 docet
693 4217 974 4282 considerationes
991 4219 1203 4297 auctoritatis,
1219 4219 1318 4303 digne
1336 4220 1429 4282 attri-
1442 4193 1485 4244 ²¹¹⁶
1496 4192 1586 4243 Sama.

279 4329 352 4394 buit
368 4345 442 4391 eam
458 4323 565 4407 primo
580 4332 614 4387 et
629 4341 688 4404 per
706 4341 742 4384 se
756 4321 870 4387 virtuti
883 4344 891 4400 ;
913 4323 992 4403 quia
1007 4323 1110 4386 homo
1126 4323 1233 4389 bonus
1248 4336 1282 4388 et
1297 4333 1430 4388 sanctus

279 4453 346 4498 non
368 4430 440 4494 vult
465 4426 605 4490 mentiri.
650 4425 806 4490 Secunda
829 4427 977 4490 conditio
1001 4437 1051 4492 est
1072 4428 1234 4511 sapientia
1257 4427 1432 4492 ineffabilis

279 4557 346 4621 qua
361 4535 527 4599 sciverunt
541 4550 655 4594 cavere
670 4531 714 4594 ab
728 4530 820 4593 omni
842 4551 960 4594 errore.
1005 4531 1095 4597 Nam
1117 4552 1184 4595 non
1201 4531 1309 4597 solum
1328 4553 1433 4616 appa·

280 4643 387 4711 tentia
409 4657 522 4706 curam
544 4636 648 4703 oculis
664 4645 891 4720 cognoverunt
913 4638 972 4702 sed
993 4635 1165 4714 absentia3
1189 4645 1223 4702 et
1242 4657 1308 4702 non
1323 4637 1432 4702 solum
