3542 5359
418 545 744 606 PERSPECTIVAE
768 547 883 605 PARS
908 547 1069 605 PRIMA:
1104 547 1214 609 DIST.
1240 548 1277 607 X.
1379 546 1418 607 81

267 727 529 811 particularibus,
551 736 586 791 et
608 727 814 811 particularia
837 726 1034 791 abinvicem
1058 748 1116 810 per
1137 728 1419 812 comparationem

268 833 316 897 rei
331 833 422 896 visae
435 832 479 896 ad
496 833 636 895 eandem
659 832 750 913 prius
770 831 885 908 visam,
907 831 1083 897 recolendo
1104 835 1195 913 quod
1219 834 1307 914 prius
1322 832 1420 897 fuerit

267 937 339 1001 visa
364 947 399 1001 et
428 945 510 1000 nota
535 937 670 1014 videnti,
701 934 778 1001 lacit
808 935 860 999 hic
891 937 1074 1001 secundum
1105 937 1241 999 modum
1271 958 1421 1022 compre·

268 1039 435 1104 hendendi
458 1061 518 1122 per
539 1040 656 1104 visum.

314 1143 468 1228 Cognitio
491 1165 569 1209 vero
588 1145 685 1208 tertia
705 1145 815 1209 adhuc
835 1153 896 1218 est,
913 1165 999 1226 quae
1024 1164 1090 1208 non
1116 1154 1228 1226 potest
1250 1138 1318 1208 fieri
1346 1146 1420 1210 solo
1435 1163 1472 1225 (3)
1495 1162 1570 1211 tuter-

268 1267 376 1325 sensu‚
401 1259 435 1312 et
462 1268 528 1312 non
554 1258 605 1313 est
635 1268 694 1331 per
724 1248 1006 1331 comparationem
1034 1248 1078 1312 ad
1110 1250 1201 1330 prius
1222 1243 1337 1326 visum,
1360 1250 1419 1315 sed
1433 1226 1594 1357 {ffi‘ffff

268 1353 422 1417 absolute
446 1352 631 1417 considerat
656 1362 863 1436 praesentem
892 1372 986 1432 rem;
1010 1353 1053 1415 ad
1081 1353 1173 1435 cujus
1198 1355 1422 1435 cognitionem
1435 1377 1468 1438 qn
1481 1359 1580 1409 instinc-

269 1455 365 1539 plura
379 1456 596 1538 requiruntur,
612 1466 646 1521 et
662 1466 714 1522 est
728 1457 821 1538 quasi
837 1459 1007 1537 quoddam
1017 1477 1122 1539 genus
1134 1459 1300 1542 arguendi.
1332 1449 1423 1522 Sicut
1435 1436 1591 1556 ffiffi

269 1581 346 1624 cum
364 1560 482 1643 aliquis
498 1571 590 1626 tenet
605 1561 638 1624 in
655 1581 754 1625 manu
770 1560 916 1644 lapidem
931 1562 1150 1644 perspicuum,
1161 1573 1196 1625 et
1208 1582 1274 1624 non
1287 1562 1424 1646 percipit

269 1665 342 1748 ejus
366 1665 644 1749 perspicuitatem,
671 1667 728 1731 sed
750 1666 777 1729 si
801 1676 950 1749 exponat
971 1684 1046 1729 eum
1071 1667 1145 1743 aeri,
1164 1674 1198 1730 et
1221 1667 1265 1730 sit
1288 1665 1424 1749 aliquod

268 1770 411 1834 densum
427 1779 515 1834 retro
533 1769 612 1833 illud
630 1767 791 1835 indebita
807 1769 965 1834 distantia
980 1779 1014 1833 et
1030 1770 1089 1833 lux
1112 1764 1284 1846 sufficiens,
1298 1764 1425 1835 videbit

268 1873 376 1938 lucem
399 1884 434 1939 et
459 1876 597 1938 densum
627 1874 715 1938 ultra
737 1874 905 1958 lapidem;
930 1885 965 1939 et
991 1885 1071 1939 tuuc
1100 1889 1176 1939 cum
1206 1895 1275 1938 non
1305 1882 1418 1958 potest

270 1977 440 2042 mediante
455 1978 566 2061 lapide
581 1999 650 2042 rem
674 1979 786 2044 videre
808 1999 894 2061 quae
910 1988 960 2042 est
976 1990 1065 2043 retro
1080 1974 1140 2043 nisi
1163 1979 1207 2041 sit
1229 1979 1426 2062 diaphanus,

269 2084 380 2166 arguit
409 2085 499 2164 quod
530 2084 574 2148 sit
602 2092 813 2168 transparens
843 2093 878 2148 et
910 2084 1109 2166 perspicuus.
1166 2082 1234 2147 Sed
1264 2084 1297 2146 in
1328 2085 1426 2148 rebus

268 2187 434 2252 consuetis
450 2207 510 2251 nos
526 2188 649 2251 utimur
663 2189 726 2251 hac
740 2183 930 2270 cognitione
945 2189 1063 2265 subito,
1075 2196 1110 2251 et
1121 2207 1189 2252 nou
1201 2189 1400 2271 percipimus
1412 2187 1424 2226 ¹

270 2311 334 2355 nos
355 2310 504 2373 arguere,
529 2311 604 2354 cum
630 2301 741 2355 tamen
765 2311 951 2374 arguamus.
999 2291 1112 2356 Homo
1138 2293 1225 2355 enim
1248 2285 1356 2374 arguit
1382 2313 1425 2357 ex

270 2405 390 2459 natura
405 2393 475 2458 sine
491 2395 686 2460 difficultate
701 2405 735 2460 et
751 2395 864 2460 labore
878 2418 886 2474 ;
909 2405 945 2458 ut
961 2416 1038 2458 cum
1051 2415 1154 2478 puero
1168 2396 1426 2461 offerunturduo

270 2519 381 2584 poma,
411 2519 551 2580 quorum
582 2520 684 2563 unum
716 2509 767 2564 est
800 2499 867 2563 alio
900 2500 1075 2582 pulchrius,
1100 2520 1181 2582 puer
1206 2498 1308 2582 elegit
1336 2501 1426 2582 quod

270 2603 442 2686 pulchrius
463 2613 523 2682 est,
545 2605 604 2668 sed
628 2624 694 2668 non
720 2600 780 2668 nisi
808 2601 885 2685 quia
904 2602 1021 2667 melius
1046 2603 1108 2667 sibi
1133 2599 1273 2681 videtur,
1296 2612 1329 2667 et
1351 2598 1427 2668 ideo

270 2708 380 2791 magis
412 2708 608 2791 eligendum.
666 2708 766 2774 Unde
796 2703 872 2772 lacit
903 2708 967 2772 hoc
988 2718 1229 2791 argumentum,
1252 2709 1341 2790 quod
1376 2718 1428 2772 est

270 2810 441 2894 pulchrius
451 2813 484 2876 in
502 2823 663 2895 quantum
678 2811 866 2895 hujusmodi
888 2821 940 2877 est
955 2810 1078 2888 melius,
1093 2820 1127 2874 et
1141 2811 1231 2894 quod
1247 2821 1298 2876 est
1312 2805 1428 2876 melius

270 2925 325 2980 est
346 2917 450 3000 magis
465 2917 661 3001 eligendum,
677 2936 757 3001 ergo
775 2917 942 3000 pulchrius
964 2925 1015 2979 est
1037 2915 1142 2998 magis
1164 2915 1372 2998 eligendum3
1393 2927 1429 2980 et

271 3033 388 3084 tamen
405 3041 471 3084 non
488 3022 626 3105 percipit
642 3022 732 3102 quod
751 3023 869 3105 arguit,
884 3031 1021 3104 propter
1042 3013 1254 3084 velocitatem
1270 3012 1428 3104 arguendi

272 3125 422 3188 innatam
437 3124 572 3202 homini,
587 3124 672 3188 sicut
687 3126 786 3189 docet
801 3123 964 3188 Alhaaen.

319 3227 366 3291 Et
393 3227 463 3311 jam
494 3227 526 3292 in
557 3227 799 3293 mathematicis
831 3237 865 3292 et
896 3223 1088 3311 logicalibus
1119 3221 1308 3292 confirmavi
1343 3226 1428 3293 hanc'

273 3333 473 3397 sententiam
490 3331 651 3408 Alhazen,
667 3344 701 3395 et
717 3331 854 3414 probavi
869 3334 960 3414 quod
975 3331 1147 3395 scientiam
1162 3333 1329 3414 arguendi,
1344 3353 1430 3414 quae

274 3447 326 3500 est
341 3434 460 3518 logica,
475 3437 595 3501 scimus
617 3458 638 3501 a
660 3446 779 3501 natura
788 3435 810 3514 ²,
825 3436 883 3499 sed
906 3435 1072 3499 vocabula
1086 3437 1221 3519 propria
1241 3436 1429 3518 ignoramus

272 3562 294 3603 a
316 3539 485 3622 principio,
507 3553 541 3604 et
562 3540 619 3604 illa
639 3561 698 3624 per
716 3541 861 3604 studium
889 3535 1087 3603 inventionis
1115 3539 1303 3604 habuerunt
1332 3536 1428 3623 primi

272 3653 427 3708 auctores
441 3642 576 3727 logicae,
592 3663 652 3708 uos
668 3655 780 3707 autem
796 3663 856 3727 per
876 3644 1074 3706 doctrinam.
1121 3643 1167 3707 Et
1189 3653 1326 3727 propter
1347 3644 1429 3709 haec

274 3746 439 3812 vocabula
455 3746 493 3811 fit
509 3757 670 3812 tractatus
685 3758 720 3811 et
735 3767 842 3812 sermo
857 3748 901 3810 de
917 3746 1033 3829 logica,
1049 3767 1116 3811 uon
1128 3756 1263 3831 propter
1273 3749 1430 3812 scientiae

275 3852 380 3935 ipsius
400 3861 613 3935 potestatem,
632 3853 711 3934 quia
728 3853 810 3917 haec
834 3861 885 3915 est
909 3850 1044 3915 cuilibet
1068 3852 1192 3925 innata,
1219 3861 1256 3914 ut
1280 3851 1333 3915 hic
1358 3853 1429 3916 vult

276 3957 429 4020 :llhazen
445 3965 479 4019 et
494 3955 575 4020 alias
585 3956 818 4020 demonstravi.
850 3955 897 4019 Et
912 3956 959 4018 sic
974 3956 1299 4038 comprehenduntur
1314 3955 1429 4039 viginti

272 4059 443 4125 sensibilia
465 4059 663 4135 communia,
691 4080 765 4124 cum
793 4060 859 4122 suis
884 4060 1066 4141 speciebus
1093 4079 1159 4122 non
1185 4059 1271 4121 enim
1294 4069 1430 4142 possent

307 4189 315 4216 ¹
337 4186 441 4236 ‘Homo
463 4195 504 4236 est
524 4195 598 4236 natus
618 4187 650 4236 ud
671 4187 880 4248 distinguendum
900 4186 958 4234 siue
978 4185 1126 4235 difficultate
1145 4193 1172 4234 et
1193 4186 1351 4246 arguendum
1372 4185 1430 4234 sine

273 4267 373 4326 labore,
388 4273 414 4313 et
426 4280 478 4314 non
491 4265 600 4327 percipit
611 4265 679 4327 quod
691 4262 803 4326 arguit;'
821 4264 945 4324 Alhazen,
958 4265 983 4312 ii.
995 4280 1069 4327 prop.
1084 4279 1121 4326 ¹3·

310 4343 382 4392 ²On
403 4343 448 4392 the
468 4341 547 4404 slight
566 4343 725 4404 importunes
744 4343 865 4390 attached
888 4343 924 4404 by
946 4343 1034 4391 Bacou
1058 4351 1085 4390 to
1107 4340 1197 4390 formal
1216 4340 1284 4402 logie
1307 4339 1432 4404 etopus

274 4425 398 4484 Tatium,
411 4437 466 4484 cap.
479 4421 567 4470 xxviii.
603 4419 660 4468 'l'he
678 4420 811 4469 reference
828 4421 893 4468 here
910 4420 1035 4469 however
1051 4421 1073 4468 is
1089 4426 1117 4468 to
1134 4420 1210 4467 other
1227 4419 1315 4468 works
1331 4426 1377 4467 not
1394 4420 1432 4467 iu·

267 4501 369 4553 eluded
391 4499 416 4547 iu
436 4501 482 4548 the
504 4498 576 4562 opus
593 4497 696 4563 Majus3
722 4499 832 4547 another
850 4497 930 4561 prooi
945 4499 1001 4547 that
1021 4497 1074 4546 this
1092 4511 1161 4558 copy
1177 4495 1208 4544 os
1220 4497 1265 4545 the
1280 4496 1433 4561 Pmpacutn

268 4579 394 4631 contains
405 4577 538 4628 additions
549 4577 679 4640 posterior
690 4585 718 4626 to
732 4578 803 4637 1267.

316 4671 400 4725 VOl.
418 4671 458 4724 11.
842 4667 867 4719 G
