3542 5359
406 614 601 674 MORALIS
626 614 945 674 PHILOSOPHIA:
971 615 1086 675 PARS
1114 615 1281 676 TERTIA.
1354 631 1414 694 295
1474 655 1478 662 -

263 776 402 861 propria
449 776 600 860 Quorum
623 798 726 842 unum
743 786 795 843 est
816 778 935 842 notitia
948 779 1097 843 veritatis
1120 789 1312 862 antequam
1335 779 1413 842 iras·
1428 787 1467 850 (1)
1485 786 1560 838 clear

263 901 386 946 camur.
431 882 532 960 Nam,
561 892 598 946 ut
627 883 708 947 dicit
736 882 883 946 secundo
913 883 1007 960 libro,
1030 880 1131 946 ‘Exl
1158 883 1209 947 his
1237 903 1324 966 quae
1353 903 1414 947 nos
1426 853 1589 969 ffisssffiw'·

1534 937 1548 967 e

264 984 446 1060 offendunt,
474 985 540 1049 alia
570 986 805 1050 renuntiantur
834 987 941 1065 nobis,
974 986 1040 1051 alia
1075 989 1136 1070 ipsi
1169 988 1324 1051 audimus
1356 997 1414 1051 aut
1429 985 1491 1062 rges
1505 985 1530 1032 ³¹¹

263 1090 424 1153 videmus.
469 1089 523 1153 De
545 1089 597 1155 his
619 1110 705 1173 quae
727 1100 859 1154 narrata
881 1101 968 1171 sunt,
984 1111 1050 1154 non
1073 1091 1234 1156 debemus
1256 1091 1323 1156 cito
1345 1111 1415 1156 cre-
1428 1051 1534 1116 dispare.

264 1194 344 1258 dere
354 1214 363 1271 ;
387 1192 482 1257 multi
500 1194 591 1257 enim
605 1195 811 1259 mentiuntur
824 1204 862 1258 ut
882 1196 1060 1279 decipiunt,
1077 1196 1173 1260 multi
1191 1195 1270 1279 quia
1282 1195 1415 1276 decepti

264 1307 352 1361 sunt.
398 1296 496 1361 Alius
519 1299 750 1363 criminatione
774 1299 917 1381 gratiam
940 1309 1054 1383 captat
1076 1309 1111 1363 et
1134 1298 1230 1382 fingit
1252 1298 1414 1381 injuriam,

264 1411 302 1465 ut
325 1402 477 1466 videatur
502 1401 647 1466 doluisse
676 1403 808 1468 factam.
853 1402 916 1468 Est
945 1403 1066 1486 aliquis
1096 1402 1270 1486 malignus,
1295 1414 1329 1467 et
1358 1403 1415 1485 qui

264 1506 429 1570 amicitias
454 1506 669 1571 cohaerentes
693 1507 850 1572 diducere
868 1506 957 1572 velit.
976 1555 983 1570 .
1000 1555 1008 1572 .
1027 1556 1034 1572 .
1052 1509 1105 1572 De
1128 1507 1264 1589 parvula
1285 1525 1416 1570 summa

262 1608 452 1692 judicaturo
482 1611 545 1674 tibi
579 1631 631 1675 res
653 1611 727 1674 sine
757 1620 843 1674 teste
866 1632 933 1674 non
963 1613 1166 1694 probaretur.
1211 1610 1321 1675 Testis
1347 1610 1416 1674 sine

262 1714 474 1796 jurejurando
489 1736 557 1780 non
570 1715 707 1780 valeret.
751 1715 895 1798 Utrique
913 1716 999 1799 parti
1019 1717 1113 1780 dares
1130 1717 1306 1793 actionem,
1320 1714 1417 1778 dares

265 1829 407 1900 tempus,
429 1840 497 1883 non
517 1821 622 1885 semel
640 1820 780 1884 audires.
826 1819 938 1902 Magis
961 1821 1050 1884 enim
1073 1821 1192 1884 veritas
1215 1819 1331 1893 elucet,
1349 1840 1417 1902 quo

266 1925 398 2004 saepius
415 1926 458 1987 ad
485 1945 622 1988 manum
636 1923 736 1988 venit
779 1923 942 1986 Amicum
970 1926 1170 1989 condemnas
1196 1925 1238 1988 de
1264 1943 1416 2007 praesen-

266 2029 378 2093 tibus?
400 2039 581 2112 antequam
603 2029 728 2105 audias,
751 2038 932 2111 antequam
958 2029 1146 2112 interroges,
1168 2039 1347 2109 antequam
1372 2025 1417 2090 illi

266 2142 325 2196 aut
343 2144 570 2196 accusatorem
592 2153 689 2196 suum
709 2153 807 2197 nosse
826 2133 923 2197 liceat
945 2142 1003 2196 aut
1024 2132 1157 2208 crimen,
1172 2131 1342 2195 irasceris?
1359 2176 1366 2191 .
1382 2175 1417 2195 ..

269 2236 337 2301 Hic
354 2239 424 2320 ipse
442 2238 499 2319 qui
519 2237 562 2300 ad
578 2246 612 2301 te
627 2235 758 2315 detulit,
773 2237 902 2301 desinet
920 2236 1029 2300 dicere
1051 2237 1079 2300 si
1097 2235 1237 2320 probare
1255 2233 1416 2299 debuerit.

267 2342 368 2405 “Non
378 2341 457 2421 est,”
468 2342 587 2424 inquit,
596 2342 709 2423 “quod
720 2361 774 2404 me
786 2341 969 2423 protrahas.
994 2341 1069 2426 Ego
1079 2342 1259 2425 productus
1270 2338 1417 2422 negab03

267 2445 412 2528 alioquin
422 2445 504 2508 nihil
517 2465 663 2528 unquam
674 2445 735 2510 tibi
746 2442 889 2509 dicam.”
923 2444 1055 2509 Eodem
1067 2455 1218 2529 tempore
1228 2454 1262 2508 et
1273 2444 1418 2527 instigat,

268 2563 302 2616 et
316 2552 388 2635 ipse
402 2573 438 2616 se
453 2551 623 2616 certamini
638 2562 672 2615 et
687 2571 818 2634 pugnae
837 2550 1012 2615 subtrahit.
1056 2551 1122 2633 Qui
1146 2552 1255 2615 dicere
1275 2551 1336 2614 tibi
1356 2548 1418 2611 nisi

268 2657 354 2720 clam
385 2676 452 2720 non
480 2654 562 2733 vult,
589 2675 694 2738 paene
723 2675 789 2719 non
819 2655 909 2718 dicit.
954 2653 1045 2737 Quid
1072 2665 1122 2718 est
1151 2655 1291 2736 iniquius
1316 2672 1417 2734 quam

269 2771 396 2824 secreto
416 2761 557 2834 credere,
572 2758 684 2841 palam
709 2758 803 2822 irasci
813 2757 843 2822 i'
891 2758 937 2821 Et
952 2758 1070 2822 iterum
1086 2758 1176 2832 dicit,
1192 2753 1419 2818 ‘Plurimum'

270 2864 348 2929 mali
366 2863 542 2929 credulitas
563 2862 652 2926 lacit.
698 2861 808 2944 Saepe
829 2882 872 2924 ne
891 2861 1090 2926 audiendum
1106 2860 1242 2943 quidem
1262 2866 1322 2935 est,
1336 2878 1419 2940 quo·

269 2970 357 3033 niam
382 2969 416 3032 in
439 2966 637 3050 quibusdam
663 2967 762 3029 rebus
786 2965 891 3029 satius
913 2974 963 3028 est
990 2964 1099 3049 decipi
1122 2983 1224 3045 quam
1252 2960 1419 3026 diffidere.¹

270 3073 487 3156 Quarundam
510 3091 589 3136 vero
615 3090 722 3133 rerum
746 3079 849 3135 testes
875 3089 999 3147 sumus,
1027 3069 1086 3133 sed
1111 3065 1275 3131 ‘tollenda
1300 3075 1350 3130 est
1375 3087 1419 3129 ex

269 3180 382 3244 animo
404 3176 549 3261 suspicio
571 3183 607 3239 et
628 3175 826 3257 conjectura,
842 3173 1053 3239 fallacissima
1077 3173 1282 3237 irritamenta
1294 3193 1310 3247 3·
1329 3175 1346 3203 “
1359 3170 1419 3233 Ille

270 3303 325 3347 me
342 3301 459 3367 parum
477 3280 621 3343 humane
641 3278 807 3342 salutavit.
854 3277 915 3341 Ille
938 3277 1052 3342 osculo
1071 3297 1147 3341 meo
1169 3297 1235 3340 non
1258 3275 1419 3341 adhaesit.

272 3387 333 3450 Ille
351 3385 543 3449 inchoatum
562 3402 750 3446 sermonem
770 3384 837 3448 cito
857 3383 998 3465 abrupit.
1046 3381 1107 3445 Ille
1127 3381 1170 3444 ad
1193 3399 1330 3446 coenam
1353 3398 1419 3443 non

270 3490 411 3554 vocavit.
457 3487 550 3551 Illius
563 3486 676 3551 vultus
695 3487 839 3551 aversior
853 3487 943 3550 visus
965 3484 1044 3550 est.’'
1091 3485 1122 3547 N
1126 3505 1170 3548 on
1186 3485 1294 3549 deerit
1312 3483 1419 3567 suspi-

271 3595 358 3660 cioni
380 3590 641 3676 argumentatio:
662 3591 875 3673 simplicitate
898 3611 981 3673 opus
1005 3599 1056 3653 est
1083 3600 1116 3654 et
1143 3588 1284 3671 benigna
1310 3607 1419 3650 rerum

271 3698 522 3771 aestimatione3
543 3693 624 3758 nihil
635 3694 697 3757 nisi
707 3695 797 3778 quod
813 3697 847 3758 in
861 3693 976 3757 oculos
988 3693 1130 3758 incurret
1142 3691 1421 3773 manifestumque

271 3806 333 3869 erit
354 3801 546 3876 credamus3
575 3808 610 3864 et
632 3799 785 3881 quotiens
806 3797 951 3880 suspicio
978 3807 1092 3861 nostra
1113 3817 1198 3861 vana
1221 3795 1421 3879 apparuerit,

271 3908 486 3990 objurgemus
511 3902 751 3968 credulitatem.
797 3902 892 3965 Haec
920 3901 1009 3964 enim
1040 3902 1217 3983 castigatio
1247 3907 1420 3964 consuetu-

271 4013 385 4077 dinem
408 4009 526 4072 efficiet
550 4027 617 4071 non
639 4005 736 4070 facile
760 4003 937 4069 credendi?
983 4004 1030 4068 Et
1057 4005 1132 4068 ideo
1157 4004 1239 4068 dicit
1264 4003 1297 4065 in
1322 4001 1421 4066 tertio

271 4116 368 4192 libro,
383 4113 530 4178 ‘Multos
545 4110 780 4177 absolvemus³
793 4111 821 4173 si
836 4110 1043 4193 coeperimus
1061 4119 1140 4173 ante
1155 4107 1303 4190 judicare
1320 4125 1420 4188 quam

272 4220 377 4286 irasci
422 4219 520 4282 Nunc
548 4226 661 4281 autem
698 4215 844 4298 primurn
881 4215 1046 4297 impetum
1083 4212 1269 4295 sequimur;
1302 4209 1423 4273 deinde

272 4323 425 4409 quamvis
446 4342 533 4385 vana
554 4341 616 4386 nos
640 4321 887 4394 concitaverint,
911 4337 1157 4401 perseveramus
1183 4337 1226 4380 ne
1250 4314 1423 4379 videamur

272 4429 401 4512 cepisse
410 4427 482 4492 sine
492 4445 611 4491 causa:
633 4435 666 4490 et
678 4425 770 4508 quod
785 4423 1028 4506 iniquissimum
1044 4430 1103 4497 est,
1115 4419 1345 4505 pertinaciores
1361 4438 1422 4482 nos

273 4531 353 4599 facit
369 4532 525 4616 iniquitas
540 4531 616 4596 irae.
661 4531 857 4596 Retinemus
871 4526 962 4592 enim
977 4526 1068 4591 illam
1088 4537 1122 4591 et
1142 4543 1311 4608 augemus,
1328 4521 1423 4605 quasi

372 4667 380 4698 ¹
398 4667 437 4720 Dr
447 4668 500 4727 Ira,
511 4667 536 4718 ii.
548 4683 589 4730 ος.
753 4664 764 4694 ¹
780 4665 811 4715 rt.
824 4665 848 4714 ii.
862 4681 903 4726 ²4·
1113 4660 1123 4692 ⁸
1140 4661 1170 4710 et.
1181 4660 1217 4711 iii.
1230 4676 1271 4723 29,
1283 4675 1325 4723 30·
