3542 5359
382 641 444 719 460
648 640 989 700 MULTIPLICATIO
1014 639 1267 701 SPECIERUM.

382 825 502 889 corpus
518 816 568 868 est
584 804 710 868 habens
727 814 794 868 tres
809 805 1044 881 dimensiones,
1059 824 1199 888 quarum
1216 804 1328 867 radius
1344 803 1447 868 habet
1463 823 1540 868 cor·

383 910 533 994 poralem
546 909 784 991 proprietatem
799 931 806 986 ;
829 919 862 972 et
874 909 977 986 addit,
987 910 1076 991 quod
1090 910 1202 972 radius
1213 928 1279 972 non
1292 918 1342 972 est
1352 909 1538 972 secundum

384 1015 487 1077 lineas
507 1024 612 1078 rectas
635 1015 722 1076 inter
745 1033 828 1094 quas
851 1023 929 1076 sunt
951 1013 1131 1091 intervalla,
1151 1013 1209 1077 sed
1232 1012 1464 1096 multiplicatio
1485 1024 1539 1076 est

382 1119 547 1195 continua,
563 1139 666 1201 quare
682 1138 747 1181 non
766 1117 891 1182 carebit
912 1117 1094 1182 latitudine.
1141 1117 1187 1181 Et
1210 1119 1310 1183 tertio
1333 1117 1424 1192 dicit,
1444 1118 1537 1200 quod

385 1222 463 1287 illud
489 1224 579 1304 quod
603 1233 692 1286 caret
715 1221 900 1299 latitudine,
920 1221 1153 1303 profunditate,
1176 1231 1210 1286 et
1232 1220 1446 1304 longitudine,
1469 1242 1537 1287 non

385 1327 525 1390 sentitur
547 1327 627 1390 visu.
675 1326 803 1390 Radius
833 1325 933 1408 igitur
954 1346 1020 1406 iioii
1050 1327 1189 1403 videtur,
1211 1327 1303 1407 quod
1332 1324 1451 1388 salsum
1476 1337 1539 1389 est.

385 1430 431 1493 Et
454 1432 575 1494 scimus
597 1431 687 1512 quod
711 1431 821 1494 radius
844 1451 909 1493 non
933 1439 1044 1511 potest
1066 1430 1205 1493 transire
1227 1430 1289 1492 nisi
1309 1449 1367 1510 per
1387 1429 1537 1511 aliquam

385 1544 513 1617 partem
538 1535 649 1610 medii,
670 1536 728 1598 sed
759 1534 928 1616 quaelibet
951 1555 1028 1616 pars
1060 1534 1158 1597 medii
1181 1544 1232 1597 est
1261 1533 1387 1598 habens
1416 1535 1537 1598 trinam

384 1640 588 1702 divisionem.
635 1638 702 1702 Sed
727 1648 859 1722 oportet
881 1638 934 1701 hic
957 1639 1156 1702 descendere
1188 1637 1324 1700 ulterius
1347 1639 1389 1701 ad
1421 1658 1539 1702 omnes

385 1745 504 1806 modos
540 1743 700 1806 linearum
738 1763 836 1824 super
873 1763 955 1824 quas
996 1751 1046 1805 est
1089 1741 1318 1824 multiplicatio
1362 1742 1540 1823 possibilis,

383 1845 540 1929 quoniam
556 1844 633 1910 licet
648 1858 766 1911 natura
781 1857 919 1928 appetat
931 1846 1057 1930 operari
1070 1865 1169 1927 super
1181 1846 1282 1909 lineas
1300 1855 1413 1922 rectas,
1424 1855 1538 1909 tamen

384 1951 566 2032 impeditur
586 1950 775 2033 aliquando,
798 1951 851 2014 vel
871 1951 953 2014 alias
974 1959 1110 2033 propter
1135 1949 1365 2013 necessitatem
1388 1950 1539 2031 aliquam

385 2065 493 2117 mutat
509 2056 681 2131 incessum,
691 2064 725 2117 et
741 2054 819 2119 lacit
835 2075 909 2117 eam
925 2056 1098 2119 decurrere
1106 2073 1206 2135 super
1221 2054 1323 2116 lineas
1340 2073 1404 2116 non
1421 2064 1539 2118 rectas.

386 2160 431 2223 Et
447 2160 568 2242 quibus
584 2161 692 2223 modis
707 2159 771 2224 hoc
787 2158 845 2225 fiat
862 2160 997 2223 intendo
1014 2179 1101 2222 nunc
1116 2157 1294 2223 declarare.

813 2438 1039 2503 CAPITULUM
1057 2437 1102 2501 ΙΙ.

216 2615 278 2664 Five
288 2613 363 2664 kinds
430 2608 619 2674 Secundum
641 2631 719 2675 vero
739 2611 886 2692 quinque
911 2612 1028 2674 modos
1050 2611 1210 2674 linearum
1236 2617 1348 2692 potest
1369 2607 1452 2672 haec
1469 2605 1540 2670 fieri

215 2681 245 2729 of
252 2697 308 2745 mys
319 2689 347 2731 to
474 2716 480 2728 .
521 2716 528 2728 .
587 2715 594 2728 .
719 2714 726 2728 .
1241 2715 1248 2728 .
1373 2713 1379 2726 .

215 2748 316 2796 benon-
386 2714 628 2796 multiplicatio.
674 2714 784 2778 Prima
798 2726 850 2778 est
867 2723 1022 2797 protensa
1038 2715 1081 2778 ab
1100 2723 1220 2796 agente
1239 2735 1271 2777 in
1291 2723 1487 2776 continuum
1506 2720 1542 2774 et

216 2812 320 2927 5⁶35&
384 2819 557 2899 directum,
572 2829 604 2881 et
620 2827 757 2882 vocatur
772 2831 871 2896 recta,
887 2839 1100 2902 superquam
1117 2819 1217 2882 curiit
1233 2817 1403 2900 generatio
1417 2815 1541 2898 speciei

215 2888 363 3008 llysffie
386 2943 559 3004 quousque
583 2924 739 3000 medium,
755 2921 819 2986 hoc
842 2933 902 2996 est,
925 2942 1045 3006 corpus
1069 2923 1102 2985 in
1125 2941 1192 3004 quo
1216 2921 1464 3005 multiplicatur,
1488 2929 1543 2983 est

215 3011 372 3126 fflfflm
386 3026 558 3101 uniforme,
574 3027 697 3090 scilicet
719 3026 816 3089 unius
833 3028 984 3105 raritatis,
1001 3037 1038 3091 ut
1056 3038 1107 3090 est
1121 3047 1179 3090 aer
1199 3026 1250 3089 vel
1267 3047 1354 3108 aqua
1369 3027 1423 3089 vel
1439 3024 1541 3100 aliud,

216 3142 337 3218 orwhere
386 3142 420 3195 et
444 3153 509 3194 non
533 3131 649 3212 recipit
671 3130 889 3206 obstaculum,
912 3151 971 3194 nec
995 3131 1039 3194 sit
1062 3130 1207 3195 medium
1237 3131 1422 3194 animatum
1446 3141 1483 3193 ut
1507 3129 1540 3190 in

215 3209 346 3338 ἓξὲξ
385 3235 579 3298 humoribus
595 3235 758 3298 contentis
773 3235 804 3297 in
823 3235 931 3298 nervis
947 3255 1113 3312 sensuum,
1129 3244 1162 3298 et
1185 3235 1399 3317 principalem
1416 3233 1542 3298 habeat

215 3339 324 3416 eutasio
387 3338 707 3421 multiplicationem,
732 3359 799 3401 non
820 3337 1067 3417 accidentalem,
1083 3341 1161 3421 quia
1186 3339 1237 3402 his
1269 3340 1376 3402 modis
1396 3346 1542 3420 quatuor

215 3405 319 3534 {mg
386 3443 484 3507 curiit
507 3441 739 3524 multiplicatio
761 3444 881 3526 speciei
900 3464 999 3525 super
1022 3444 1141 3507 lineam
1165 3443 1345 3508 habentem
1368 3440 1540 3524 angulum.

216 3538 241 3586 ¹¹¹
253 3536 358 3602 density.
388 3546 604 3629 Diaphanum
620 3566 697 3608 vero
713 3556 748 3610 et
762 3547 968 3630 diaphonum
985 3549 1205 3630 perspicuum,
1218 3558 1252 3612 et
1267 3547 1415 3630 pervium
1431 3556 1542 3608 trans-

384 3672 505 3734 parens
521 3649 734 3726 translucens,
750 3660 784 3713 et
800 3651 956 3726 lucidum,
972 3661 1006 3715 et
1022 3652 1094 3716 luce
1109 3661 1308 3729 transeunte,
1325 3672 1391 3714 non
1407 3649 1489 3726 fixa,
1506 3659 1543 3712 et

386 3775 506 3834 rarum,
536 3755 618 3817 haec
657 3755 769 3819 omnia
798 3755 985 3838 significant
1023 3755 1112 3819 idem
1151 3755 1333 3819 secundum
1368 3773 1449 3830 rein,
1480 3753 1541 3817 sed

384 3860 539 3924 differunt
555 3859 738 3922 secundum
754 3859 1034 3924 considerationes
1048 3859 1185 3942 aliquas.
1232 3859 1321 3922 Nam
1332 3879 1441 3921 rarum
1457 3859 1544 3922 dicit

383 3964 634 4047 dispositionem
656 3963 804 4046 corporis
827 3963 980 4027 absolute
1001 3965 1183 4029 secundum
1206 3965 1296 4046 quod
1327 3969 1438 4046 partes
1468 3963 1544 4046 ejus

386 4079 533 4132 remotae
560 4067 685 4149 jacent,
716 4077 754 4130 ut
791 4076 842 4131 est
878 4089 936 4132 aei
966 4079 999 4130 et
1030 4088 1117 4151 aqua
1148 4078 1182 4132 et
1214 4067 1414 4150 hujusmodi.
1459 4067 1545 4131 Alia

385 4173 540 4237 dicuntur
549 4192 608 4255 per
618 4172 901 4254 comparationem
912 4173 955 4235 ad
968 4193 1100 4236 sensum
1111 4171 1165 4235 vel
1181 4171 1345 4251 sensibile,
1356 4173 1543 4236 secundum

385 4278 474 4359 quod
493 4278 619 4360 species
640 4297 752 4340 eorum
774 4285 884 4359 potest
901 4277 1047 4351 transire,
1064 4286 1101 4340 ut
1124 4286 1218 4360 patet
1241 4276 1273 4338 in
1293 4297 1381 4359 aqua
1399 4288 1434 4340 et
1455 4298 1544 4348 aere,

386 4391 420 4444 et
436 4379 576 4463 sphaera
592 4381 688 4462 ignis,
704 4390 738 4445 et
753 4380 891 4445 orbibus
911 4378 1119 4463 planetarum
1140 4390 1237 4444 extra
1257 4400 1397 4463 corpora
1413 4401 1543 4444 eorum.

386 4485 475 4548 Nam
493 4487 585 4548 visus
608 4495 760 4568 penetrat
782 4484 864 4548 haec
888 4484 1010 4560 omnia,
1025 4493 1059 4548 et
1082 4485 1209 4568 species
1232 4505 1341 4548 rerum
1362 4495 1545 4566 penetrant

386 4589 468 4672 ipsa.
516 4589 562 4652 Et
592 4588 796 4672 diaphanum
827 4590 917 4654 idem
947 4599 999 4654 est
1028 4591 1119 4672 quod
1143 4588 1286 4671 duplicis
1314 4589 1545 4672 apparitionis,

384 4687 510 4750 scilicet
523 4688 555 4749 in
567 4689 739 4769 superficie
750 4699 787 4753 'et
801 4689 834 4753 iii
849 4691 1023 4772 profundo.
1068 4690 1159 4754 Nam
1176 4690 1288 4772 phano
1305 4688 1434 4754 Graece
1450 4691 1543 4755 idem
