3542 5359
361 636 402 697 92
596 619 751 678 OPERIS
777 620 965 691 MAJORIS
988 621 1103 680 PARS
1126 621 1295 694 QUINTA.

664 1180 946 1247 DISTINCTIO
970 1179 1213 1246 SECUNDA.

406 1371 459 1435 De
474 1370 576 1434 modo
596 1369 732 1435 videndi
752 1381 841 1435 recto
860 1371 1071 1436 considerato
1092 1390 1195 1453 penes
1214 1369 1360 1455 speeiem
1376 1371 1466 1435 visus
1481 1384 1515 1436 et

361 1475 405 1538 rei
422 1476 512 1539 visae
524 1501 532 1553 ;
556 1474 682 1539 habens
696 1484 841 1557 quatuor
855 1474 1014 1556 capitula.

804 1713 1029 1780 Cnrrrunuu
1055 1715 1081 1777 Ι.

188 1806 256 1854 Tbat
268 1821 284 1855 a

190 1873 267 1922 cloud
279 1887 324 1922 ean
406 1869 537 1933 Deinde
552 1869 810 1934 considerandae
824 1880 899 1934 sunt
914 1891 1034 1934 causae
1041 1871 1178 1935 visionis
1190 1891 1210 1933 a
1221 1879 1316 1953 parte
1330 1871 1513 1954 specierum

190 1938 337 2052 ffiffiffl.
359 1973 450 2037 visus
465 1984 499 2037 et
513 1972 701 2036 visibilium.
749 1973 793 2038 Et
807 1974 875 2057 jam
894 1976 926 2036 in
943 1985 1100 2059 promptu
1111 1985 1161 2038 est
1173 1995 1274 2038 causa
1285 1995 1387 2058 quare
1400 1975 1515 2038 oculus

187 2078 339 2184 gffithin
361 2078 508 2142 existens
528 2088 626 2141 extra
646 2098 755 2142 aerem
775 2099 974 2162 vaporosum
999 2088 1033 2141 et
1051 2078 1247 2142 nebulosum
1267 2079 1359 2142 videt
1380 2100 1465 2155 eum,
1481 2090 1514 2142 et

190 2216 280 2265 proves
342 2171 496 2266 'quando
525 2182 634 2246 estin
661 2203 737 2246 aere
763 2183 822 2246 tali
853 2204 918 2246 non
942 2183 1033 2246 videt
1057 2203 1117 2247 nec
1150 2185 1287 2267 percipit
1311 2204 1450 2268 vapores
1482 2193 1514 2246 et

189 2267 320 2380 Jffion·
360 2286 494 2350 nubilia.
542 2287 617 2349 Hoc
635 2288 722 2349 enim
739 2287 888 2371 superius
899 2297 1026 2350 tactum
1037 2297 1086 2351 est
1099 2288 1290 2365 incidenter,
1300 2309 1386 2351 nunc
1401 2299 1513 2350 autem

359 2412 403 2455 ex
419 2411 518 2455 causa
534 2390 716 2474 principali.
762 2391 906 2475 Oportet
922 2393 1008 2455 enim
1025 2395 1115 2476 quod
1132 2391 1294 2456 fortitudo
1309 2403 1343 2456 et
1359 2392 1513 2456 debilitas

360 2497 442 2559 radii
465 2495 599 2558 visualis
621 2496 664 2558 sit
685 2515 787 2558 causa
810 2495 926 2577 hujus:
952 2517 1027 2560 nam
1051 2496 1185 2580 quando
1208 2509 1258 2561 est
1279 2517 1383 2581 prope
1402 2515 1511 2559 aerem

360 2598 470 2675 talem,
486 2609 520 2662 et
537 2599 569 2662 in
587 2619 628 2662 eo
643 2599 747 2663 virtus
761 2599 865 2663 visiva
885 2610 935 2664 est
951 2601 1044 2665 fortis
1065 2622 1110 2664 ex
1131 2601 1381 2683 propinquitate
1395 2621 1455 2662 sua
1469 2600 1512 2662 ad

359 2701 501 2777 oculum,
519 2713 654 2787 propter
669 2705 718 2767 sui
735 2702 962 2768 fortitudinem
979 2714 1092 2789 potest
1108 2716 1279 2789 penetrare
1303 2724 1412 2768 aerem
1431 2705 1513 2786 spis·

360 2808 489 2885 siorem,
505 2817 538 2872 et
555 2807 633 2871 nihil
650 2809 782 2872 videtur
802 2829 862 2873 nec
884 2810 1065 2894 percipitur
1079 2830 1100 2873 a
1114 2811 1196 2888 visu,
1212 2810 1274 2873 nisi
1292 2811 1383 2893 quod
1405 2818 1515 2893 potest

363 2913 470 2976 visum
485 2912 669 2988 terminare,
685 2923 722 2976 ut
738 2913 864 2977 dictum
881 2925 932 2978 est
949 2914 1050 2996 prius.
1089 2913 1135 2978 Et
1151 2914 1227 2978 ideo
1243 2913 1343 2978 tunc1
1359 2934 1426 2976 non
1441 2933 1513 2996 per·

361 3017 480 3099 cipitur
501 3037 558 3080 aer
580 3038 770 3101 vaporosus.
817 3017 884 3082 Sed
908 3021 1042 3101 quando
1065 3018 1180 3082 oculus
1205 3018 1305 3100 longe
1329 3016 1366 3081 fit
1390 3016 1432 3080 ab
1457 3016 1514 3079 illo

360 3143 435 3185 aere
447 3142 621 3204 vaporoso‚
632 3132 710 3186 tunc
725 3123 852 3205 species
867 3123 954 3187 oculi
966 3124 1141 3189 debilitata
1157 3125 1281 3188 invenit
1295 3122 1513 3187 resistentiam

360 3235 394 3289 et
416 3226 693 3302 terminationem,
715 3237 749 3290 et
771 3227 848 3290 ideo
869 3226 959 3293 valet
981 3250 1001 3291 a
1024 3227 1124 3312 longe
1145 3228 1257 3291 videre
1280 3247 1388 3290 aerem
1412 3228 1515 3291 nebu·

360 3331 479 3394 losum.
526 3330 572 3394 Et
588 3349 633 3392 ex
647 3331 710 3394 hoc
725 3331 954 3414 experimento
971 3342 1062 3415 patet
1078 3331 1260 3406 manifeste,
1270 3333 1360 3415 quod
1377 3331 1414 3396 fit
1426 3333 1515 3394 visus

362 3435 633 3498 extramittendo.
681 3433 768 3499 Nam
785 3437 811 3500 si
827 3436 898 3500 sola
916 3437 1042 3521 species
1062 3437 1107 3500 rei
1122 3438 1212 3501 visae
1232 3435 1333 3514 fieret,
1348 3447 1429 3500 tunc
1450 3456 1516 3499 non

191 3580 248 3630 The
260 3581 315 3630 axis
323 3581 353 3630 os
362 3551 475 3622 posset
491 3541 573 3603 ratio
589 3540 681 3604 reddi
697 3539 795 3622 hujus
809 3541 954 3604 visionis.

191 3648 280 3697 vision.
406 3644 453 3708 Et
474 3665 495 3707 a
517 3653 612 3727 parte
634 3645 755 3727 speciei
778 3646 1054 3710 considerandum
1082 3656 1132 3710 est
1155 3645 1290 3710 ulterius
1317 3666 1383 3708 non
1408 3644 1516 3709 solum

362 3748 521 3825 absolute,
530 3748 588 3810 sed
605 3769 663 3832 per
678 3753 961 3831 comparationem
978 3751 1020 3813 ad
1037 3753 1144 3827 situm,
1155 3751 1224 3814 sine
1240 3772 1306 3833 quo
1323 3771 1390 3813 non
1406 3757 1516 3833 potest

363 3852 441 3929 fieri,
457 3874 516 3917 nec
532 3853 695 3928 distincte,
713 3853 774 3916 nisi
791 3854 969 3936 diligenter
985 3855 1185 3919 observetur.
1232 3854 1421 3918 Dicendum
1437 3872 1516 3934 ergo

361 3957 451 4040 quod
469 3978 553 4019 unus
568 3957 681 4021 oculus
697 3957 776 4023 facit
792 3960 934 4043 speciem
951 3981 1056 4042 usque
1071 3960 1114 4023 ad
1128 3980 1199 4023 rem
1208 3959 1322 4034 visam,
1335 3968 1369 4021 et
1385 3979 1435 4020 res
1447 3958 1516 4019 visa

362 4062 440 4126 iacit
464 4064 508 4126 ad
532 4063 664 4127 oculum
688 4084 781 4126 suam
807 4064 952 4148 speciem
979 4065 1011 4127 in
1038 4065 1156 4127 eodem
1180 4064 1262 4140 loc0‚
1285 4064 1371 4125 unde
1393 4061 1517 4124 habent

363 4187 463 4230 axem
480 4187 700 4246 communem,
716 4170 772 4252 qui
788 4179 837 4232 est
854 4167 1133 4252 perpendicularis
1151 4188 1250 4251 super
1270 4187 1384 4230 omnes
1404 4177 1517 4248 partes

364 4270 463 4349 oculi,
481 4293 521 4336 eo
539 4274 630 4354 quod
648 4284 796 4337 transeat
818 4295 876 4356 per
898 4283 1047 4337 centrum
1071 4274 1231 4337 omnium.
1278 4271 1323 4334 Et
1342 4271 1418 4334 ideo
1441 4290 1516 4334 cum

364 4377 644 4459 perpendicularis
673 4377 818 4441 incessus
848 4378 892 4442 sit
918 4377 1012 4441 lortis
1038 4386 1072 4440 et
1098 4386 1225 4458 potens,
1251 4374 1366 4440 oculus
1389 4373 1518 4457 judicat

396 4527 403 4556 ¹
421 4529 494 4578 Tunc
502 4531 524 4578 is
532 4530 576 4579 the
588 4529 695 4592 reading
703 4529 733 4579 of
742 4530 782 4594 O.‚
794 4539 840 4580 not
852 4533 936 4594 etiam,
946 4547 975 4580 ns
984 4531 1009 4579 in
1018 4530 1043 4591 J.
1079 4529 1135 4579 The
1147 4530 1316 4592 punctuation
1329 4529 1354 4577 in
1365 4529 1400 4589 J.‚
1409 4529 1461 4577 and
1473 4528 1518 4576 the

363 4608 488 4657 insertion
501 4609 531 4657 ol
539 4615 566 4658 et
576 4608 664 4657 before
676 4617 785 4672 propter
794 4610 834 4658 sui
846 4610 1030 4670 fortitudinem,
1042 4610 1152 4658 obscure
1163 4611 1208 4659 the
1219 4610 1350 4673 meaning.
1377 4608 1429 4658 See
1441 4623 1465 4670 p.
1477 4609 1518 4656 62.
