3542 5359
399 608 729 670 PERSPECTIVAE
753 610 869 670 PARS
897 610 1077 670 TERTIA:
1105 611 1214 672 DIST.
1241 613 1265 671 I.
1343 625 1400 690 143

294 771 331 838 Si
354 773 485 836 dicatur
507 783 588 839 tunc
609 774 700 856 quod
724 773 806 837 radii
830 773 980 849 visuales,
1004 793 1079 839 cum
1103 774 1263 839 deficiunt
1283 793 1399 838 versus
1412 779 1468 828 The
1479 777 1518 826 air

248 877 379 941 coelum
395 876 429 941 in
444 877 669 959 profunditate
688 879 773 942 aeris
791 877 844 941 vel
865 878 1029 964 perspicui
1044 877 1204 954 coelestis,
1222 889 1260 944 ut
1272 878 1399 943 dictum
1412 844 1525 958 maed

250 991 301 1046 est
315 981 416 1065 prius,
429 992 565 1066 possent
581 981 715 1057 reflecti,
729 991 763 1047 et
774 983 926 1048 similiter
940 983 975 1047 in
989 1002 1076 1067 aqua
1090 981 1263 1065 profunda,
1271 993 1306 1047 et
1322 992 1400 1047 tunc
1413 990 1516 1090 120ng

249 1085 351 1151 homo
362 1087 489 1152 videret
498 1106 534 1150 se
543 1087 679 1169 quando
689 1087 809 1170 aspicit
819 1109 839 1152 a
848 1088 947 1171 longe
956 1086 1048 1150 illam
1060 1107 1180 1168 aquam
1192 1086 1400 1170 profundam,
1413 1055 1570 1156 ῗζζῑῆεᾱωαε

249 1191 339 1272 quod
363 1211 428 1254 non
450 1199 501 1254 est
522 1210 658 1268 verum;
684 1190 872 1269 dicendum,
894 1192 987 1274 quod
1009 1211 1076 1254 non
1098 1193 1219 1257 accidit
1241 1191 1315 1270 hoc,
1337 1192 1399 1255 nisi
1413 1179 1549 1302 &effi

250 1314 307 1358 aer
321 1295 365 1359 sit
387 1314 491 1378 prope
511 1315 568 1359 eos
588 1296 711 1359 densus
733 1294 987 1378 aliquantulum,
1001 1298 1092 1379 quod
1113 1296 1148 1359 in
1171 1297 1270 1361 ebriis
1289 1304 1401 1379 potest
1413 1319 1504 1369 pover-

251 1419 323 1463 esse
352 1408 489 1482 propter
518 1399 734 1463 humiditates
763 1419 926 1481 vaporum
956 1399 1023 1463 vini
1055 1399 1283 1482 resolutorum,
1309 1410 1344 1464 et
1366 1400 1401 1463 in

251 1503 390 1567 infirmis
405 1502 554 1567 similiter
575 1513 714 1585 propter
735 1523 876 1588 vapores
891 1523 1024 1586 semper
1039 1524 1144 1588 prope
1165 1525 1224 1569 eos
1241 1504 1403 1569 resolutos

251 1627 295 1671 ex
311 1609 439 1672 morbo.
485 1608 584 1672 Unde
600 1608 678 1672 mali
695 1617 729 1672 et
752 1607 867 1672 foetidi
890 1629 1030 1691 vapores
1051 1619 1129 1674 sunt
1150 1629 1280 1692 semper
1299 1629 1403 1692 prope

253 1732 309 1776 eos
324 1712 358 1776 in
373 1732 459 1790 aere,
470 1712 591 1795 quibus
606 1732 663 1776 aer
677 1711 820 1776 inlicitur
830 1731 937 1795 prope
950 1732 1010 1777 eos
1025 1721 1059 1776 et
1069 1713 1235 1789 densatur,
1247 1723 1285 1778 ut
1299 1714 1404 1796 possit

253 1837 324 1880 esse
343 1817 415 1881 vice
435 1816 559 1898 speculi
581 1817 615 1880 in'
634 1827 730 1899 parte
752 1837 812 1881 sua
835 1837 940 1899 prope
959 1815 1043 1891 illos,
1059 1819 1150 1900 quod
1172 1837 1238 1881 nou
1261 1817 1354 1881 fieret
1370 1818 1404 1881 in

252 1921 317 1984 alia
341 1931 436 2003 parte
458 1921 542 1985 aeris
566 1921 743 1986 remotiori.
789 1919 836 1985 Et
869 1921 1022 1986 similiter
1058 1941 1115 1985 aer
1145 1943 1251 2005 prope
1280 1931 1403 1986 terram

253 2025 409 2088 densatur
437 2025 617 2107 vaporibus
643 2024 794 2090 resolutis
824 2043 844 2089 a
877 2035 965 2090 terra
991 2036 1025 2090 et
1055 2045 1163 2107 aqua;
1194 2036 1229 2091 et
1260 2027 1336 2090 ideo
1359 2045 1404 2090 ex

254 2138 392 2211 utraque
407 2149 506 2194 causa
526 2129 699 2195 densitatis
717 2139 829 2213 potest
851 2149 908 2194 aer
926 2129 1131 2213 propinquus
1153 2129 1277 2194 habere
1295 2131 1403 2195 vicem

253 2232 387 2316 speculi.
433 2233 479 2297 Et
495 2233 570 2297 ideo
586 2245 722 2318 propter
735 2234 822 2299 hanc
837 2233 1087 2300 difformitatem
1103 2234 1138 2297 in
1153 2235 1304 2317 partibus
1318 2237 1403 2300 aeris

254 2337 373 2401 accidit
388 2340 478 2421 quod
494 2359 561 2401 una
577 2359 654 2421 pars
668 2339 770 2404 habet
785 2340 892 2404 vicem
904 2338 1030 2423 speculi
1041 2349 1074 2404 et
1085 2338 1151 2403 alia
1164 2359 1240 2417 non,
1253 2350 1404 2423 respectu

254 2443 424 2506 oculorum
462 2443 664 2508 ebriosorum
702 2453 737 2508 et
775 2443 990 2509 infirmorum.
1060 2444 1127 2509 Sed
1165 2445 1280 2508 oculus
1310 2444 1405 2508 fortis

254 2547 416 2629 aspiciens
432 2547 465 2610 in
480 2567 567 2630 aqua
578 2547 703 2612 invenit
712 2567 786 2611 eam
796 2545 970 2611 uniformis
981 2547 1163 2613 densitatis.
1199 2549 1244 2612 Et
1256 2549 1407 2612 similiter

255 2651 396 2735 alonge
418 2652 451 2714 in
475 2651 618 2735 sphaera
643 2651 749 2730 coeli;
777 2660 810 2717 et
835 2672 903 2715 non
923 2652 1048 2716 invenit
1071 2653 1116 2716 ibi
1143 2663 1271 2735 partem
1298 2655 1406 2736 magis

255 2756 391 2820 densam
407 2775 493 2839 quae
507 2755 612 2820 vicem
628 2756 753 2840 speculi
768 2756 873 2839 possit
889 2755 1020 2831 habere,
1034 2755 1138 2820 immo
1153 2777 1284 2838 semper
1299 2757 1406 2839 magis

256 2879 372 2934 raram,
410 2870 443 2924 et
482 2861 558 2924 ideo
597 2860 835 2945 multiplicatur
871 2860 997 2943 species
1032 2881 1136 2942 usque
1172 2861 1303 2925 deficiat
1335 2863 1406 2925 sine

256 2962 443 3029 reflexione
488 2965 587 3048 Quod
605 2967 632 3028 si
648 2967 777 3030 dicatur
791 2967 882 3048 quod
898 2965 1014 3029 oculus
1025 2964 1119 3028 fortis
1130 2965 1256 3029 invenit
1266 2985 1407 3048 vapores

257 3068 289 3130 in
305 3088 379 3132 aere
395 3079 430 3133 et
447 3079 557 3152 partes
574 3069 722 3146 nubium,
736 3080 774 3135 ut
794 3068 852 3134 fiat
868 3069 1025 3146 reflexim
1048 3069 1224 3134 dicendum
1248 3071 1405 3153 estquod

257 3192 394 3254 vapores
424 3174 601 3256 pertransit
623 3183 762 3258 propter
789 3173 1031 3252 fortitudinem,
1057 3185 1091 3238 et
1121 3175 1225 3238 nubes
1254 3174 1343 3238 leves
1372 3183 1407 3238 et

256 3285 391 3356 tenues3
420 3280 479 3341 sed
505 3278 627 3359 spissas
661 3297 727 3341 non
758 3278 948 3360 pertransit.
993 3279 1066 3342 Nec
1100 3289 1214 3342 tamen
1250 3298 1286 3342 se
1316 3278 1408 3343 videt

256 3391 392 3464 propter
421 3381 665 3465 elongationem
697 3383 832 3467 speculi,
863 3393 898 3447 et
928 3393 1064 3467 propter
1092 3381 1259 3447 defectum
1289 3381 1408 3464 plenae

258 3485 438 3568 politurae:
461 3507 526 3550 non
553 3487 642 3550 enim
669 3486 794 3552 habent
827 3486 1016 3571 superficies
1049 3486 1171 3570 politas
1207 3488 1344 3551 omnino
1374 3497 1409 3550 et

257 3589 432 3674 regulares.
477 3589 648 3654 Distantia
682 3600 795 3654 tamen
825 3592 968 3674 impedit
1005 3591 1162 3669 maxime,
1191 3591 1276 3655 sicut
1306 3591 1334 3653 si
1364 3592 1407 3654 ad

257 3710 356 3754 unam
379 3690 508 3754 leucam
532 3701 710 3774 poneretur
732 3690 903 3772 speculum
927 3711 1094 3774 magnum,
1110 3690 1161 3753 vel
1185 3691 1227 3754 ad
1251 3691 1334 3754 duas
1355 3688 1409 3754 vel

256 3802 332 3870 tres,
353 3806 645 3877 quantumcunque
668 3814 828 3878 magnum
852 3805 948 3868 esset,
973 3813 1040 3858 non
1062 3804 1198 3878 propter
1218 3793 1282 3859 hoc
1305 3795 1408 3859 homo

257 3917 293 3960 se
321 3898 469 3974 videret;
499 3908 534 3962 et
570 3897 647 3962 ideo
676 3919 736 3963 nec
772 3917 832 3982 per
870 3899 986 3974 nubes,
1023 3898 1181 3980 quoniam
1219 3899 1344 3963 distant
1388 3918 1409 3961 a

258 4002 353 4066 nobis
383 4003 513 4066 circiter
538 4002 779 4086 quinquaginta
806 4002 967 4080 milliaria,
991 4003 1077 4068 sicut
1102 4004 1241 4067 docetur
1266 4004 1299 4066 in
1323 4002 1408 4066 libro

225 4126 229 4142 ·
257 4107 301 4170 de
323 4105 541 4190 Crepusculis.

302 4210 417 4275 Potest
431 4232 510 4275 vero
531 4211 614 4276 visio
638 4211 842 4277 infirmorum
866 4221 900 4276 et
922 4211 1089 4275 ebriorum
1111 4210 1207 4276 aliter
1228 4209 1407 4287 aestimari,
1420 4213 1534 4264 Another

257 4314 384 4380 scilicet
398 4336 458 4400 per
472 4317 578 4380 visum
596 4326 729 4381 rectum.
776 4317 865 4381 Nam
889 4316 1017 4400 species
1039 4335 1155 4379 eorum
1177 4323 1254 4378 sunt
1277 4314 1310 4377 in
1332 4335 1408 4378 aere
1420 4279 1566 4396 &owine

256 4429 335 4484 ante
350 4441 415 4498 eos,
427 4428 462 4483 et
477 4421 556 4502 quia
571 4421 675 4485 virtus
689 4421 793 4486 visiva
805 4430 855 4484 est
865 4420 986 4485 debilis
1000 4419 1077 4483 ideo
1088 4418 1201 4482 statim
1211 4417 1409 4482 terminatur
1420 4411 1530 4462 illusion.

257 4533 293 4588 et
308 4523 346 4590 iit
360 4525 486 4608 species
500 4525 535 4588 in
552 4545 625 4589 aere
639 4525 669 4590 ei
687 4545 748 4608 pro
771 4525 914 4608 objecto,
929 4523 1015 4588 sicut
1037 4523 1128 4608 prius
1150 4523 1276 4588 dictum
1300 4531 1350 4586 est
1365 4522 1410 4586 de

259 4628 359 4692 debili
374 4628 473 4694 oculo
489 4630 581 4712 quod
596 4630 687 4695 videt
701 4627 881 4713 aliquando
897 4631 1041 4711 speciem
1056 4649 1132 4694 cum
1149 4648 1184 4692 re
1198 4637 1235 4692 ut
1249 4635 1409 4710 appareat
