3542 5359
399 628 725 689 PERSPECTIVAE
749 630 863 689 PARS
893 631 1071 690 TERTIA:
1095 633 1204 692 DIST.
1230 634 1275 694 ΙΙ.
1357 649 1415 710 149

262 799 296 852 et
318 788 405 855 inter
425 791 557 855 oculum
579 802 614 857 et
639 813 708 856 rem
731 793 836 856 visam
863 793 907 858 sit
930 795 1076 858 medium
1104 795 1246 872 densius,
1266 803 1303 859 ut
1328 817 1416 878 aqua

263 894 381 976 planae
400 896 585 978 superficiei
600 896 652 961 vel
673 896 855 979 crystallus,
870 897 922 962 vel
938 899 1069 981 vitrum,
1084 908 1118 964 et
1138 898 1331 984 hujusmodi
1349 900 1415 965 alia

263 999 445 1081 perspicua,
471 1010 550 1065 tunc
581 1021 632 1065 res
661 1009 800 1084 apparet
830 1000 933 1084 longe

264 1103 370 1186 major
393 1126 494 1188 quarn
517 1106 580 1170 sit:
610 1126 688 1170 nam
714 1107 845 1172 videtur
869 1106 932 1172 sub

264 1207 382 1290 majori
404 1209 535 1294 augule,
555 1218 589 1273 et
611 1211 691 1275 satis
714 1211 933 1294 propinquius

263 1332 364 1393 quam
396 1313 423 1377 si
453 1315 600 1378 medium
637 1323 724 1378 esset
759 1313 931 1379 uniforme.

265 1414 368 1498 Cujus
390 1418 629 1483 demonstratio
651 1428 746 1501 patet
769 1418 803 1482 in
826 1417 933 1502 figura
948 1474 984 1516 m

264 1519 335 1584 ista.
373 1520 463 1584 Nam
477 1523 510 1604 f
523 1521 654 1585 visibile
670 1523 837 1587 videbitur
851 1523 931 1599 ind,

263 1623 319 1688 ubi
332 1625 443 1690 radius
457 1626 593 1691 visualis
607 1626 666 1690 ad
678 1627 840 1693 concurrit
855 1647 932 1691 cum

265 1834 337 1910 inc,
353 1833 410 1898 ubi
427 1856 449 1898 a
462 1855 479 1897 c
494 1835 605 1899 radius
620 1835 753 1898 visualis
769 1837 933 1900 concurrit

264 1957 338 2002 cunr
355 1957 431 2019 gm
453 1939 587 2003 catheto
598 1937 618 2014 ¹,
634 1948 669 2004 et
692 1939 769 2003 ideo
788 1949 862 2004 tota
880 1960 935 2004 res*

263 2042 329 2125 gf
343 2043 518 2126 apparebit
545 2043 578 2106 in
606 2043 679 2108 loco
707 2042 774 2107 cd
799 2044 932 2127 propin·

264 2147 361 2228 quius
382 2146 490 2222 oculo,
505 2156 540 2211 et
553 2147 721 2211 videbitur
735 2147 798 2211 sub
814 2147 932 2230 majori
1005 2145 1006 2150 ’

263 2249 511 2332 angu10,quam
529 2250 557 2313 si
575 2270 694 2334 corpus
711 2271 813 2314 unum
835 2260 931 2315 esset.
961 2221 983 2284 9

265 2355 353 2418 Nam
374 2356 436 2418 sub
452 2353 576 2438 angulo
590 2377 609 2419 o
622 2376 646 2419 a
652 2365 679 2437 p
693 2356 858 2421 videbitur
873 2376 934 2438 per

265 2458 348 2522 baec
369 2460 436 2523 duo
458 2479 606 2541 corpora,
621 2459 680 2523 sed
704 2460 767 2523 sub
789 2460 913 2544 angulo
926 2479 956 2542 g
969 2459 1032 2542 as
1042 2459 1210 2523 videretur
1231 2478 1291 2541 per
1312 2476 1415 2520 unum

266 2562 413 2627 medium
433 2563 504 2627 sine
525 2563 693 2631 fractione.
742 2563 779 2630 Si
801 2585 880 2629 vero
900 2564 1016 2628 oculus
1030 2564 1074 2627 sit
1088 2563 1125 2626 in
1137 2562 1281 2628 densiori
1296 2561 1416 2635 medio,

266 2678 299 2730 et
322 2687 373 2731 res
395 2668 466 2730 visa
488 2667 521 2731 in
542 2667 715 2744 subtiliori,
736 2678 817 2733 tunc
840 2677 891 2732 est
914 2689 933 2732 e

265 2783 390 2836 contra
436 2773 526 2836 Nam
549 2791 600 2836 res
625 2772 793 2837 videbitur
817 2772 933 2851 minor,

266 2885 339 2940 tum
359 2876 438 2958 quia
459 2875 523 2940 sub
545 2877 664 2940 minori
688 2876 815 2959 angulo
840 2876 935 2940 vide--

266 2980 364 3060 bitur,
381 2990 454 3045 tum
469 2980 547 3064 quia
568 2980 728 3044 remotius
745 2980 933 3063 apparebit.

267 3084 357 3148 Nam
371 3107 390 3149 o
403 3085 570 3149 videbitur
583 3083 617 3149 in
630 3082 662 3163 h,
677 3083 751 3166 ets
759 3084 829 3148 ink
846 3083 937 3149 ultra

266 3210 336 3255 rem
357 3191 473 3266 visam,
491 3189 538 3254 ita
559 3189 650 3273 quod
671 3211 689 3254 o
703 3189 737 3272 f
759 3187 934 3273 apparebit

267 3293 299 3358 in
313 3293 391 3358 kh:
418 3313 495 3358 nam
511 3294 621 3358 radius
635 3293 769 3358 visualis
784 3314 806 3357 a
821 3291 840 3356 b
855 3312 934 3355 con-

266 3398 367 3462 currit
379 3398 412 3461 in
422 3396 530 3461 heum
546 3396 681 3462 catheto
697 3395 719 3458 h
733 3417 758 3473 c,
775 3405 809 3460 et
824 3395 935 3460 radius
1021 3383 1023 3387 ’

266 3503 400 3566 visualis
432 3523 454 3566 a
484 3501 510 3565 d
540 3501 704 3566 concurrit
733 3501 766 3565 in
803 3500 825 3564 k
858 3520 934 3565 curn

267 3607 401 3671 catheto
412 3605 474 3688 ps
481 3605 522 3682 k3
546 3615 580 3670 et
595 3606 658 3669 sub
676 3603 791 3669 minori
807 3603 934 3689 angulo

266 3710 405 3788 videtur,
424 3708 567 3793 quamsi
587 3728 646 3791 per
664 3729 765 3772 unum
789 3707 934 3772 medium

267 3814 440 3879 videretur.
494 3813 584 3878 Nam
609 3832 698 3878 nunc
721 3812 855 3876 videtur
882 3831 935 3874 res

268 3927 341 3983 tota
358 3917 421 3982 sub
439 3915 467 3980 d
480 3917 535 3982 ab
551 3916 674 4000 angulo
696 3925 834 3999 propter
851 3914 935 3980 frac-

269 4023 413 4098 tionem;
457 4032 492 4087 et
521 4021 591 4084 sine
620 4021 779 4085 fractione
804 4019 936 4084 videtur
1128 3973 1243 4028 Μὴ

268 4126 370 4210 subs
378 4148 401 4191 a
415 4149 433 4192 o
447 4124 572 4209 angulo
587 4123 711 4208 majori

366 4280 375 4310 ¹
391 4279 455 4329 This
466 4278 573 4342 reading
584 4279 615 4328 of
624 4279 690 4341 Reg.
702 4278 725 4328 is
735 4277 871 4340 obviously
883 4276 959 4339 right.
992 4275 1018 4336 J.
1029 4276 1077 4324 hes
1085 4289 1108 4338 g
1117 4273 1144 4321 in
1156 4271 1266 4322 catheto.
