3542 5359
364 627 690 688 PERSPECTIVAE
714 626 830 686 PARS
854 625 1079 685 SECUNDA:
1111 625 1222 684 DIST.
1251 625 1293 683 II.
1362 640 1402 702 95

252 792 381 860 axibus.
397 802 433 856 ut
454 813 496 866 m,
513 790 602 874 quod
621 791 788 855 videbitur
807 791 873 854 duo
896 799 1033 871 propter
1053 789 1242 853 sensibilem
1265 790 1403 855 diversi·

251 906 355 961 tatem
369 896 482 978 anguli
497 917 595 979 quem
612 896 784 961 constituit
799 896 832 958 in
847 892 963 969 oculis,
974 893 1131 976 quoniam
1144 903 1293 958 macest
1304 893 1403 977 longe

254 1001 359 1083 major
385 1001 418 1064 in
445 1000 543 1066 oculo
571 1022 593 1065 a
622 1021 722 1083 quam
754 1021 787 1063 m
807 1001 826 1064 b
845 1022 863 1063 c
885 999 919 1063 in

253 1107 351 1170 oculo
366 1107 403 1184 b;
423 1116 458 1170 et
472 1108 549 1171 ideo
569 1127 635 1170 non
658 1116 769 1189 potest
791 1105 919 1189 speeies

254 1221 393 1293 utraque
418 1220 555 1293 propter
580 1210 667 1274 hanc
692 1211 917 1274 diversitatem

1165 1102 1189 1145 a
1334 1075 1354 1140 b

253 1316 366 1378 venire
401 1317 445 1379 ad
483 1317 623 1380 eandem
661 1324 789 1398 partem
826 1315 918 1377 nervi

254 1420 448 1495 communis,
465 1420 524 1482 sed
544 1429 676 1502 oportet
699 1421 790 1500 quod
813 1418 920 1499 major

254 1533 394 1605 occupet
409 1521 569 1604 majorem
581 1531 708 1605 partem
722 1524 812 1586 nervi
828 1542 919 1585 com·

939 1691 976 1732 m
1243 1684 1260 1726 c

255 1629 370 1704 munis,
395 1637 430 1690 et
456 1627 531 1691 ideo
562 1627 691 1691 videtur
716 1627 808 1705 visui,
827 1628 918 1709 quod

255 1751 288 1792 m
308 1731 352 1795 sit
374 1733 450 1794 duo,
507 1731 553 1794 Et
578 1750 643 1794 non
665 1729 772 1795 solum
796 1731 918 1794 accidit

254 1834 327 1911 hoc,
356 1838 492 1919 quando
526 1847 666 1917 punctus
703 1835 792 1898 visus
828 1835 919 1898 eadit

253 1962 274 2004 a
304 1941 430 2003 dextris
456 1951 533 2005 eta
559 1940 696 2004 sinistris
726 1941 850 2016 axium,
874 1949 912 2002 ut
936 1958 1022 2002 nunc
1052 1937 1228 2020 figuratum
1259 1947 1319 2017 est,
1343 1939 1402 2001 sed

253 2046 390 2127 quando
413 2045 446 2107 in
470 2045 581 2128 aliqua
602 2045 758 2109 distantia
782 2043 818 2109 fit
841 2046 961 2109 dexter
984 2053 1133 2127 respectu
1155 2043 1251 2105 unius
1273 2041 1356 2118 axis,
1371 2053 1404 2106 et

253 2149 383 2215 sinister
397 2161 547 2232 respectu
563 2149 707 2230 alterius,
718 2150 842 2212 scilicet
857 2148 947 2232 quod
964 2148 1100 2232 quando
1112 2147 1197 2211 inter
1208 2165 1402 2209 concursum

253 2253 369 2318 axium
385 2254 473 2318 cadit
488 2253 540 2318 vel
557 2254 650 2331 ultra,
664 2264 702 2317 ut
716 2263 853 2336 apparet
868 2254 902 2316 in
918 2252 1034 2336 figura.
1079 2252 1167 2314 Nam
1190 2251 1216 2314 si
1233 2250 1403 2314 oculorum

254 2381 276 2420 α
301 2368 335 2420 et
360 2358 379 2422 b
400 2379 482 2422 axes
506 2357 649 2440 figantur
671 2357 822 2440 diligenti
846 2357 1032 2422 intentione
1060 2357 1092 2420 in
1121 2378 1140 2419 o

254 2471 384 2544 partem
402 2461 541 2526 visibilis
563 2483 595 2525 m
607 2485 625 2525 o
636 2483 668 2542 n,
683 2473 763 2526 tunc
777 2461 907 2530 visibile
921 2462 944 2524 k
961 2461 1043 2525 inira
1063 2481 1139 2524 con·

255 2587 387 2630 cursum
408 2568 522 2631 axium
544 2566 712 2630 videbitur
727 2565 804 2646 duo,
818 2576 853 2630 et
867 2565 890 2628 k
911 2565 1039 2629 visibile
1054 2565 1141 2628 ultra

254 2691 451 2734 concursum
478 2671 627 2735 similiter
654 2671 820 2734 videbitur
850 2672 917 2734 duo
948 2671 1140 2734 necessario.

255 2774 345 2838 Nam
363 2776 426 2840 hoc
448 2785 559 2857 potest
581 2775 863 2856 experimentator
885 2772 1035 2855 probare,
1054 2773 1141 2836 acci·
1242 2791 1247 2818 1
1273 2771 1285 2791 '

256 2879 379 2962 piendo
404 2899 505 2942 unum
521 2900 664 2942 asserem
686 2878 872 2943 latitudinis
887 2879 983 2940 unius
999 2876 1139 2959 palmae,

256 2992 290 3046 et
310 2983 526 3067 longitudinis
546 2993 697 3065 quatuor,
713 2982 765 3045 vel
780 2982 937 3065 quinque,
952 2981 1005 3045 vel
1020 3002 1090 3062 sex,
1106 2990 1140 3044 et

1111 1777 1171 1827 Fre.
1183 1791 1225 1839 40.

255 3087 299 3150 sit
309 3088 493 3170 superficies
503 3086 575 3170 ejus
584 3086 696 3164 laevis,
706 3098 740 3151 et
750 3087 891 3170 accipiat
900 3087 962 3150 tria
973 3086 1141 3151 individua

254 3190 406 3269 visibilia,
429 3191 482 3255 vel
505 3193 548 3256 de
570 3212 646 3257 cera
669 3189 721 3253 vel
745 3191 788 3254 de
813 3191 905 3274 ligno
929 3189 1072 3253 formata
1097 3191 1140 3253 ad

254 3295 475 3376 quantitatem
487 3296 630 3378 supremi
642 3295 770 3360 articuli
785 3295 879 3380 digiti
891 3294 1027 3358 minoris
1040 3296 1072 3357 in
1083 3295 1186 3378 figura
1196 3295 1404 3378 pyramidali‚

254 3408 289 3462 et
311 3401 376 3464 sint
400 3400 621 3464 diversimode
642 3397 778 3464 colorati
799 3409 934 3483 propter
956 3400 1155 3463 evidentiam
1179 3401 1350 3482 majorem,
1369 3410 1404 3462 et

252 3503 387 3566 ordinet
412 3526 451 3568 ea
475 3506 655 3569 secundum
681 3505 832 3570 ordinem
856 3503 956 3580 hok,
982 3505 1029 3567 ita
1054 3505 1144 3585 quod
1170 3505 1215 3568 sit
1241 3503 1405 3567 sensibilis

254 3607 414 3672 distantia
436 3609 521 3673 inter
544 3630 591 3685 ea,
607 3619 644 3673 ut
663 3611 810 3674 medium
831 3629 945 3672 eorum
966 3609 1007 3672 sit
1031 3608 1064 3670 in
1082 3609 1191 3673 medio
1215 3609 1356 3688 tabulae,
1371 3617 1405 3671 et

252 3732 356 3776 unum
372 3713 510 3777 aliorum
526 3715 570 3778 sit
585 3715 618 3776 in
634 3714 845 3778 extremitate
864 3713 998 3778 tabulae
1019 3714 1203 3794 remotiore,
1218 3724 1252 3777 et
1271 3713 1404 3777 tertium

252 3818 298 3882 sit
318 3818 352 3880 in
373 3818 483 3882 medio
503 3819 587 3883 inter
607 3819 752 3882 medium
768 3817 950 3880 videndum
971 3827 1006 3880 et
1028 3817 1168 3894 oculum,
1183 3828 1217 3881 et
1238 3819 1352 3881 tabula
1371 3818 1404 3881 in

253 3923 467 3987 extremitate
482 3943 541 3987 sua
557 3936 706 4004 respectu
723 3922 808 3987 oculi
829 3921 953 3986 habeat
968 3924 1134 4003 quandam
1155 3923 1405 4002 concavitatem,

255 4035 292 4090 ut
318 4026 402 4088 bene
424 4027 531 4107 possit
555 4027 713 4111 applicari
740 4025 854 4107 oculis,
879 4038 914 4090 et
938 4026 1027 4108 quod
1051 4025 1164 4089 tabula
1191 4027 1297 4108 possit
1321 4028 1405 4091 bene

252 4129 412 4212 applicari
444 4151 541 4213 super
565 4131 813 4197 extremitatem
838 4131 909 4195 nasi
934 4133 978 4195 ad
1002 4128 1125 4211 oculos,
1149 4141 1183 4195 et
1209 4141 1288 4194 tunc
1317 4131 1404 4194 oculi

252 4233 361 4317 ligant
382 4254 464 4298 axes
484 4255 582 4316 super
602 4237 746 4299 medium
767 4236 984 4315 individuum,
1001 4235 1090 4317 quod
1106 4235 1272 4299 videbitur
1292 4254 1404 4313 unum,

251 4349 288 4403 et
315 4348 493 4421 utrumque
522 4340 661 4403 aliorum
692 4343 834 4404 duorum
863 4339 1030 4404 videbitur
1056 4342 1135 4414 duo,
1162 4359 1239 4402 nam
1267 4338 1291 4401 k
1318 4346 1352 4401 et
1381 4339 1403 4402 Ιι

250 4443 455 4508 videbuntur
470 4455 613 4527 quatuor
627 4456 661 4510 et
673 4467 691 4510 0
704 4445 871 4509 videbitur
886 4465 999 4509 unum.

1228 3159 1290 3209 Flo.
1301 3171 1341 3223 41.
