3542 5359
414 601 745 661 PERSPECTIVAE
769 601 885 662 PARS
914 601 1093 662 TERTIA:
1127 604 1236 664 DIST.
1264 607 1288 663 I.
1368 617 1422 680 131

271 761 340 826 Sed
370 774 509 848 propter
534 765 770 848 aequalitatem
797 774 831 830 et
857 765 1047 831 laevitatem
1071 767 1255 852 superficiei
1276 770 1424 852 corporis

270 867 376 950 politi,
406 879 444 934 ut
475 870 507 933 in
537 869 689 952 speculis,
719 889 835 934 omnes
870 881 982 952 partes
1018 873 1219 937 concordant
1250 873 1283 936 in
1321 893 1421 937 unam

268 971 444 1048 actionem,
474 983 509 1038 et
541 975 625 1038 redit
656 975 783 1058 species
817 975 946 1057 integra
976 986 1011 1040 et
1047 977 1210 1041 sensibilis
1242 998 1347 1060 usque
1377 982 1420 1045 ad

268 1075 400 1138 oculum
423 1086 457 1140 et
479 1077 516 1140 fit
540 1077 623 1140 visio
650 1078 841 1156 manifesta3
868 1089 1084 1142 veruntamen
1109 1101 1175 1144 non
1202 1081 1248 1145 ita
1275 1081 1421 1164 perlecta

267 1179 353 1243 sicut
377 1181 513 1262 quando
537 1180 652 1244 oculus
677 1182 768 1246 videt
795 1203 854 1264 per
877 1183 998 1246 lineam
1022 1194 1157 1260 rectam,
1180 1185 1259 1268 quia
1282 1187 1421 1252 reflexio

267 1284 420 1348 debilitat
435 1287 589 1368 speciem,
600 1296 636 1350 ut
649 1287 775 1350 dictum
792 1297 843 1351 est
860 1287 893 1349 in
903 1288 988 1351 libro
1003 1289 1047 1351 de
1057 1288 1418 1371 Multiplieationibus¹.

312 1388 357 1451 Et
372 1390 538 1471 quoniam,
553 1391 581 1452 si
596 1390 722 1473 species
743 1391 891 1454 transiret
911 1412 971 1474 per
991 1392 1136 1456 medium
1156 1395 1281 1476 speculi
1297 1396 1418 1460 faceret
1431 1409 1550 1474 Equality
1562 1413 1592 1460 os

266 1492 423 1575 angulum
439 1514 461 1556 a
476 1494 649 1576 aequalem
665 1494 789 1576 angulo
809 1495 1007 1559 incidentiae
1023 1497 1079 1578 qui
1095 1506 1145 1561 est
1429 1476 1559 1592 fflffi

266 1595 294 1670 b,
314 1617 373 1680 per
394 1599 544 1679 quintam
565 1595 753 1662 decimam²
771 1598 869 1682 prImi
892 1599 1144 1664 Elementorum
1428 1607 1526 1684 moure

267 1699 425 1777 Euclidis,
461 1723 547 1785 quae
583 1703 664 1767 dicit
699 1703 838 1787 angulos
870 1703 1042 1785 oppositos
1072 1725 1145 1769 esse
1428 1671 1586 1789 gefflnh,

265 1805 430 1886 aequales,
442 1816 575 1890 oportet
590 1808 680 1889 quod
693 1806 834 1890 angulus
850 1806 1049 1885 reflexionis‚
1061 1819 1099 1872 ut
1110 1809 1143 1887 d,
1253 1779 1314 1854 ‘la
1428 1804 1566 1917 ⁸¹¹³&oest

264 1908 308 1972 sit
323 1910 470 1992 aequalis
485 1911 607 1992 angulo
622 1911 826 1992 incidentiae,
836 1913 993 1994 quoniam
1010 1913 1142 1993 qualem
1427 1884 1586 1995 ffirm-

263 2013 421 2096 angulum
437 2017 641 2079 constituerit
653 2015 736 2080 infra
750 2014 932 2098 speculum,
946 2015 1047 2080 talem
1064 2039 1142 2082 con·
1428 2017 1544 2052 conone.

262 2119 370 2184 stituit
394 2121 486 2183 citra.
532 2120 579 2184 Et
605 2120 669 2183 hoc
691 2119 800 2184 adhuc
824 2120 983 2202 probatur
1006 2119 1143 2185 leviter³

263 2223 328 2287 sic:
352 2223 405 2289 Sit
419 2245 441 2288 α
456 2223 475 2288 b
488 2246 505 2288 c
519 2223 689 2308 speculum
705 2223 852 2308 planum,
865 2234 900 2287 et
914 2223 941 2286 d
949 2225 992 2287 sit
1003 2225 1142 2302 visibile,

262 2337 296 2391 et
307 2349 324 2390 e
335 2329 378 2393 sit
389 2327 510 2407 oculus,
520 2339 554 2393 et
565 2331 631 2392 sint
642 2329 693 2392 ab
708 2328 772 2393 etb
786 2349 803 2391 c
817 2329 978 2410 aequalia,
988 2338 1022 2392 et
1036 2330 1063 2392 d
1074 2351 1096 2392 a
1107 2341 1140 2394 et
1235 2325 1296 2377 ΠΟ·
1307 2343 1348 2394 49·

261 2453 305 2494 ec
316 2432 381 2497 sint
392 2433 680 2516 perpendiculares
691 2443 725 2496 et
736 2432 903 2516 aequales,
916 2444 950 2497 et
961 2432 987 2494 d
999 2433 1017 2496 b
1028 2434 1071 2497 sit
1082 2435 1193 2499 radius
1205 2436 1412 2517 incidentiae,

261 2537 306 2600 be
320 2538 363 2602 sit
377 2539 487 2602 radius
499 2538 696 2615 reflexionis,
711 2547 790 2602 tunc
801 2557 878 2600 cum
892 2558 910 2598 c
923 2558 941 2600 e
955 2545 988 2599 et
1002 2557 1019 2599 c
1034 2537 1053 2600 b
1067 2551 1251 2621 aequantur
1262 2543 1305 2606 ad
1316 2545 1412 2609 adet

260 2661 283 2704 a
298 2641 324 2718 b,
341 2651 374 2705 et
394 2643 507 2724 anguli
530 2643 677 2707 contenti
698 2640 782 2706 infra
801 2640 904 2704 latera
923 2652 1000 2703 sunt
1028 2694 1052 2758 d
1388 2723 1406 2766 θ

261 2745 425 2827 aequales,
451 2747 530 2827 quia
559 2747 638 2810 recti
668 2755 755 2818 sunt,
779 2753 912 2828 oportet
941 2763 1000 2827 per

259 2859 413 2931 quartam
429 2850 525 2932 primi
545 2850 795 2914 Elementorum
811 2848 902 2931 quod
926 2847 1000 2909 reli-

259 2954 316 3035 qui
326 2955 436 3035 anguli
453 2975 523 3018 sese
536 2955 748 3038 respicientes
758 2953 824 3018 sint
835 2951 1000 3033 aequales,

259 3058 384 3122 scilicet
410 3079 440 3140 g
467 3069 501 3122 et
521 3061 556 3141 s,
578 3061 669 3141 quod
700 3068 750 3121 est
779 3057 998 3140 propositum.

259 3159 296 3225 Si
328 3183 407 3244 ergo
431 3163 584 3246 trianguli
615 3172 692 3227 sunt
718 3161 880 3245 aequales,
906 3169 999 3243 patet
1025 3142 1049 3184 a
1384 3143 1401 3188 ⁶

259 3269 477 3348 Propositum.
523 3265 559 3331 Si
583 3277 694 3331 autem
719 3285 801 3330 unus
824 3267 867 3329 sit
892 3265 1000 3347 major
1164 3243 1223 3292 Fre.
1237 3258 1277 3308 50·

257 3370 333 3451 alio,
349 3372 457 3436 adhuc
480 3371 592 3456 anguli
616 3372 812 3435 incidentiae
834 3380 869 3433 et
888 3369 1074 3434 reflexionis
1088 3380 1164 3434 sunt
1180 3371 1277 3450 idem,
1292 3383 1326 3436 et
1341 3393 1407 3436 non

258 3485 436 3548 mutantur,
460 3485 496 3539 ut
519 3486 620 3558 patet,
639 3485 672 3540 et
697 3477 772 3538 ideo
797 3493 928 3556 semper
950 3473 1053 3538 stabit
1078 3477 1293 3557 propositum.
1340 3475 1409 3540 Sed

257 3589 372 3642 auctor
396 3580 469 3644 libri
493 3580 536 3644 de
560 3580 709 3663 Speculis
732 3579 889 3662 supponit
915 3576 1099 3659 triangulos
1124 3599 1196 3642 esse
1218 3581 1351 3659 similes,
1374 3591 1408 3646 et

258 3683 333 3746 ideo
355 3685 526 3766 proportio
547 3683 802 3763 eritabetcb,
816 3684 901 3747 sicut
917 3681 992 3748 etd
999 3692 1139 3760 aetra,
1154 3693 1188 3746 et
1203 3685 1370 3766 ideoget
1383 3684 1416 3768 s

255 3786 367 3869 anguli
382 3797 457 3852 sunt
472 3789 635 3870 aequales.

302 3890 349 3953 Et
363 3913 423 3974 per
437 3892 500 3957 hoc
516 3902 608 3975 patet
625 3893 667 3956 de
683 3893 841 3956 convexis
857 3891 998 3975 speculis
1020 3901 1055 3956 et
1075 3892 1236 3956 concavis.
1282 3892 1370 3956 Nam
1387 3915 1409 3956 a

255 4003 291 4058 et
306 3993 325 4057 b
339 3995 462 4058 faciunt
478 3997 632 4078 aequales
648 3997 788 4079 angulos
803 4018 878 4062 cum
894 3996 1030 4079 speculo
1052 3996 1163 4079 plano,
1177 3999 1266 4078 quod
1283 4007 1334 4060 est
1348 3997 1410 4072 dc,

254 4098 312 4162 sed
336 4098 448 4183 anguli
472 4101 719 4183 contingentiae
745 4111 822 4165 sunt
848 4100 1012 4183 aequales.
1058 4100 1149 4183 Ergo
1168 4098 1231 4163 illis
1250 4101 1411 4182 separatis

288 4241 296 4269 ¹
315 4239 384 4288 Note
397 4239 440 4288 the
453 4239 587 4290 reference
599 4249 627 4290 to
639 4241 691 4290 this
703 4241 808 4290 treatise
820 4255 849 4288 as
861 4257 876 4289 a
888 4240 995 4289 distinct
1005 4239 1088 4288 work.

286 4316 297 4346 ¹
312 4318 337 4378 J.
356 4319 403 4368 has
422 4320 474 4367 xix.
511 4319 541 4368 ln
562 4319 626 4381 Reg.
644 4319 689 4369 the
707 4318 802 4367 Arabic
822 4319 952 4367 numerals
975 4332 1005 4379 15
1024 4333 1069 4366 are
1089 4317 1175 4378 given.
1207 4317 1265 4366 The
1284 4317 1411 4379 primitive

253 4397 319 4444 form
331 4397 361 4446 ol
368 4411 393 4458 5.
413 4395 446 4468 ll,
459 4397 482 4446 is
492 4397 591 4460 always
605 4399 670 4447 used
684 4399 710 4445 in
722 4398 767 4446 the
782 4397 867 4446 oldest
880 4397 957 4446 MSS.
970 4395 1000 4445 ol
1012 4397 1107 4458 Bucen,
1120 4396 1172 4444 and
1188 4396 1270 4457 mignt
1286 4396 1369 4457 easily
1379 4398 1413 4445 be

253 4473 378 4601 ¹¹¹¹¹smk'l'beant
388 4473 588 4612 lissllffieienuy
599 4550 639 4600 lor
652 4566 667 4599 a
674 4551 804 4614 persuasio
811 4548 979 4612 preamium
996 4555 1043 4597 not
1057 4547 1092 4609 by
1104 4547 1148 4595 the
1166 4547 1296 4597 elaborate
1311 4551 1412 4612 experi-

252 4632 347 4680 mental
358 4645 466 4694 process
477 4629 611 4680 described
622 4629 657 4692 by
669 4629 795 4688 Alhuen,
808 4629 833 4676 in
845 4630 890 4677 the
902 4628 988 4678 fourth
1000 4626 1069 4676 book
1080 4625 1110 4674 ol
1117 4625 1159 4675 his
1171 4626 1264 4690 optata

805 4721 867 4772 Ka
