3542 5359
809 608 885 669 14
1256 593 1569 653 OPERIS
1616 594 1993 663 MAJORJS
2041 594 2269 652 PARS
2319 592 2664 666 QUINTA.

801 757 1131 820 stantinus
1178 757 1479 839 exponit,
1515 757 1763 820 docens
1806 756 2125 841 respicere
2166 757 2382 839 capita
2425 775 2818 841 magnorum
2858 756 3111 821 anima·

802 861 983 934 lium,
1014 883 1166 925 cum
1196 862 1592 945 occiduntur
1624 883 1756 926 non
1790 861 1855 924 in
1899 870 2152 925 aestate
2194 883 2312 926 nec
2346 864 2412 926 in
2453 862 2689 941 calore,
2719 871 2785 926 et
2825 862 3111 926 inveniet

801 965 1094 1030 foramen
1137 986 1412 1049 parvum
1457 967 1522 1029 in
1568 967 1794 1029 cranio
1836 968 1951 1049 per
1990 966 2171 1048 quod
2212 968 2448 1030 transit
2489 988 2741 1042 nervuS‚
2774 976 2843 1030 et
2879 977 3110 1049 postea

799 1080 1130 1135 scrutetur
1195 1081 1390 1136 caute
1458 1071 1879 1153 panniculum
1948 1071 2103 1154 piae
2177 1072 2403 1135 matris
2474 1091 2557 1135 ne
2623 1071 2979 1154 frangatur,
3041 1083 3108 1135 et

799 1176 1090 1239 inveniet
1128 1196 1402 1238 nervum
1438 1175 1620 1238 exire
1657 1197 1699 1239 a
1733 1174 1943 1237 fundo
1979 1176 2321 1239 anterioris
2361 1177 2568 1259 partis
2603 1177 2865 1241 cerebri.

889 1278 1024 1343 Sed
1080 1281 1217 1344 duo
1269 1281 1471 1354 nervi,
1515 1290 1589 1344 ut
1641 1280 1895 1343 dictum
1947 1291 2065 1354 est,
2112 1300 2153 1343 a
2203 1281 2465 1344 duabus
2516 1281 2819 1364 partibus
2873 1281 3108 1343 dextra

798 1384 1048 1448 scilicet
1084 1394 1151 1447 et
1191 1386 1469 1460 sinistra,
1499 1385 1863 1448 secundum
1906 1404 2135 1449 omnes
2176 1394 2590 1463 concurrunt,
2622 1396 2689 1448 et
2731 1384 2900 1448 fiunt
2942 1405 3110 1447 unus

798 1508 1058 1565 nervuS,
1121 1499 1189 1552 et
1247 1500 1404 1572 post
1462 1488 2001 1570 conjunctionem
2064 1488 2300 1552 iterum
2362 1489 2765 1552 dividuntur.
2871 1488 3107 1551 Melius

798 1603 1024 1657 autem
1065 1593 1187 1657 suit
1229 1604 1303 1658 ut
1348 1603 1812 1658 concurrerent
1856 1593 1924 1656 in
1969 1591 2289 1657 foramine
2331 1613 2533 1675 quam
2579 1602 2735 1657 ante
2781 1593 2884 1657 vel
2936 1602 3106 1675 post.

806 1696 983 1760 Nam
1019 1698 1159 1762 sive
1196 1698 1291 1762 sic
1335 1698 1471 1762 sive
1519 1697 1627 1777 sic,
1659 1696 1953 1761 facerent
1997 1698 2133 1761 duo
2181 1697 2505 1761 foramina
2550 1699 2617 1761 in
2660 1717 2809 1761 osse
2853 1697 3108 1781 capitiS,

798 1803 914 1866 sed
959 1803 1192 1865 melius
1236 1812 1335 1865 est
1378 1801 1513 1865 fieri
1550 1821 1668 1885 per
1709 1822 1935 1876 unum,
1966 1822 2167 1883 quam
2212 1822 2328 1885 per
2368 1804 2522 1866 duo,
2615 1803 2706 1866 Et
2746 1823 2822 1865 os
2864 1802 3108 1864 firmius

797 1919 918 1982 est,
949 1920 1204 1990 quanto
1242 1910 1457 1972 minus
1487 1907 1877 1991 perforatur.
1971 1909 2152 1990 Ergo
2192 1928 2344 1971 cum
2386 1917 2619 1971 natura
2663 1907 2816 1971 facit
2859 1907 3105 1971 meliori

799 2012 1000 2075 modo
1052 2029 1187 2094 quo
1246 2020 1485 2095 potest,
1531 2031 1889 2075 concursus
1941 2013 2063 2075 erit
2116 2011 2179 2074 in
2233 2011 2548 2075 foramine
2607 2011 2822 2084 cranii,
2872 2033 2913 2075 a
2970 2033 3106 2093 quo

798 2115 947 2180 loco
989 2117 1224 2180 iterum
1264 2117 1659 2180 dividuntur.
1754 2117 1845 2180 Et
1887 2136 2139 2194 nervus,
2170 2116 2284 2198 qui
2325 2117 2501 2180 venit
2542 2137 2583 2179 a
2622 2118 2864 2179 dextra
2904 2128 3106 2199 parte,

797 2220 979 2285 vadit
1010 2223 1093 2284 ad
1127 2222 1457 2284 sinistrum
1499 2219 1784 2299 oculum,
1814 2231 1884 2286 et
1923 2220 2039 2303 qui
2074 2242 2113 2283 a
2155 2221 2411 2284 sinistra
2441 2221 2624 2284 vadit
2655 2222 2741 2284 ad
2772 2224 3105 2286 dextrum.

797 2338 871 2391 ut
901 2335 1079 2389 recta
1111 2326 1193 2390 sit
1223 2327 1524 2390 extensio
1554 2346 1901 2389 nervorum
1931 2326 2018 2389 ab
2051 2327 2297 2408 origine
2333 2347 2453 2390 sua
2488 2329 2575 2391 ad
2607 2327 2851 2391 oculos.
2929 2328 3103 2390 Nam

794 2431 846 2494 si
870 2430 978 2493 ille
1001 2431 1112 2512 qui
1135 2432 1314 2496 venit
1334 2451 1374 2494 a
1397 2432 1639 2494 dextra
1663 2439 1853 2513 parte
1881 2430 2221 2495 anterioris
2250 2432 2514 2507 cerebri,
2538 2433 2658 2495 iret
2682 2433 2767 2495 ad
2793 2434 3102 2496 dextrum

795 2535 1078 2613 oculum,
1107 2536 1244 2617 jam
1278 2536 1463 2601 fieret
1502 2534 1784 2618 angulus
1832 2536 1897 2598 in
1942 2555 2144 2600 nervo
2186 2538 2515 2601 communi
2559 2537 2667 2600 ubi
2708 2550 3103 2602 concurrunt

795 2649 862 2703 et
893 2639 1079 2704 fieret
1111 2661 1347 2704 nervus
1379 2660 1619 2705 curvus
1659 2651 1727 2705 et
1761 2661 1893 2704 non
1927 2650 2106 2705 recte
2138 2653 2457 2706 extensus
2486 2644 2571 2706 ad
2604 2641 2885 2706 oculum.
2968 2640 3103 2705 Sed

794 2743 920 2807 hoc
973 2745 1318 2827 impediret
1369 2746 1598 2821 visum,
1651 2746 1805 2829 quia
1855 2746 2034 2809 visus
2094 2731 2356 2829 sernper
2406 2746 2586 2831 eligit
2639 2757 2848 2811 rectas
2900 2745 3104 2809 lineas

1544 2862 1872 2933 quantum
1904 2862 2143 2935 potest.
2222 2851 2313 2915 Et
2344 2860 2502 2915 tunc
2533 2871 2681 2915 cum
2712 2873 2787 2915 os
2818 2852 2989 2914 oculi
3020 2853 3103 2914 sit

1545 2976 1908 3020 concavum
1966 2956 2219 3020 habens
2271 2954 2563 3019 foramen
2608 2976 2832 3019 versus
2881 2968 3101 3037 caput,

1547 3060 1910 3143 ingreditur
1969 3080 2207 3124 nervus
2267 3058 2559 3123 foramen
2624 3060 2794 3123 oculi
2860 3069 2929 3124 et
2988 3080 3102 3123 ex-

1547 3163 1780 3243 pandit
1823 3182 1894 3223 se
1940 3162 2003 3223 in
2047 3161 2453 3226 concavitate
2493 3161 2653 3224 ossis
2699 3161 2783 3224 ad
2832 3161 3100 3223 modurn

1545 3264 1978 3339 instrumenti,
2014 3286 2151 3348 quo
2199 3268 2467 3348 ponitur
2509 3267 2733 3328 vinum
2783 3267 2848 3328 in
2896 3263 3104 3328 doliis

1547 3368 1650 3433 Sit
1711 3390 1870 3453 crgo
1921 3391 1965 3433 a
2008 3371 2046 3434 b
2085 3392 2123 3433 c
2171 3370 2478 3446 cranium,
2524 3380 2591 3434 et
2637 3371 2690 3433 d
2735 3370 2817 3432 sit
2862 3370 3103 3434 dextra

1461 3493 1492 3534 c
1546 3494 1696 3557 pars
1728 3475 2065 3538 anterioris
2097 3474 2521 3538 concavitatis
2551 3474 2816 3545 cerebri,
2851 3484 2921 3538 et
2954 3495 2989 3536 e
3017 3474 3103 3537 sit

1541 3580 1817 3656 sinistra,
1849 3580 2141 3643 involuta
2190 3579 2297 3662 pia
2343 3587 2571 3655 matre,
2600 3599 2640 3641 a
2679 3578 2865 3660 cujus
2895 3576 3103 3640 fundo

1544 3693 1792 3747 exeant
1849 3704 1890 3746 a
1952 3684 2206 3747 dextris
2269 3692 2336 3745 et
2396 3682 2666 3746 sinistris
2726 3684 2861 3746 duo
2924 3683 3100 3745 nervi

1544 3798 2008 3852 concurrentes
2047 3788 2110 3850 in
2151 3785 2467 3850 foramine
2499 3787 2716 3858 cranii,
2755 3798 2824 3851 et
2869 3796 3101 3870 postea

1542 3913 1613 3956 se
1656 3892 2039 3971 dividentes,
2072 3901 2145 3955 ut
2186 3910 2440 3966 nervu3‚
2469 3892 2579 3972 qui
2626 3892 2800 3954 venit
2845 3913 2885 3954 a
2930 3892 3099 3953 dex-

1543 4005 1668 4075 tr0,
1695 3998 1899 4061 vadat
1944 3997 2029 4062 ad
2076 3998 2407 4061 sinistrum
2454 3996 2718 4059 oculum
2764 3998 2875 4078 qui
2922 3997 3005 4059 sit
3034 3996 3099 4078 f,

792 4103 859 4158 et
903 4096 1014 4176 qui
1061 4116 1100 4158 a
1146 4098 1420 4170 sinistro,
1452 4101 1656 4166 vadat
1696 4102 1781 4165 ad
1811 4103 2147 4177 dextrum,
2178 4102 2288 4182 qui
2323 4101 2410 4164 sit
2436 4120 2509 4183 g,
2539 4111 2608 4165 et
2653 4100 3101 4183 ingrediantur

792 4197 1111 4265 foramina
1162 4203 1402 4266 ossium
1451 4225 1907 4285 concavorum‚
1950 4215 2022 4268 ut
2080 4206 2143 4267 in
2201 4204 2311 4268 illa
2371 4204 2782 4269 concavitate
2843 4224 3095 4287 expan-

790 4304 1050 4380 dantur,
1101 4315 1174 4370 ut
1232 4318 1420 4389 patet
1472 4309 1534 4371 in
1590 4310 1820 4393 figura.
1935 4308 2070 4373 Sed
2133 4310 2632 4394 intelligendum
2692 4310 2873 4391 quod
2935 4309 3099 4372 sicut

791 4427 832 4470 a
879 4409 989 4489 pia
1047 4423 1256 4476 matre
1305 4412 1472 4477 fiunt
1524 4415 1659 4477 duo
1708 4414 1903 4489 nervi,
1951 4414 2041 4477 sic
2082 4434 2122 4475 a
2175 4416 2358 4490 dura,
2407 4423 2475 4478 et
2521 4414 2815 4477 similiter
2858 4436 2898 4477 a
2946 4424 3100 4477 cute

789 4512 1002 4588 cranii,
1034 4513 1095 4576 in
1137 4534 1267 4596 qua
1299 4521 1593 4582 exterius
1626 4519 1991 4592 involvitur,
2023 4529 2090 4582 et
2122 4518 2224 4582 isti
2256 4529 2389 4582 tres
2419 4520 2596 4581 nervi
2629 4529 2782 4582 sunt
2813 4518 3098 4595 concavi,

789 4620 857 4673 et
911 4626 1308 4679 concurrunt
1371 4619 1435 4679 in
1494 4618 1826 4694 foramine,
1877 4630 1946 4682 et
2001 4618 2076 4681 fit
2134 4638 2304 4682 unus
2368 4638 2607 4683 nervus
2665 4617 2914 4682 habens
2962 4630 3097 4684 tres

1040 3942 1162 3993 FIG.
1191 3956 1269 4005 24.
