3542 5359
391 635 717 695 PERSPECTIVAE
741 636 856 694 PARS
885 636 1063 694 TERTIA:
1089 637 1199 696 DIST.
1224 636 1266 694 II.
1349 650 1406 713 155

252 817 392 882 corpore
414 798 514 882 plano
536 818 611 862 cum
634 798 705 880 ejus
730 796 844 880 figura,
859 797 913 862 vel
933 806 1069 882 propter
1089 818 1250 862 canonem
1270 798 1406 863 tertium

253 923 327 967 cum
351 922 411 965 sua
431 901 547 986 figura,
565 901 620 965 ubi
642 902 757 966 oculus
780 913 830 966 est
853 902 887 964 in
912 903 1024 966 medio
1046 903 1189 966 densiori
1214 901 1306 984 cujus
1327 922 1407 966 con·

253 1007 377 1071 cavitas
399 1017 451 1070 est
472 1026 585 1071 versus
609 1006 742 1070 oculum
752 1002 772 1069 ¹.

298 1110 461 1174 Similiter
485 1110 616 1186 accidit,
641 1110 669 1174 si
697 1110 729 1174 in
758 1130 818 1174 vas
845 1110 998 1175 mittatur
1023 1110 1158 1194 aliquod
1188 1119 1542 1194 sumaturqueobJ'eetin
1558 1137 1574 1168 a

252 1215 412 1279 distantia
435 1224 471 1279 ut
489 1213 561 1297 jam
584 1233 649 1278 non
672 1215 832 1290 videatur,
856 1215 975 1279 eodem
998 1216 1108 1298 spatio
1131 1215 1298 1280 existente
1319 1186 1495 1302 interffi
1507 1202 1560 1235 ‘²¹¹'

251 1318 421 1384 videntem
440 1328 475 1383 et
493 1339 552 1382 vas
573 1319 739 1383 videbitur
753 1320 845 1402 quod
867 1319 1053 1383 immissum
1070 1329 1131 1394 est,
1147 1321 1174 1384 si
1194 1339 1281 1402 aqua
1297 1319 1404 1383 infun·
1417 1317 1548 1432 fflblebr

252 1424 359 1498 datur,
370 1433 406 1488 ut
418 1423 541 1487 dicitur
552 1422 586 1486 in
598 1424 761 1507 principio
777 1422 851 1486 libri
863 1424 907 1487 de
922 1424 1065 1508 speculis
1072 1420 1096 1485 ².
1128 1424 1175 1486 Et
1186 1423 1250 1488 hoc
1264 1425 1404 1506 quilibet
1418 1398 1510 1499 „aff

252 1535 363 1612 potest
385 1527 541 1608 experiri,
564 1526 641 1591 licet
664 1527 846 1610 inexpertis
869 1528 1022 1592 videatur
1043 1527 1194 1591 mirabile
1219 1527 1272 1590 vel
1298 1527 1406 1609 magis

251 1628 392 1694 falsum:
415 1630 509 1712 cujus
531 1651 629 1695 causa
652 1651 697 1694 ex
721 1632 905 1696 canonibus
927 1632 1130 1706 memoratis,
1149 1630 1275 1696 scilicet
1296 1632 1406 1714 primo

250 1734 295 1798 de
309 1734 417 1817 planis
437 1745 471 1799 et
486 1735 605 1817 quinto
626 1736 669 1800 de
685 1735 845 1813 concavis,
862 1735 1039 1800 manifesta
1053 1746 1115 1801 est.
1160 1736 1250 1800 Nam
1269 1745 1407 1821 propter

250 1837 315 1902 hoc
337 1841 426 1922 quod
451 1838 568 1903 oculus
590 1848 641 1902 est
663 1840 697 1902 in
719 1838 883 1904 subtiliori
910 1841 1030 1916 medi0‚
1052 1849 1087 1904 et
1110 1861 1161 1904 res
1184 1841 1217 1904 in
1240 1840 1406 1923 grossiori,

251 1952 384 2024 oportet
411 1945 502 2026 quod
529 1965 581 2009 res
606 1954 767 2028 appareat
794 1945 1012 2029 propinquius
1037 1956 1071 2009 et
1103 1943 1263 2010 elevatius
1291 1965 1404 2009 versus

250 2046 392 2124 oculum,
412 2047 469 2110 ubi
492 2055 543 2111 est
564 2067 743 2112 concursus
765 2049 847 2112 radii
870 2049 1006 2112 visualis
1028 2068 1103 2113 cum
1126 2047 1269 2124 cathet0,
1289 2057 1324 2112 et
1344 2069 1404 2132 ap·

250 2150 378 2234 parebit
399 2151 514 2233 major.
571 2151 786 2235 Quapropter
812 2151 981 2216 videbitur
1001 2153 1086 2217 visui
1107 2153 1199 2234 quod
1221 2173 1272 2216 res
1295 2153 1404 2237 posita

251 2255 284 2317 in
308 2275 366 2319 vas
388 2256 536 2320 elevatur
561 2275 582 2318 a
604 2255 709 2319 sundo
735 2255 821 2320 vasis
849 2277 954 2340 usque
981 2256 1025 2321 ad
1053 2255 1261 2338 superficiem
1286 2277 1403 2339 aquae.

252 2358 325 2423 Nec
351 2369 401 2424 est
427 2360 508 2424 haec
535 2358 601 2423 alia
625 2359 779 2443 figuratio
808 2380 910 2442 quam
941 2361 1087 2444 quaein
1113 2360 1294 2444 praedictis
1323 2361 1404 2426 locis

250 2461 339 2528 sacta
356 2475 418 2540 est,
434 2473 468 2528 et
484 2465 559 2528 ideo
574 2463 631 2529 illa
648 2465 776 2529 sufficit.

294 2567 331 2633 Si
353 2588 432 2633 vero
453 2568 652 2652 aspiciamus
674 2567 780 2651 solem
806 2569 860 2633 vel
886 2567 1000 2632 lunam
1026 2577 1061 2632 et
1086 2566 1200 2633 stellas
1222 2569 1256 2632 in
1278 2569 1404 2636 oriente
1416 2586 1551 2650 apparent

248 2680 283 2736 et
305 2672 478 2738 occidente
507 2673 732 2738 mediantibus
755 2672 935 2754 vaporibus
961 2670 1087 2754 aqueis‚
1109 2673 1196 2736 sicut
1217 2693 1318 2757 saepe
1347 2695 1401 2737 ac·
1415 2651 1560 2765 ffl‘ffi

250 2777 332 2842 cidit
351 2777 384 2840 in
405 2786 534 2842 aestate
553 2785 587 2841 et
608 2787 780 2854 autumno,
799 2778 950 2842 videmus
971 2774 1036 2840 ista
1056 2777 1230 2840 luminaria
1252 2778 1402 2842 insolitae
1414 2797 1561 2858 moganum

249 2881 496 2966 magnitudinis,
524 2891 560 2946 ut
591 2881 730 2964 quilibet
760 2881 940 2965 experitur.
985 2879 1054 2946 Sed
1083 2901 1181 2946 causa
1210 2882 1401 2965 hujusmodi
1413 2848 1525 2897 honzon.

248 2987 409 3070 accipitur
423 3007 468 3051 ex
486 3005 611 3052 canone
626 2986 736 3070 primo
757 3005 831 3051 cum
852 2985 924 3069 ejus
942 2983 1080 3068 figura³,
1095 2985 1152 3049 ubi
1168 2987 1284 3050 oculus
1301 2988 1401 3051 estin

249 3091 359 3154 medio
374 3091 548 3168 subtiliori,
565 3100 599 3154 et
616 3109 668 3154 res
687 3090 720 3153 in
735 3091 845 3154 medio
865 3090 1018 3169 densiori,
1032 3089 1127 3173 cujus
1144 3091 1334 3156 concavitas
1348 3100 1401 3156 est

247 3214 361 3258 versus
386 3194 530 3273 oculum,
553 3202 587 3257 et
613 3193 729 3258 oculus
755 3205 806 3260 est
836 3194 923 3258 inter
952 3203 1102 3258 centrum
1132 3204 1166 3258 et
1192 3214 1261 3258 rem
1287 3197 1402 3274 visam,

248 3298 338 3364 Nam
357 3297 548 3381 hujusmodi
562 3319 702 3382 vapores
722 3299 885 3381 sphaerici
900 3308 978 3362 sunt
993 3309 1027 3363 et
1044 3300 1244 3365 concentrici
1265 3302 1403 3380 mundo,

247 3404 328 3487 quia
353 3404 537 3488 aequaliter
559 3405 718 3468 recedunt
739 3424 760 3467 a
783 3413 917 3480 centro;
947 3412 981 3467 et
1003 3404 1080 3467 ideo
1106 3405 1168 3468 erit
1188 3425 1303 3469 eorum
1327 3426 1401 3470 con·

247 3509 373 3574 cavitas
399 3529 512 3573 versus
537 3506 682 3585 oculum,
706 3518 741 3571 et
765 3507 881 3571 oculus
908 3506 970 3571 erit
995 3507 1082 3572 inter
1107 3528 1165 3571 eos
1193 3520 1227 3572 et
1254 3520 1400 3573 centrum

248 3631 372 3690 eorum,
386 3613 479 3696 quod
501 3622 552 3676 est
574 3622 723 3677 centrum
747 3612 872 3675 mundi.
919 3611 965 3676 Et
988 3612 1074 3692 ideo,
1088 3622 1126 3676 ut
1148 3612 1256 3694 patuit
1278 3634 1322 3677 ex
1345 3613 1402 3678 illa

247 3715 451 3801 figuratione,
473 3717 585 3799 imago
608 3716 653 3780 rei
676 3725 727 3780 est
750 3715 970 3800 propinquior
990 3725 1024 3780 et
1045 3716 1110 3779 sub
1135 3715 1251 3799 majori
1276 3716 1401 3800 angulo

245 3821 384 3898 videtur,
398 3833 432 3885 et
449 3823 525 3886 ideo
541 3821 646 3903 major
660 3833 694 3886 et
710 3821 927 3905 propinquior
941 3830 1081 3903 apparet
1096 3840 1156 3884 res.

290 3925 327 3991 Si
343 3926 517 4008 objiciatur
534 3927 625 4010 quod
642 3927 754 4008 imago
771 3927 877 3989 minor
896 3935 947 3988 est
962 3943 1063 4007 quam
1079 3945 1140 3999 res,
1155 3934 1292 4007 propter
1306 3926 1396 4007 quod
1410 3933 1436 3982 Is
1447 3932 1498 3981 uns
1508 3932 1557 3982 une

245 4029 372 4094 diceret
388 4028 505 4112 aliquis
520 4031 610 4114 quod
628 4031 735 4093 minor
745 4029 881 4094 deberet
896 4029 999 4092 videri
1014 4051 1021 4102 ;
1044 4027 1223 4092 dicendum
1239 4037 1291 4092 est
1305 4029 1395 4112 quod
1409 4002 1562 4126 ἓηῖζξξζζῖ

246 4132 417 4215 majoritas
444 4134 556 4217 anguli
584 4154 659 4199 cum
688 4133 937 4217 propinquitate
958 4131 1128 4215 praevalet
1155 4133 1189 4196 in
1212 4133 1274 4196 hac
1295 4129 1568 4214 parte.⁸¹¹¹<1¹01>lies

278 4285 342 4336 Ἐἰ
356 4287 558 4350 figdoaudfia.

276 4365 286 4394 ¹
303 4365 365 4415 'l’lris
381 4367 546 4416 observation
563 4381 655 4416 occurs
669 4379 698 4414 as
714 4379 747 4413 rur
761 4365 869 4414 isolated
882 4365 983 4414 remark
1003 4364 1030 4412 in
1049 4363 1094 4413 the
1114 4363 1291 4413 introduction
1310 4369 1338 4412 to
1354 4362 1400 4412 the

244 4443 382 4508 Caruprnua
394 4445 534 4494 attributed
550 4453 577 4494 to
590 4443 688 4493 Euclid.
723 4439 780 4490 'adv
797 4443 830 4492 ris
845 4442 951 4505 ἀγγεῖον
961 4441 1074 4505 ἐμβληθῇ
1087 4459 1120 4502 τι,
1131 4440 1171 4490 nui
1186 4439 1256 4503 λόβη
1268 4440 1400 4502 ἀπόστημα

242 4524 274 4572 ὥς
291 4521 378 4583 μηκέτι
398 4522 508 4583 ὖμᾶοθοι,
525 4522 570 4570 τοῦ
589 4521 665 4570 αὐτοῦ
683 4519 854 4581 ἀποστήματος
873 4519 944 4570 ὄντος
961 4518 1005 4569 ἐὰν
1023 4519 1086 4583 trop
1102 4518 1205 4584 Ιγχοθῇ,
1218 4517 1351 4580 Munerat
1369 4519 1400 4568 τὸ

243 4599 374 4662 ἐμβληθέν.
411 4599 452 4648 Νο
464 4599 626 4650 conclusions
636 4613 707 4649 seem
719 4603 746 4648 to
758 4599 823 4647 have
834 4598 902 4648 been
914 4597 1004 4647 drawn
1016 4597 1083 4646 from
1094 4598 1122 4648 it.

274 4677 354 4729 ’See
371 4678 413 4741 lig.
432 4680 474 4729 ⁶1.
