3542 5359
499 629 699 691 SCIENTIA
725 628 1117 688 EXPERIMENTALIS.
1322 642 1386 702 219

231 794 430 877 stupendum
446 814 546 878 super
563 794 677 860 omnia
695 814 781 877 quae
796 793 863 859 vidi
881 803 915 858 et
930 793 1052 856 audivi.
1097 793 1276 874 Postquam
1296 790 1383 854 enirn

231 899 294 965 hoc
319 899 457 963 intuitus
482 919 567 978 sum,
591 898 670 962 nihil
697 897 758 963 suit
784 918 859 962 meo
882 897 1062 961 intellectui
1089 895 1219 962 difficile
1244 896 1288 960 ad
1315 916 1384 961 cre-

231 1003 390 1083 dendum,
410 1003 594 1067 dummodo
621 1001 738 1067 habuit
763 1012 933 1066 auctorem
955 1010 1094 1065 certum.
1141 1000 1187 1066 Et
1214 1021 1256 1064 ne
1281 999 1384 1063 lateat

230 1107 387 1172 Vestram
422 1107 667 1183 Reverentiam‚
696 1106 760 1172 hoc
795 1107 913 1172 accidit
946 1106 980 1169 in
1013 1104 1162 1188 partibus
1194 1103 1383 1189 plantarum

231 1211 343 1276 divisis
372 1221 406 1275 et
435 1210 583 1276 localiter
612 1211 782 1294 separatis.
829 1210 918 1274 Nam
950 1210 978 1274 si
1004 1208 1151 1274 surculus
1178 1210 1276 1273 unius
1305 1209 1383 1272 anni

230 1317 431 1398 suscipiatur
452 1317 509 1399 qui
532 1316 637 1380 oritur
655 1315 755 1396 juxta
778 1315 904 1380 radices
924 1315 1038 1391 coruli,
1053 1325 1087 1378 et
1109 1314 1289 1378 secundum
1312 1313 1385 1395 ejus

232 1420 470 1504 longitudinem
508 1420 685 1498 dividatur,
719 1430 753 1484 et
790 1430 985 1500 separentur
1020 1428 1132 1502 partes
1169 1418 1292 1482 divisae
1325 1437 1385 1500 per

231 1526 375 1608 spatium
402 1525 533 1608 palmae
560 1545 617 1590 seu
649 1533 791 1607 quatuor
815 1525 1008 1608 digitorum,
1031 1534 1066 1588 et
1092 1543 1177 1587 unus
1203 1531 1314 1587 teneat
1339 1543 1385 1586 ex

232 1650 297 1694 una
312 1639 408 1711 parte
428 1629 657 1694 extremitates
677 1629 816 1694 duarum
833 1629 986 1713 partium,
1001 1639 1036 1693 et
1052 1628 1135 1693 alius
1150 1649 1193 1691 ex
1209 1627 1273 1690 alia
1288 1635 1384 1710 parte

231 1733 389 1810 similiter,
414 1743 449 1798 et
476 1753 607 1815 semper
632 1744 770 1798 teneant
795 1733 979 1814 aequaliter
1002 1743 1036 1797 et
1065 1731 1191 1809 leniter,
1218 1732 1266 1795 ita
1290 1730 1382 1813 quod

231 1839 315 1902 sicut
338 1847 449 1921 partes
471 1837 505 1900 in
527 1847 600 1902 toto
622 1838 751 1902 fuerant
779 1846 895 1902 contra
917 1857 954 1900 se
975 1837 1104 1921 positae
1128 1835 1174 1900 sic
1200 1844 1384 1911 teneantur,

233 1939 315 2006 infra
344 1941 490 2024 spatium
519 1941 650 2005 dimidii
682 1940 826 2006 milliaris
851 1941 1009 2023 incipient
1038 1951 1151 2025 partes
1179 1941 1292 2022 virgae
1323 1939 1384 2002 sibi

232 2045 497 2130 appropinquare
513 2045 682 2128 paulatim,
699 2046 757 2110 sed
777 2045 892 2110 lortius
907 2046 941 2109 in
955 2044 1029 2121 fine,
1042 2054 1079 2109 ut
1093 2046 1232 2108 tandem
1249 2043 1385 2107 omnino

232 2159 428 2214 concurrant
449 2159 483 2214 et
505 2149 571 2214 sint
593 2149 699 2226 simul,
715 2149 981 2214 extremitatibus
1004 2160 1117 2213 tamen
1141 2146 1385 2214 existentibusl

232 2254 377 2332 diversis,
395 2254 473 2336 quia
495 2275 554 2338 per
573 2253 762 2318 violentiam
785 2253 1002 2318 detinentium
1025 2252 1292 2336 praepediuntur.
1337 2252 1385 2316 Et

232 2359 295 2422 hoc
310 2369 363 2422 est
377 2359 474 2424 valde
488 2357 694 2424 admirabile.
734 2358 781 2422 Et
796 2359 871 2422 ideo
888 2357 1008 2442 magici
1023 2365 1162 2422 utuntur
1174 2356 1238 2422 hoc
1255 2356 1385 2439 experi-

234 2473 357 2542 ment0,
373 2473 406 2526 et
424 2463 543 2527 dicunt
561 2461 705 2526 carmina
723 2462 862 2540 diversa,
878 2473 914 2528 et
932 2465 1071 2527 credunt
1090 2462 1181 2544 quod
1199 2482 1243 2526 ex
1264 2463 1385 2526 virtute

233 2568 413 2632 carminum
430 2567 518 2632 istud
539 2566 723 2649 contingat.
767 2567 814 2632 Et
828 2587 893 2650 ego
910 2567 1042 2648 neglexi
1060 2567 1207 2631 carmina
1225 2577 1259 2630 et
1277 2565 1385 2628 inveni

232 2691 317 2752 opus
339 2659 476 2734 naturae
498 2670 656 2734 mirabile.
703 2671 749 2734 Et
771 2670 877 2735 simile
903 2681 955 2735 est
980 2670 1023 2734 de
1049 2680 1204 2752 magnete
1229 2679 1263 2732 et
1287 2669 1385 2732 ferro.

235 2773 323 2838 Nam
347 2775 431 2838 sicut
455 2785 591 2858 propter
614 2773 863 2839 similitudinem
891 2785 1030 2839 naturae
1055 2783 1215 2855 quaeest
1241 2774 1275 2836 in
1298 2772 1384 2837 ferro

233 2887 268 2942 et
289 2888 454 2962 magnete,
478 2898 579 2942 unum
605 2878 704 2942 currit
727 2879 771 2941 ad
796 2878 896 2952 aliud,
920 2878 967 2940 sie
989 2887 1041 2940 est
1066 2877 1138 2952 hic3
1170 2877 1257 2940 unde
1280 2877 1385 2940 virtus

235 2982 401 3058 naturalis,
425 3002 511 3065 quae
538 2993 589 3048 est
617 2983 730 3048 similis
755 2982 788 3046 in
815 2992 956 3066 utraque
981 2993 1078 3066 parte
1103 2981 1245 3064 plantae,
1271 2991 1384 3046 movet

234 3105 290 3152 eas
318 3087 361 3150 ad
391 3086 668 3168 conjunctionem.
715 3086 815 3171 Quod
846 3085 875 3152 si
904 3088 1021 3152 debito
1052 3087 1154 3151 modo
1182 3093 1383 3169 aptarentur,

234 3201 465 3256 concurrerent
487 3192 519 3254 in
542 3192 809 3257 extremitatibus
834 3191 919 3256 sicut
938 3175 979 3256 'in
1004 3191 1116 3257 medio
1141 3201 1175 3255 et
1198 3187 1322 3266 citius²,
1347 3201 1384 3255 ut

233 3295 261 3357 si
285 3295 447 3360 subtiliter
467 3295 711 3378 perforarentur
731 3294 962 3360 extremitates
982 3306 1017 3360 et
1043 3294 1218 3360 transirent
1244 3293 1300 3360 fila
1325 3315 1385 3377 per

232 3397 404 3480 foramina,
421 3411 585 3482 quatenus
604 3399 637 3463 in
655 3421 731 3466 aere
750 3400 1028 3484 suspenderentur
1043 3400 1113 3464 sine
1134 3400 1384 3482 impedimento.

235 3503 280 3568 Et
303 3523 370 3568 non
393 3504 501 3568 solum
523 3505 587 3569 hoc
609 3515 660 3568 est
679 3505 722 3570 de
743 3506 881 3569 surculis
902 3505 1016 3579 coruli,
1031 3506 1091 3568 sed
1113 3505 1156 3568 de
1176 3503 1289 3569 multis
1306 3504 1385 3581 aliis,

234 3609 328 3672 utin
355 3608 517 3684 salicibus,
543 3618 577 3674 et
602 3609 712 3674 forsan
745 3609 778 3674 in
807 3610 970 3688 omnibus,
997 3609 1024 3672 si
1053 3609 1169 3674 debito
1195 3610 1297 3674 modo
1325 3630 1383 3693 ap-

233 3723 391 3777 tarentur.
437 3713 504 3778 Sed
531 3713 610 3796 quia
634 3713 666 3778 in
689 3712 811 3778 talibus
836 3713 947 3798 aptius
972 3714 1100 3797 cogitat
1125 3713 1256 3777 animus
1281 3734 1384 3796 quam

232 3817 380 3881 calamus
402 3817 531 3894 scribat,
546 3817 622 3882 ideo
643 3820 842 3901 supersedeo
857 3820 901 3882 ad
922 3828 1064 3902 tempus.
1111 3819 1178 3884 Hic
1192 3839 1259 3882 non
1278 3818 1385 3884 scribo

234 3920 293 3984 nisi
324 3922 491 3986 recitando
521 3921 609 3985 dicta
638 3921 825 4006 sapientum
854 3931 889 3987 et
917 3943 1004 4006 quae
1033 3923 1120 3994 iacta
1151 3935 1229 3986 sunt
1257 3924 1301 3986 ab
1329 3923 1385 4000 eis,

234 4045 373 4107 quorum
390 4025 520 4106 ingenia
536 4025 640 4108 magis
655 4027 801 4090 admiror
814 4048 914 4109 quarn
930 4026 1087 4110 intelligo.

279 4127 325 4192 Et
344 4129 391 4191 sic
412 4127 532 4194 iaciens
544 4128 643 4193 finem
664 4131 707 4194 de
722 4131 858 4194 scientia
873 4131 936 4194 ista
950 4130 1203 4214 experimentali
1223 4129 1384 4209 absolute,
1398 4133 1517 4209 applica-

233 4243 426 4298 convertam
454 4253 527 4296 eam
555 4235 598 4296 ad
629 4233 805 4299 utilitatem
836 4235 1031 4317 theologiae,
1057 4235 1143 4299 sicut
1169 4234 1204 4296 iu
1232 4233 1305 4297 aliis
1330 4234 1384 4317 egi
1396 4207 1517 4330 iffi„

234 4337 455 4401 consimiliter.
500 4337 586 4402 Cum
613 4359 691 4404 vero
717 4338 788 4421 jam
818 4340 998 4404 monstravi
1025 4338 1259 4421 proprietatem
1286 4338 1385 4422 hujus
1397 4331 1462 4447 ἃ
1458 4331 1517 4381 civil

364 4554 371 4582 ¹
385 4557 546 4616 exeuntibus,
559 4555 585 4618 J.
621 4557 650 4606 ln
663 4558 707 4608 tbe
718 4573 790 4607 nme
801 4565 926 4608 sentence
937 4559 963 4621 J.
977 4559 1024 4608 bas
1036 4559 1230 4622 propediuntur.

361 4649 372 4678 ¹
387 4651 465 4700 citius
477 4667 526 4700 om.
541 4652 568 4700 in
578 4649 603 4712 J.
