3542 5359
373 638 704 700 PERSPECTIVAE
728 641 843 701 PARS
868 642 1028 701 PRIMA:
1061 643 1170 703 DIST.
1191 644 1244 702 IX.
1346 640 1388 715 69

237 805 308 868 aliis
320 807 419 872 docet
431 808 521 890 quod
534 805 823 893 multiplicationes
834 830 948 874 eorum
960 809 1078 874 suntin
1090 819 1247 893 tempore
1295 808 1387 893 Ergo

238 910 466 993 multiplicatio
485 911 566 975 lucis
582 921 633 976 est
648 913 679 975 in
696 912 839 977 instanti.

281 1014 327 1077 Et
340 1035 455 1079 omnes
470 1026 621 1080 auctores
636 1016 724 1080 istud
739 1016 854 1081 dicunt
865 1026 998 1101 praeter
1008 1017 1161 1082 Alhazen
1180 1017 1237 1101 qui
1247 1025 1387 1081 conatur
1401 1022 1511 1072 Alhraen

236 1116 299 1181 hoc
332 1118 503 1183 destruere
531 1120 565 1182 in
595 1120 741 1185 secundo
771 1119 857 1184 libro
890 1140 1031 1204 arguens
1061 1122 1152 1200 sic¹;
1190 1104 1533 1213 Accipiaturii'ffim

236 1220 388 1286 ultimum
401 1224 527 1288 instans
542 1224 655 1307 inquo
671 1224 730 1286 lux
746 1236 796 1290 est
816 1226 848 1289 in
863 1226 1003 1290 termino
1018 1247 1038 1290 a
1053 1248 1128 1309 quo
1142 1237 1176 1290 et
1192 1227 1335 1309 primum
1352 1225 1384 1287 in
1399 1236 1432 1297 03¹
1444 1220 1534 1269 insuffi-

236 1345 304 1406 quo
319 1334 370 1390 est
381 1326 413 1389 in
431 1327 570 1392 termino
586 1328 628 1391 ad
644 1348 754 1409 quem.
793 1328 878 1393 Cum
896 1350 976 1413 ergo
988 1330 1143 1394 instantia
1159 1340 1237 1394 sunt
1248 1329 1386 1405 diversa,
1399 1294 1516 1416 {lesisse

236 1430 319 1493 sicut
340 1430 453 1494 nititur
473 1451 533 1513 per
551 1433 817 1513 experimentum
836 1435 985 1517 probare,
1002 1434 1063 1499 erit
1080 1434 1164 1498 inter
1181 1433 1237 1496 illa
1256 1442 1387 1517 tempus

237 1534 403 1612 medium;
433 1544 468 1599 et
491 1536 569 1601 dicit
592 1538 682 1619 quod
705 1538 813 1601 omnis
836 1537 988 1602 alteratio
1010 1547 1060 1602 est
1085 1539 1118 1601 in
1145 1546 1305 1620 tempore,
1328 1538 1386 1601 sed

237 1638 381 1703 medium
396 1648 430 1704 et
448 1639 561 1704 oculus
583 1641 764 1704 alterantur
785 1662 844 1724 per
866 1642 1019 1726 speciem.
1064 1641 1132 1707 Sed
1157 1642 1219 1706 hae
1243 1642 1387 1706 rationes

235 1744 339 1827 ipsius
361 1742 512 1808 Alhazen
543 1764 611 1808 non
641 1743 765 1808 habent
794 1745 939 1829 aliquam
971 1746 1156 1820 efficaciam,
1180 1746 1257 1828 quia
1285 1745 1387 1808 alibi²

236 1849 375 1915 solvitur
404 1848 520 1931 prima.
580 1849 658 1912 Non
689 1850 776 1913 enim
807 1860 940 1932 oportet
962 1852 1043 1915 dare
1073 1870 1204 1934 semper
1234 1850 1387 1915 ultimum

235 1954 362 2018 instans
385 1952 581 2017 existantiae
611 1953 656 2015 rei
681 1954 715 2016 in
745 1954 886 2018 termino
909 1975 930 2017 a
952 1975 1028 2038 qu0,
1050 1956 1135 2018 sicut
1165 1953 1388 2019 universaliter

234 2056 352 2121 accidit
368 2057 401 2119 in
421 2058 634 2139 generatione
656 2077 763 2121 rerum
785 2058 1056 2141 permanentium,
1071 2059 1130 2123 sed
1152 2068 1284 2141 oportet
1307 2060 1388 2121 dare

234 2164 379 2247 primum
414 2162 539 2225 instans
573 2160 703 2226 termini
733 2164 776 2226 ad
806 2182 916 2244 quem,
945 2164 1029 2227 sicut
1060 2165 1158 2229 docet
1189 2162 1388 2226 Aristoteles

235 2276 356 2331 octavo
389 2264 616 2347 Physicorum.
673 2265 775 2330 Unde
799 2287 875 2329 cum
903 2267 1057 2332 Socrates
1085 2269 1126 2332 de
1151 2287 1218 2331 non
1245 2265 1323 2330 albo
1350 2265 1387 2330 fit

234 2370 341 2447 albus,
364 2389 430 2433 non
453 2377 564 2449 potest
587 2368 650 2434 dici
674 2390 759 2435 nunc
789 2370 909 2435 ultimo
935 2381 1073 2435 estnon
1100 2370 1205 2449 albus,
1227 2369 1389 2434 sumendo

235 2494 323 2537 nunc
345 2493 405 2556 pro
425 2472 569 2551 instanti,
583 2473 643 2537 sed
665 2494 753 2536 nunc
772 2474 880 2557 primo
900 2486 950 2539 est
972 2474 1085 2539 albus:
1109 2495 1187 2540 nam
1208 2494 1274 2538 non
1294 2473 1388 2537 albus

235 2589 285 2641 est
308 2578 341 2639 in
360 2586 432 2641 toto
453 2585 605 2657 tempore
628 2589 840 2641 mensurante
863 2578 1104 2655 alterationem,
1120 2590 1154 2643 et
1176 2577 1213 2642 fit
1236 2578 1330 2642 albus
1354 2580 1387 2640 in

236 2679 301 2745 fine
323 2680 409 2743 illius
430 2680 598 2761 temporis,
614 2680 737 2745 scilicet
753 2682 786 2745 in
806 2682 943 2746 instanti
958 2683 1048 2764 quod
1064 2693 1116 2747 est
1130 2683 1291 2747 terminus
1307 2683 1387 2764 ejus,

236 2794 272 2848 ut
296 2782 495 2848 Aristoteles
517 2785 624 2861 docet,
643 2795 676 2849 et
697 2796 748 2850 est
766 2795 905 2864 certum,
920 2786 997 2851 licet
1016 2786 1061 2850 sit
1077 2786 1173 2849 nimis
1194 2786 1324 2849 difficile
1343 2787 1386 2848 ad

236 2887 487 2971 intelligendum
504 2888 563 2951 nisi
578 2889 705 2972 optime
717 2888 939 2973 explanetur3
959 2890 1017 2953 sed
1030 2889 1110 2953 alias
1126 2890 1299 2972 requiritur
1312 2889 1377 2951 hoc

238 2992 393 3057 Secunda
430 2993 513 3056 ratio
550 2992 622 3075 ejus
660 2993 738 3057 nihil
774 2994 886 3072 valet;
926 3014 1003 3058 nam
1040 3014 1156 3057 omnes
1187 2993 1386 3057 contrarium

236 3098 416 3162 sentientes
447 3106 569 3181 negant
600 3097 682 3163 lucis
715 3097 1021 3181 multiplicationem
1052 3117 1124 3161 esse
1158 3096 1385 3162 alterationem

237 3201 456 3267 successivam
478 3212 512 3265 et
535 3202 765 3284 temporalem.

280 3308 396 3371 Potest
425 3316 537 3369 tamen
563 3306 647 3370 sumi
676 3316 909 3389 argumentum
941 3306 1112 3371 insolubile
1142 3327 1202 3389 pro
1231 3306 1387 3387 opinione
1400 3326 1484 3374 uerter

236 3410 389 3475 Alhazeu
408 3430 451 3473 ex
469 3410 516 3473 eis
536 3430 622 3493 quae
643 3411 722 3475 dicit
740 3411 772 3473 in
795 3413 945 3493 septimo.
991 3413 1081 3476 Nam
1104 3410 1150 3474 ibi
1171 3410 1279 3485 docet,
1296 3411 1384 3493 quod
1398 3405 1499 3520 ἓξὲξ

235 3517 278 3580 ab
292 3515 413 3581 eodem
429 3514 568 3580 termino
583 3516 691 3579 radius
707 3515 985 3600 perpendicularis
1000 3515 1038 3581 fit
1052 3515 1145 3579 citius
1156 3516 1199 3579 ad
1209 3516 1386 3579 terminum
1398 3523 1478 3587 given.

237 3620 333 3705 spatii
354 3639 455 3704 quam
477 3639 545 3684 non
568 3619 857 3702 perpendicularis.
904 3621 971 3686 Sed
994 3620 1090 3684 citius
1114 3630 1149 3684 et
1173 3621 1299 3684 tardius
1320 3638 1387 3683 uon

236 3738 312 3790 suot
331 3724 394 3788 nisi
416 3724 450 3788 in
471 3734 631 3808 tempore,
648 3734 685 3789 ut
703 3725 905 3790 Aristoteles
929 3725 1009 3789 dicit
1030 3735 1150 3807 quarto
1174 3723 1387 3805 Physicorum

236 3839 270 3893 et
285 3840 394 3895 sexto.
439 3829 486 3893 Et
502 3830 589 3893 istud
606 3831 851 3895 demonstratur
865 3830 936 3894 sine
950 3830 1212 3895 contradictione
1226 3827 1387 3911 possibili.

238 3934 327 4000 Nam
365 3933 456 3999 nulla
491 3935 596 3997 virtus
633 3933 727 3999 finita
764 3936 834 4019 agit
871 3935 906 3998 in
944 3934 1093 4012 instanti,
1123 3944 1159 3997 ut
1190 3932 1387 3997 Aristoteles

236 4039 316 4104 dicit
343 4049 442 4103 sexto
469 4038 728 4121 Physicorum³;
753 4049 786 4103 et
817 4038 938 4122 probat
966 4038 1040 4120 hoc,
1064 4039 1142 4119 quia
1171 4046 1249 4101 tunc
1283 4036 1388 4118 major

269 4206 277 4235 ¹
293 4207 418 4267 Alhuen,
431 4206 474 4256 lib.
489 4205 516 4255 ii.
528 4222 599 4268 prop.
614 4222 653 4255 nr.
690 4206 729 4256 Cs.
743 4206 785 4255 lib.
798 4206 839 4256 vii.
852 4221 927 4268 prop.
937 4207 961 4256 8.

268 4284 334 4335 'CL
345 4285 395 4335 vol.
407 4286 423 4334 i.
437 4301 460 4347 p.
475 4300 528 4347 150.

267 4364 278 4395 ¹
294 4364 354 4413 Nar.
365 4364 444 4415 Aust.
457 4364 489 4415 vi.
501 4379 557 4427 cap.
570 4379 594 4426 3,
604 4364 643 4423 §6
660 4362 697 4412 ὅτε
716 4362 736 4411 δ’
753 4362 825 4413 otttv
840 4362 867 4413 lv
884 4362 920 4425 τᾷ
937 4362 981 4411 νῦν
991 4360 1092 4410 κινεῖται
1110 4360 1139 4409 εκ
1155 4358 1230 4408 τῶνδε
1240 4356 1353 4420 φανερόν·
1365 4357 1387 4403 el

235 4441 282 4505 fif
299 4440 376 4501 inlr,
393 4442 519 4505 indixerat
536 4441 576 4491 nat
592 4442 682 4490 θᾶττον
698 4442 814 4490 κινεῖσθαι
831 4441 857 4490 ἐν
873 4441 941 4503 αὐτῷ
958 4440 997 4489 καὶ
1012 4437 1162 4502 βραδύτερον
1176 4473 1184 4487 .
1200 4475 1207 4487 .
1225 4474 1232 4487 .
1247 4435 1297 4485 irai
1315 4434 1339 4483 di
1358 4433 1387 4483 τὸ

235 4520 384 4583 βμδότερον
402 4521 430 4570 lv
450 4520 501 4584 ὅλῳ
518 4522 553 4584 τῷ
569 4520 613 4569 nir
628 4519 759 4583 eruimur,
777 4518 807 4567 τὸ
823 4518 915 4567 θᾶττον
935 4518 963 4567 ir
982 4516 1095 4567 utrm
1115 4514 1205 4565 τούτου
1221 4512 1386 4577 κινηθήσεται.

232 4600 311 4649 Ὥστε
330 4598 505 4663 Mero«
528 4598 558 4649 τὸ
579 4599 630 4651 riu.
664 4597 736 4648 Ἀλλ’
763 4594 795 4660 ἣν
820 4598 964 4661 ἀδιαίρετον.
998 4598 1039 4647 Cf.
1062 4597 1094 4648 iv.
1118 4610 1173 4658 cap.
1199 4608 1238 4657 11,
1261 4594 1314 4643 and
1336 4593 1389 4643 viii.

235 4696 292 4743 cup.
308 4694 338 4730 ro
