3542 5359
388 560 714 619 PERSPECTIVAE
738 559 853 619 PARS
877 561 1039 619 PRIMA:
1072 562 1183 621 DIST.
1210 562 1251 621 II.
1360 579 1397 640 13

234 742 302 786 nec
326 724 524 807 intelligitur
543 725 605 787 nisi
625 734 810 789 recurratur
829 725 871 788 ad
894 725 1112 789 intentionem
1136 727 1339 792 medicorum
1362 738 1396 792 et

234 829 444 893 naturalium
466 828 656 911 pleniorem.
703 829 843 910 Propter
862 830 954 911 quod
974 851 1106 895 necesse
1125 842 1176 894 est
1194 832 1247 897 hic
1266 834 1394 915 aliquid

234 933 375 996 uberius
393 934 458 998 dici
473 954 574 1016 quam
591 934 680 1017 apud
697 927 921 1016 perspect'ivos
937 934 1132 999 inveniatur.
1178 935 1222 999 Et
1243 939 1394 1019 quamvis

232 1038 282 1101 sit
298 1036 432 1101 difficile
446 1036 625 1103 certificare
641 1038 711 1115 ista,
727 1050 761 1102 et
776 1035 955 1102 certificata
970 1038 1160 1120 explanare,
1170 1049 1283 1104 tamen
1298 1062 1394 1123 spero

235 1161 300 1222 per
313 1152 465 1207 auctores
480 1154 588 1209 certos
604 1144 685 1207 haec
700 1163 801 1226 posse
821 1140 890 1205 fieri
907 1142 1091 1208 manifesta.
1137 1143 1205 1208 Sed
1222 1165 1263 1207 ne
1283 1146 1393 1227 singu-

235 1244 349 1309 larum
365 1246 558 1330 opinionum
574 1248 695 1311 rivulos
710 1246 877 1330 superflue
899 1247 1071 1326 deducam,
1091 1249 1238 1312 recitabo
1259 1270 1393 1332 compo·

233 1352 396 1415 sitionem
430 1352 517 1416 oculi
549 1352 727 1435 praecipue
759 1352 943 1416 secundum
978 1362 1046 1416 tres
1078 1363 1241 1430 auctores,
1270 1354 1394 1419 scilicet

234 1454 394 1519 Alhazcn
411 1457 444 1519 in
466 1456 575 1539 primo
593 1455 828 1538 Perspectivae,
845 1464 878 1519 et
896 1455 1177 1520 Constantinum¹
1199 1458 1231 1521 in
1247 1456 1331 1520 libro
1351 1460 1394 1522 de

235 1560 347 1636 oculo,
381 1571 414 1624 et
446 1561 654 1624 Avicennam
685 1560 718 1623 in
747 1560 838 1623 libris
867 1560 957 1638 suis;
991 1581 1067 1625 nam
1098 1560 1131 1623 hi
1162 1560 1329 1626 sufficiunt
1359 1573 1393 1626 et

233 1666 359 1729 certius
380 1676 582 1748 pertractant
603 1685 689 1748 quae
703 1664 867 1728 volumus.
914 1664 993 1728 Non
1013 1677 1125 1728 tamen
1145 1686 1280 1747 possum
1300 1668 1393 1748 sequi

232 1772 339 1833 verba
355 1769 485 1852 singula
506 1769 691 1851 cujuslibet,
706 1771 784 1851 quia
798 1768 979 1851 aliquando
1000 1770 1242 1835 contrariantur
1257 1781 1394 1853 propter

234 1874 361 1937 malam
385 1874 647 1950 translationem,
667 1875 726 1938 sed
753 1894 798 1937 ex
824 1873 980 1937 omnibus
1004 1872 1156 1938 formabo
1182 1894 1282 1937 unam
1307 1876 1392 1938 veri-

234 1987 353 2041 tatem.
412 1977 624 2043 Concordant
659 1998 739 2061 ergo
775 1998 903 2055 omnes,
932 1978 1022 2060 quod
1053 1980 1140 2042 duae
1174 1989 1252 2042 sunt
1281 1989 1392 2063 partes

233 2082 409 2146 anterioris
438 2082 654 2147 concavitatis
683 2082 818 2160 cerebri,
845 2102 929 2164 quas
958 2093 1078 2145 vocant
1103 2084 1314 2158 ventriculos,
1338 2084 1390 2147 vel

233 2187 471 2262 concavitates,
485 2188 538 2251 vel
559 2186 704 2252 cellulas.
751 2186 797 2249 Et
819 2188 853 2250 hi
872 2186 1044 2250 ventriculi
1069 2206 1136 2250 non
1157 2198 1297 2269 possunt
1319 2208 1391 2251 esse

234 2291 457 2356 instrumenta
491 2311 608 2356 sensus
637 2292 823 2356 communis
857 2301 891 2355 et
920 2291 1168 2373 imaginationis
1197 2293 1239 2355 de
1269 2292 1391 2373 quibus

232 2394 362 2459 dictum
393 2406 443 2459 est
470 2398 571 2478 prius.
616 2397 705 2460 Nam
736 2395 784 2458 illi
813 2406 890 2459 sunt
920 2396 1061 2460 ordinati
1091 2396 1274 2459 secundum
1300 2396 1391 2479 prius
1485 2446 1487 2449 .

234 2510 269 2563 et
299 2501 476 2583 posterius,
506 2499 539 2563 hi
571 2510 683 2565 autem
719 2510 797 2565 sunt
826 2500 927 2583 positi
957 2502 1139 2565 secundum
1168 2501 1325 2564 dextrum
1356 2511 1390 2564 et

234 2604 413 2681 sinistrum,
436 2614 475 2667 ut
501 2606 581 2669 dicit
609 2603 856 2669 Constantinus
902 2604 991 2667 Nam
1018 2613 1092 2669 tota
1120 2603 1239 2669 cellula
1265 2604 1388 2668 cerebri

235 2718 347 2789 potest
362 2710 465 2773 dividi
481 2709 514 2771 in
530 2718 660 2791 partem
676 2708 875 2773 anteriorem
896 2717 930 2771 et
945 2708 1162 2792 posteriorem
1182 2717 1220 2771 ut
1240 2709 1390 2791 superius

234 2812 362 2876 dictum
384 2824 444 2876 est.
491 2813 537 2877 Et
553 2812 764 2876 nihilominus
784 2814 968 2877 secundum
983 2813 1140 2876 dextrum
1160 2822 1194 2875 et
1209 2812 1388 2875 sinistrum.

237 2916 284 2979 Et
295 2918 442 2981 anterius
457 2918 538 2999 ejuS,
547 2918 668 2983 scilicet
680 2917 773 2981 locus
787 2937 904 2981 sensus
915 2916 1109 2992 communis,
1118 2916 1220 2979 habet
1232 2917 1388 2979 dextrum

235 3030 270 3085 et
292 3022 469 3100 sinistrum,
490 3022 545 3086 ubi
572 3032 652 3085 sunt
672 3024 740 3086 duo
762 3020 934 3086 ventriculi
957 3021 1209 3102 quodammodo
1232 3020 1389 3084 distincti.

236 3124 283 3191 Et
298 3146 318 3189 a
336 3128 392 3210 pia
412 3135 525 3201 matre,
541 3146 629 3207 quae
644 3126 727 3208 tegit
742 3134 921 3206 utrumque
935 3124 1166 3205 ventriculum,
1180 3126 1252 3190 exit
1269 3146 1389 3189 nervus

235 3229 371 3313 duplex,
386 3250 471 3294 unus
488 3232 531 3294 dc
548 3231 670 3293 dextro
684 3229 878 3305 ventriculo,
894 3237 928 3292 et
943 3228 1027 3293 alius
1042 3230 1085 3292 de
1105 3230 1245 3306 sinistro,
1262 3240 1296 3294 et
1311 3241 1389 3295 sunt

237 3336 324 3398 nervi
350 3336 462 3417 optici,
485 3336 520 3399 id
545 3345 596 3398 est
626 3334 760 3398 concavi
789 3334 970 3397 secundum
998 3333 1105 3399 dictos
1134 3346 1295 3399 auctores.
1342 3335 1387 3399 Et

237 3438 409 3503 inchoatur
434 3439 624 3502 concavitas
650 3458 715 3501 non
745 3460 765 3501 a
792 3439 902 3501 medio
927 3438 1099 3502 anterioris
1126 3439 1228 3521 partis
1253 3439 1386 3513 cerebri,

236 3543 312 3625 quia
342 3542 386 3605 ibi
416 3552 466 3606 est
496 3542 751 3606 instrumentum
780 3544 948 3616 odoratus,
975 3542 1032 3624 qui
1062 3552 1114 3606 est
1144 3562 1230 3604 unus
1260 3563 1387 3617 nervus,

236 3646 361 3711 liabens
390 3666 435 3709 ex
464 3645 621 3710 lateribus
651 3647 734 3710 duas
764 3646 958 3711 carunculas
986 3646 1109 3710 similes
1140 3646 1386 3711 summitatibus

238 3752 463 3825 mamillarum,
492 3751 676 3815 secundum
712 3752 802 3833 quod
840 3752 938 3815 docet
969 3750 1139 3814 Avicenna
1176 3751 1307 3815 decimo
1343 3755 1386 3817 de

236 3856 456 3919 Animalibus.
495 3853 562 3920 Sed
579 3857 762 3919 secundum
777 3855 993 3931 Avicennam,
1005 3866 1039 3919 et
1049 3866 1217 3919 auctorem
1232 3876 1385 3940 perspec-

236 3962 329 4036 tivae,
343 3970 378 4024 et
395 3958 663 4036 Constantinum,
678 3959 768 4023 nervi
790 3959 843 4023 isti
859 3959 1002 4024 visuales
1023 3960 1066 4023 de
1084 3960 1205 4041 quibus
1220 3960 1384 4043 loquimur

235 4072 357 4131 exeunt
381 4086 401 4128 a
428 4062 533 4126 fundo
554 4062 810 4127 ventriculorum
835 4064 1009 4128 anterioris
1035 4064 1157 4148 partis3
1188 4066 1273 4130 sicut
1296 4064 1383 4129 Con·

264 4278 271 4307 ¹
287 4276 479 4325 Constantinus
493 4276 631 4325 Africanus
647 4276 715 4323 lived
740 4274 766 4323 in
784 4276 835 4324 the
847 4276 944 4325 middle
961 4276 991 4324 ot'
1002 4277 1047 4325 the
1063 4277 1184 4325 eleventh
1201 4282 1320 4336 century,
1331 4278 1383 4325 and

234 4364 305 4419 spent
317 4355 396 4404 much
408 4354 439 4403 ol
446 4354 488 4403 his
499 4354 543 4402 lile
556 4354 581 4401 in
594 4353 789 4415 Mesopotamia
832 4352 883 4402 His
895 4355 984 4403 works
994 4372 1066 4403 were
1078 4355 1179 4417 printed
1191 4362 1217 4402 at
1229 4353 1307 4401 Basle
1319 4357 1384 4415 153⁶

234 4436 279 4484 end
299 4449 370 4497 ¹539·
405 4433 462 4482 The
478 4433 576 4481 second
590 4432 693 4481 volume
708 4432 826 4481 contains
844 4448 861 4480 ι
877 4432 951 4481 short
967 4434 1118 4482 anatomical
1130 4431 1245 4491 treatise,
1256 4430 1283 4478 in
1294 4431 1382 4481 which

236 4514 278 4561 ise
289 4512 359 4561 brief
371 4512 423 4560 and
437 4520 484 4558 not
495 4524 559 4571 very
571 4516 689 4559 accurate
701 4510 859 4571 description
870 4510 902 4560 ol
910 4512 956 4560 the
966 4512 1038 4560 hrain
1056 4512 1108 4560 and
1125 4508 1156 4558 oi
1169 4510 1213 4558 the
1232 4524 1290 4571 eye.
1323 4510 1346 4559 lt
1361 4512 1383 4560 is

234 4590 362 4642 deffiuted
376 4597 404 4639 to
417 4588 576 4648 Desiderius,
589 4588 674 4638 Abbot
685 4589 716 4638 oi
725 4588 813 4638 ldoute
825 4589 943 4638 Cnssiuo.
