3542 5359
650 1405 806 1482 PARS
845 1404 1040 1480 SEXTA

576 1633 732 1718 HUJUS
757 1634 1123 1702 PERSUASIONIS.

520 1842 566 1907 Et
588 1841 662 1908 est¹
685 1851 784 1908 sexta
806 1863 882 1928 pars
909 1840 1045 1926 majoris
1067 1842 1185 1926 operis,

402 2043 474 2107 DE
514 2041 775 2109 SCIENTIA
816 2042 1300 2110 EXPERIMENTALI.

709 2259 936 2326 Cnemveux
961 2260 989 2324 Ι.

315 2450 437 2515 Positis
461 2450 627 2516 radicibus
653 2450 837 2536 sapientiae
862 2450 1058 2515 Latinomm
1086 2470 1188 2532 penes
1216 2448 1363 2534 Linguas
1388 2460 1423 2515 et
1436 2455 1597 2574 Experimept

272 2553 549 2620 Mathematicam
572 2565 607 2619 et
625 2555 880 2639 Perspectivam‚
898 2573 985 2619 nune
1007 2554 1086 2619 volo
1107 2553 1274 2618 revolvere
1296 2523 1486 2618 radices⁸¹nd
1437 2589 1561 2653 ingeom-

271 2678 293 2722 a
312 2669 405 2740 parte
429 2658 594 2724 Scientiae
614 2657 908 2744 Experimentalis,
923 2658 1003 2741 quia
1020 2658 1090 2722 sine
1109 2658 1317 2740 experientia
1341 2656 1424 2721 nihil
1439 2654 1524 2720 pared.

272 2763 471 2827 sufficienter
493 2765 577 2828 scire
597 2773 716 2847 potest.
764 2763 842 2827 Duo
865 2763 952 2827 enim
977 2771 1053 2825 sunt
1081 2761 1173 2826 modi
1197 2762 1427 2844 cognoscendi,

271 2866 398 2931 scilicet
429 2889 489 2952 per
523 2877 757 2951 argumentum
790 2876 824 2931 et
857 2865 1134 2949 experimentum.
1177 2865 1426 2947 Argumentum

272 2972 443 3036 concludit
476 2982 511 3036 et
541 2973 620 3037 facit
654 2993 715 3037 nos
747 2973 929 3037 concedere
959 2969 1204 3036 conclusionem
1215 2966 1239 3048 ¹,
1270 2971 1328 3034 sed
1360 2991 1427 3034 non

272 3075 431 3142 certificat
447 3098 554 3162 neque
574 3086 726 3142 removet
748 3075 990 3142 dubitationem
1013 3085 1051 3139 ut
1073 3075 1219 3157 quiescat
1240 3074 1369 3138 animus
1391 3076 1427 3139 in

273 3180 396 3245 intuitu
426 3182 584 3258 veritatis,
608 3181 672 3246 nisi
698 3201 772 3246 eam
803 3180 952 3245 inveniat
982 3179 1037 3243 via
1067 3178 1314 3262 experientiae3
1347 3179 1427 3262 quia

272 3283 369 3348 multi
396 3285 522 3350 habent
547 3296 746 3370 argumenta
770 3288 814 3350 ad
838 3284 979 3362 scibilia,
1003 3283 1062 3348 sed
1091 3283 1171 3368 quia
1203 3303 1269 3347 non
1301 3283 1427 3348 habent

273 3389 527 3472 experientiam,
537 3391 711 3475 negligunt
726 3409 775 3468 ea,
785 3410 845 3454 nec
856 3389 965 3453 vitant
979 3389 1097 3452 nociva
1112 3407 1172 3452 nec
1186 3398 1428 3472 persequuntur

272 3493 370 3556 bona.
427 3492 464 3558 Si
501 3495 589 3558 enim
626 3495 746 3578 aliquis
782 3493 884 3558 homo
915 3493 972 3576 qui
1002 3513 1171 3576 nunquam
1201 3492 1285 3557 vidit
1314 3492 1426 3576 ignem

272 3596 427 3680 probavit
454 3619 514 3683 per
539 3608 735 3682 argumenta
757 3597 955 3663 sufficientia
978 3597 1069 3680 quod
1095 3595 1182 3678 ignis
1205 3597 1370 3661 comburit
1394 3606 1428 3661 et

273 3700 377 3765 laedit
391 3722 444 3767 res
459 3712 492 3766 et
508 3704 657 3783 destruit,
672 3722 842 3787 nunquam
862 3710 999 3785 propter
1020 3700 1084 3764 hoc
1103 3701 1284 3784 quiesceret
1298 3700 1429 3766 animus

273 3806 448 3884 audientis,
459 3827 519 3872 nec
528 3807 640 3892 ignem
656 3809 776 3872 vitaret
791 3815 972 3890 antequam
988 3815 1126 3890 poneret
1143 3824 1278 3870 manum
1293 3805 1346 3869 vel
1357 3825 1427 3870 rem
1515 3869 1518 3874 .

273 3909 540 3976 combustibilem
557 3912 600 3975 ad
618 3912 741 3995 ignem,
757 3920 794 3976 ut
812 3930 872 3995 per
893 3909 1135 3994 experientiam
1158 3908 1314 3991 probaret
1337 3910 1428 3993 quod

311 4078 320 4107 ¹
337 4089 385 4144 eet,
398 4081 484 4131 which
495 4082 518 4132 is
530 4082 575 4132 the
586 4081 695 4144 reading
707 4083 737 4132 oi
745 4082 788 4145 O.,
801 4083 824 4132 is
835 4082 972 4144 obviously
982 4081 1068 4130 better
1078 4081 1142 4130 than
1153 4081 1241 4130 etiem.

306 4164 317 4194 ¹
331 4164 357 4226 J.
370 4165 417 4214 hes
428 4165 584 4215 concludere
598 4165 785 4228 quaestionem
820 4165 877 4214 Tne
889 4171 946 4214 text
956 4166 984 4214 in
996 4165 1041 4213 the
1053 4164 1111 4212 first
1121 4162 1220 4213 edition
1232 4161 1263 4212 oi
1270 4162 1322 4212 this
1334 4169 1392 4224 pert
1403 4162 1434 4211 oi

274 4245 320 4295 the
331 4244 406 4292 work
417 4243 464 4292 has
471 4258 542 4292 more
554 4259 639 4293 errore
650 4243 767 4293 thnntbe
779 4251 838 4295 rest
875 4243 914 4293 Ol
921 4244 966 4292 the
978 4250 1032 4292 two
1042 4241 1129 4303 MSS,
1141 4240 1173 4290 0.
1186 4241 1238 4290 nud
1250 4241 1284 4300 D,
1296 4256 1329 4289 on
1341 4241 1430 4290 which

273 4326 326 4376 this
337 4325 436 4374 section
445 4324 536 4373 elmost
544 4323 658 4388 entirely
664 4323 791 4386 depende,
803 4325 848 4373 the
856 4323 912 4373 first
919 4338 976 4373 was
983 4328 1030 4371 not
1042 4322 1141 4370 known
1152 4327 1180 4369 to
1189 4319 1270 4380 Jebb3
1281 4319 1326 4368 the
1331 4321 1429 4369 mund

275 4403 373 4468 (which
387 4403 398 4452 1
411 4403 477 4452 have
489 4403 635 4452 elsewhere
647 4403 725 4466 given
738 4417 845 4452 reasons
856 4402 897 4451 ior
907 4401 1028 4464 thinking
1039 4416 1054 4450 n
1066 4415 1135 4463 copy
1145 4400 1175 4449 oi
1183 4399 1229 4464 O.)
1242 4414 1297 4448 was
1308 4405 1354 4447 not
1365 4414 1430 4462 very

274 4482 398 4544 cerelully
407 4481 545 4531 eumined
554 4481 589 4543 by
596 4481 656 4530 him.
679 4481 736 4531 'lire
747 4497 833 4531 errore
845 4481 925 4531 noted
936 4480 999 4530 here
1011 4480 1083 4530 osten
1096 4479 1214 4539 obscure,
1221 4479 1273 4528 and
1281 4478 1429 4529 sometimes

274 4560 374 4623 nulliiy,
387 4561 433 4610 the
450 4559 565 4609 authors
582 4561 711 4624 meaning.
748 4559 835 4624 Every
850 4560 996 4611 correction
1013 4558 1089 4608 made
1105 4559 1177 4624 here,
1190 4574 1221 4608 es
1237 4556 1391 4620 elsewhere,
1405 4558 1430 4607 is

272 4639 425 4690 authorized
437 4639 472 4701 by
484 4638 528 4688 the
541 4637 617 4689 MSS.
