3542 5359
354 626 597 686 PERSPECTI
601 626 686 684 VAE
709 628 823 687 PARS
848 628 1012 687 PRIMA:
1044 630 1155 689 DIST.
1182 631 1265 688 VIII.
1345 646 1386 706 59

230 785 410 867 radialem;
433 789 493 853 sed
508 789 536 852 si
551 788 666 854 oculus
681 800 768 855 esset
784 790 816 853 in
832 801 945 855 centro
961 792 1083 867 mundi,
1091 791 1217 857 videret
1232 802 1385 875 quartam

230 892 313 954 coeli
347 892 410 956 sub
440 891 496 956 illa
529 894 726 975 pyramide3
763 894 919 976 quoniam
950 904 1089 979 ponunt,
1118 897 1209 979 quod
1239 897 1387 979 pyramis

230 996 399 1059 contineat
417 995 450 1058 in
472 995 570 1060 oculo
587 996 746 1079 angulum
769 1007 907 1072 rectum,
923 1019 964 1062 eo
978 1000 1069 1082 quod
1092 999 1138 1062 illi
1161 1000 1285 1082 angulo
1307 1001 1386 1063 sub-

230 1100 380 1163 tenditur
395 1098 482 1164 latus
496 1100 647 1183 quadrati
665 1102 897 1183 descriptibilis
911 1103 945 1165 in
965 1103 1106 1185 sphaera
1125 1124 1237 1178 uveae‚
1252 1104 1386 1179 scilicet,

230 1204 324 1285 quod
349 1204 459 1287 portio
484 1224 595 1282 uveae,
617 1204 651 1267 in
673 1225 738 1287 qua
765 1217 816 1270 est
841 1206 997 1282 foramen,
1020 1216 1131 1290 potest
1157 1228 1275 1291 capere
1299 1209 1386 1271 latus

231 1307 394 1388 quadrati,
410 1317 445 1372 et
467 1306 563 1371 lateri
578 1309 730 1391 quadrati
751 1309 929 1393 respondet
948 1310 1089 1393 angulus
1109 1320 1236 1388 rectus;
1258 1323 1385 1376 etcum

231 1413 280 1475 ita
309 1413 352 1477 sit
380 1416 560 1478 secundum
592 1415 781 1499 opinionem
813 1418 960 1489 istorum,
984 1428 1066 1482 tunc
1090 1418 1269 1482 aestimant
1294 1420 1385 1500 quod

232 1516 265 1578 in
291 1518 443 1599 portione
465 1518 534 1582 visa
560 1520 603 1583 de
628 1518 723 1583 coelo
751 1520 854 1601 possit
884 1521 1043 1584 contineri
1069 1522 1155 1586 latus
1177 1522 1336 1605 quadrati,
1352 1532 1386 1586 et

232 1620 308 1684 ideo
335 1632 409 1686 tota
432 1632 550 1703 quarta
572 1622 744 1700 videretur,
767 1623 794 1686 si
819 1624 933 1689 oculus
958 1636 1044 1689 esset
1071 1627 1104 1689 in
1130 1638 1243 1691 centro
1271 1637 1385 1691 terrae.

232 1723 333 1807 Quod
357 1726 383 1788 si
406 1725 479 1800 hoc,
500 1736 578 1790 tunc
601 1727 672 1790 sine
694 1728 901 1791 dubitatione
925 1750 990 1792 non
1013 1740 1126 1813 potest
1143 1741 1262 1812 quarta
1283 1732 1386 1796 videri

231 1830 276 1894 ab
298 1827 394 1893 oculo
417 1828 581 1894 existente
604 1832 637 1894 in
655 1830 828 1915 superficie
848 1842 963 1910 terrae,
982 1832 1061 1916 per¹
1077 1835 1267 1899 vicesimam
1288 1835 1385 1918 primi

234 1933 486 1997 Elementorum
510 1934 667 1999 Euclidis.
713 1936 803 1999 Nam
832 1938 1013 2000 secundum
1035 1957 1120 2017 eam,
1146 1940 1174 2002 si
1195 1960 1215 2003 a
1238 1940 1386 2004 terminis

232 2038 321 2102 basis
350 2037 506 2122 trianguli
533 2041 694 2104 ducantur
717 2042 803 2104 duae
825 2040 933 2104 lineae
954 2040 1038 2105 insra

232 2141 433 2224 triangulum
450 2144 667 2208 continebunt
686 2143 844 2228 angulum
866 2144 1038 2226 majorem,

234 2252 270 2309 ut
289 2257 383 2329 patet
403 2249 436 2311 in
461 2246 575 2330 figura.
622 2248 715 2332 Ergo
736 2268 836 2313 conus
856 2250 1040 2331 pyramidis

232 2349 394 2415 venientis
428 2352 462 2414 in
497 2360 615 2434 quarta
648 2350 730 2415 coeli
764 2352 807 2417 ad
839 2352 972 2416 oculum
1007 2354 1039 2416 in

232 2453 404 2537 superficie
433 2465 548 2533 terrae,
572 2457 755 2520 contineret
788 2441 948 2539 angulum
979 2458 1038 2521 ob-

233 2570 354 2624 tusum.
430 2558 516 2623 Cum
554 2580 634 2643 ergo
669 2560 811 2643 angulus
855 2561 1040 2644 pyramidis

233 2666 415 2729 secundum
433 2684 490 2727 eos
509 2674 616 2729 rectus
632 2675 691 2741 est,
709 2666 779 2748 ipsa
800 2667 949 2748 pyramis
971 2686 1039 2729 non

233 2767 371 2833 habebit
405 2780 558 2853 quartam
588 2770 672 2833 coeli
702 2790 762 2852 pro
791 2770 872 2845 basi,
904 2771 1040 2852 quando
1173 2754 1233 2802 5¹⁰·
1249 2765 1289 2815 ³³·

235 2872 348 2937 oculus
376 2883 427 2937 est
452 2874 484 2935 in
508 2873 681 2955 superficie
707 2884 824 2951 terrae,
848 2875 907 2939 sed
931 2875 1038 2937 minus
1061 2892 1160 2956 quam
1184 2881 1311 2954 quarta.

279 2975 347 3041 Sed
377 2978 466 3059 quod
504 2979 710 3061 supponitur,
739 2980 830 3060 quod
866 2978 1016 3062 pyramis
1053 2974 1186 3041 radialis
1223 2974 1388 3039 contineat

233 3080 393 3163 angulum
421 3090 557 3158 rectum,
580 3102 688 3164 neque
709 3081 810 3147 habet
831 3081 1063 3146 auctoritatem
1086 3100 1193 3163 neque
1215 3079 1388 3162 experien·
1401 3094 1464 3144 This
1476 3102 1521 3144 not

233 3186 316 3250 tiam
342 3206 448 3269 neque
471 3187 787 3250 demonstrationem
814 3206 918 3269 usque
944 3185 1100 3252 adhunc
1126 3185 1226 3258 diem,
1251 3192 1286 3247 et
1312 3183 1388 3246 ideo
1400 3161 1478 3278 ἓξὲξ
1489 3168 1544 3290 ‘gy’

234 3290 351 3353 eadem
368 3288 528 3354 facilitate
543 3290 762 3355 contemnitur
776 3312 842 3373 qua
862 3288 1034 3374 probatur
1078 3290 1123 3352 Et
1143 3309 1219 3353 cum
1241 3288 1389 3353 redditur
1400 3294 1495 3357 theory,

234 3392 334 3475 hujus
349 3414 448 3458 causa
463 3414 520 3478 per
538 3394 624 3458 latus
639 3394 791 3477 quadrati
811 3394 967 3477 descripti
988 3396 1021 3459 in
1041 3393 1182 3479 sphaera
1202 3413 1305 3456 uveae
1325 3393 1388 3457 hoc

234 3510 324 3563 stare
341 3518 407 3562 non
428 3508 558 3581 potest:
580 3498 658 3582 quia
678 3498 819 3582 sphaera
834 3520 937 3563 uveae
952 3509 985 3563 et
1000 3500 1142 3563 anterior
1156 3497 1306 3582 glacialis
1321 3517 1388 3560 non

233 3612 313 3666 sunt
338 3602 572 3681 concentricae,
596 3612 629 3665 et
660 3602 735 3666 ideo
763 3602 856 3667 lateri
881 3603 1034 3685 quadrati
1060 3603 1093 3665 in
1119 3603 1261 3685 sphaera
1286 3620 1389 3665 uveae

236 3726 303 3769 non
319 3706 534 3789 respondebit
548 3706 687 3788 angulus
703 3716 810 3771 rectus
828 3707 861 3771 in
880 3707 1021 3790 sphaera
1040 3704 1195 3788 glacialis,
1211 3725 1271 3770 nec
1290 3715 1389 3769 erunt

235 3810 407 3893 portiones
428 3809 576 3893 glacialis
600 3822 632 3874 et
659 3832 762 3874 uveae
784 3810 917 3889 similes,
938 3821 972 3875 et
995 3811 1071 3875 ideo
1092 3830 1153 3875 nec
1175 3809 1283 3893 portio
1307 3808 1390 3874 coeli

235 3914 298 3978 erit
320 3915 436 3979 similis
458 3916 601 3999 portioni
625 3935 726 3979 uveae
749 3917 780 3979 in
799 3935 866 3998 qua
889 3914 1092 4000 protrahitur
1107 3915 1194 3979 latus
1214 3914 1389 3996 quadrati;

236 4019 326 4101 quod
351 4028 464 4083 tamen
486 4029 664 4103 oporteret.
712 4020 757 4083 Et
779 4040 864 4084 voco
887 4019 940 4085 hic
964 4020 1134 4102 portiones
1151 4018 1287 4094 similes,
1303 4038 1390 4099 quae

236 4124 362 4188 habent
389 4124 559 4207 portiones
589 4124 891 4207 proportionabiles
923 4134 1074 4206 respectu
1104 4143 1238 4187 suarum
1268 4120 1389 4204 sphae-

235 4248 356 4304 rarum,
373 4246 452 4291 cum
475 4236 628 4292 secentur
645 4229 689 4292 ab
710 4228 859 4309 ejusdem
875 4227 1048 4293 diametris
1062 4237 1177 4305 terrae,
1193 4237 1230 4290 ut
1244 4234 1340 4309 patet
1355 4225 1389 4287 in

237 4330 351 4415 ligura.
397 4331 487 4395 Nam
504 4332 545 4395 sit
560 4331 701 4415 sphaera
716 4333 799 4397 coeli
819 4354 841 4395 a
860 4355 878 4397 c
897 4333 921 4411 i,
936 4333 1077 4415 sphaera
1098 4329 1247 4414 glacialis
1265 4329 1295 4391 ei
1311 4348 1390 4392 con·

236 4437 380 4502 centrica
394 4435 461 4515 do,
475 4448 510 4501 et
524 4436 664 4519 sphaera
686 4456 798 4513 uveae,
813 4437 908 4519 cujus
923 4446 1074 4500 centrum
1094 4445 1145 4499 est
1164 4433 1255 4497 aliud
1277 4452 1390 4495 versus

235 4542 380 4605 anterius
397 4539 484 4605 oculi
500 4540 624 4605 scilicet
639 4550 660 4621 t,
675 4542 718 4605 sit
732 4542 825 4625 efg.
871 4542 968 4605 Patet
985 4560 1064 4623 ergo
1079 4539 1169 4621 quod
1191 4560 1214 4601 a
1234 4558 1252 4600 c
1271 4546 1391 4619 quarta

379 4678 388 4707 ¹
406 4676 463 4725 'l'be
474 4676 643 4740 twenty-first
654 4677 817 4741 proposition
829 4678 855 4727 in
867 4678 976 4727 modern
988 4676 1102 4725 editions
1112 4674 1143 4723 oi
1150 4673 1249 4724 Euclid.
