<?xml version="1.0" encoding="UTF-8"?>
<!DOCTYPE html PUBLIC "-//W3C//DTD XHTML 1.0 Transitional//EN"
    "http://www.w3.org/TR/xhtml1/DTD/xhtml1-transitional.dtd">
<html xmlns="http://www.w3.org/1999/xhtml" xml:lang="en" lang="en">
 <head>
  <title>
</title>
<meta http-equiv="Content-Type" content="text/html;charset=utf-8" />
  <meta name='ocr-system' content='tesseract 3.04.00' />
  <meta name='ocr-capabilities' content='ocr_page ocr_carea ocr_par ocr_line ocrx_word'/>
</head>
<body>
  <div class='ocr_page' id='page_1' title='image "./opusmajusrogerb02bridgoog_0119.png"; bbox 0 0 3542 5359; ppageno 0'>
   <div class='ocr_carea' id='block_1_1' title="bbox 362 604 1287 676">
    <p class='ocr_par' dir='ltr' id='par_1_1' title="bbox 362 604 1287 676">
     <span class='ocr_line' id='line_1_1' title="bbox 362 604 1287 676; baseline -0.004 -11"><span class='ocrx_word' id='word_1_1' title='bbox 362 622 420 666; x_wconf 92' lang='lat'><strong>100</strong></span> <span class='ocrx_word' id='word_1_2' title='bbox 583 605 739 665; x_wconf 86' lang='lat' dir='ltr'><em>OPERIS</em></span> <span class='ocrx_word' id='word_1_3' title='bbox 763 604 952 674; x_wconf 78' lang='lat' dir='ltr'><strong>MAJORIS</strong></span> <span class='ocrx_word' id='word_1_4' title='bbox 977 605 1092 662; x_wconf 83' lang='lat' dir='ltr'><em>PARS</em></span> <span class='ocrx_word' id='word_1_5' title='bbox 1117 604 1287 676; x_wconf 83' lang='lat' dir='ltr'><strong>QUINTA.</strong></span> 
     </span>
    </p>
   </div>
   <div class='ocr_carea' id='block_1_2' title="bbox 358 765 1513 1061">
    <p class='ocr_par' dir='ltr' id='par_1_2' title="bbox 358 765 1513 1061">
     <span class='ocr_line' id='line_1_2' title="bbox 358 765 1513 852; baseline -0.002 -20"><span class='ocrx_word' id='word_1_6' title='bbox 358 768 447 852; x_wconf 93' lang='lat' dir='ltr'><strong>quod</strong></span> <span class='ocrx_word' id='word_1_7' title='bbox 471 767 542 832; x_wconf 89' lang='lat' dir='ltr'><strong>sola</strong></span> <span class='ocrx_word' id='word_1_8' title='bbox 564 769 623 831; x_wconf 87' lang='lat' dir='ltr'><strong>lux</strong></span> <span class='ocrx_word' id='word_1_9' title='bbox 646 766 717 849; x_wconf 89' lang='lat' dir='ltr'><strong>ejus</strong></span> <span class='ocrx_word' id='word_1_10' title='bbox 740 766 954 832; x_wconf 89' lang='lat' dir='ltr'><strong>accidentalis</strong></span> <span class='ocrx_word' id='word_1_11' title='bbox 976 766 1104 831; x_wconf 87' lang='lat' dir='ltr'><strong>veniret</strong></span> <span class='ocrx_word' id='word_1_12' title='bbox 1126 768 1170 830; x_wconf 88' lang='lat' dir='ltr'><strong>ad</strong></span> <span class='ocrx_word' id='word_1_13' title='bbox 1192 765 1325 830; x_wconf 91' lang='lat' dir='ltr'><strong>oculum</strong></span> <span class='ocrx_word' id='word_1_14' title='bbox 1348 775 1383 829; x_wconf 90' lang='lat' dir='ltr'><strong>et</strong></span> <span class='ocrx_word' id='word_1_15' title='bbox 1406 765 1513 830; x_wconf 92' lang='lat' dir='ltr'><strong>nullus</strong></span> 
     </span>
     <span class='ocr_line' id='line_1_3' title="bbox 359 870 1513 956; baseline -0.004 -19"><span class='ocrx_word' id='word_1_16' title='bbox 359 874 470 937; x_wconf 88' lang='lat' dir='ltr'><strong>radius</strong></span> <span class='ocrx_word' id='word_1_17' title='bbox 501 872 700 956; x_wconf 88' lang='lat' dir='ltr'><strong>principalis,</strong></span> <span class='ocrx_word' id='word_1_18' title='bbox 724 881 759 934; x_wconf 92' lang='lat' dir='ltr'><strong>et</strong></span> <span class='ocrx_word' id='word_1_19' title='bbox 788 871 865 936; x_wconf 91' lang='lat' dir='ltr'><strong>ideo</strong></span> <span class='ocrx_word' id='word_1_20' title='bbox 890 871 1006 935; x_wconf 90' lang='lat' dir='ltr'><strong>stellae</strong></span> <span class='ocrx_word' id='word_1_21' title='bbox 1035 870 1190 934; x_wconf 90' lang='lat' dir='ltr'><strong>videntur</strong></span> <span class='ocrx_word' id='word_1_22' title='bbox 1214 891 1274 953; x_wconf 87' lang='lat' dir='ltr'><strong>per</strong></span> <span class='ocrx_word' id='word_1_23' title='bbox 1300 870 1409 934; x_wconf 89' lang='lat' dir='ltr'><strong>radios</strong></span> <span class='ocrx_word' id='word_1_24' title='bbox 1435 891 1513 933; x_wconf 93' lang='lat' dir='ltr'><strong>suos</strong></span> 
     </span>
     <span class='ocr_line' id='line_1_4' title="bbox 359 976 967 1061; baseline -0.002 -21"><span class='ocrx_word' id='word_1_25' title='bbox 359 976 565 1061; x_wconf 85' lang='lat' dir='ltr'><strong>principales,</strong></span> <span class='ocrx_word' id='word_1_26' title='bbox 583 987 616 1040; x_wconf 91' lang='lat' dir='ltr'><strong>et</strong></span> <span class='ocrx_word' id='word_1_27' title='bbox 632 997 698 1040; x_wconf 90' lang='lat' dir='ltr'><strong>non</strong></span> <span class='ocrx_word' id='word_1_28' title='bbox 714 976 967 1040; x_wconf 85' lang='lat' dir='ltr'><strong>occultarentur.</strong></span> 
     </span>
    </p>
   </div>
   <div class='ocr_carea' id='block_1_3' title="bbox 191 1079 1511 1165">
    <p class='ocr_par' dir='ltr' id='par_1_3' title="bbox 191 1079 1511 1165">
     <span class='ocr_line' id='line_1_5' title="bbox 191 1079 1511 1165; baseline 0.001 -25"><span class='ocrx_word' id='word_1_29' title='bbox 191 1091 245 1140; x_wconf 83' lang='lat' dir='ltr'><strong>The</strong></span> <span class='ocrx_word' id='word_1_30' title='bbox 258 1090 336 1157; x_wconf 80' lang='lat' dir='ltr'><strong>milky</strong></span> <span class='ocrx_word' id='word_1_31' title='bbox 404 1080 471 1145; x_wconf 88' lang='lat' dir='ltr'><strong>Sed</strong></span> <span class='ocrx_word' id='word_1_32' title='bbox 496 1083 538 1145; x_wconf 90' lang='lat' dir='ltr'><strong>de</strong></span> <span class='ocrx_word' id='word_1_33' title='bbox 560 1079 717 1165; x_wconf 89' lang='lat' dir='ltr'><strong>galaxia¹</strong></span> <span class='ocrx_word' id='word_1_34' title='bbox 735 1081 855 1144; x_wconf 91' lang='lat' dir='ltr'><strong>mirum</strong></span> <span class='ocrx_word' id='word_1_35' title='bbox 879 1082 1048 1163; x_wconf 72' lang='lat' dir='ltr'><strong>estquod</strong></span> <span class='ocrx_word' id='word_1_36' title='bbox 1071 1101 1138 1144; x_wconf 90' lang='lat' dir='ltr'><strong>non</strong></span> <span class='ocrx_word' id='word_1_37' title='bbox 1161 1090 1272 1163; x_wconf 90' lang='lat' dir='ltr'><strong>potest</strong></span> <span class='ocrx_word' id='word_1_38' title='bbox 1293 1099 1455 1162; x_wconf 89' lang='lat' dir='ltr'><strong>apparere</strong></span> <span class='ocrx_word' id='word_1_39' title='bbox 1479 1079 1511 1141; x_wconf 92' lang='lat' dir='ltr'><strong>in</strong></span> 
     </span>
    </p>
   </div>
   <div class='ocr_carea' id='block_1_4' title="bbox 190 1172 252 1220">
    <p class='ocr_par' dir='ltr' id='par_1_4' title="bbox 190 1172 252 1220">
     <span class='ocr_line' id='line_1_6' title="bbox 190 1172 252 1220; baseline 0.032 -16"><span class='ocrx_word' id='word_1_40' title='bbox 190 1172 252 1220; x_wconf 85' lang='lat' dir='ltr'><strong>way.</strong></span> 
     </span>
    </p>
   </div>
   <div class='ocr_carea' id='block_1_5' title="bbox 354 1183 1512 3664">
    <p class='ocr_par' dir='ltr' id='par_1_5' title="bbox 354 1183 1512 3664">
     <span class='ocr_line' id='line_1_7' title="bbox 358 1183 1511 1269; baseline -0.004 -20"><span class='ocrx_word' id='word_1_41' title='bbox 358 1185 499 1269; x_wconf 91' lang='lat' dir='ltr'><strong>sphaera</strong></span> <span class='ocrx_word' id='word_1_42' title='bbox 521 1185 663 1260; x_wconf 90' lang='lat' dir='ltr'><strong>coelesti,</strong></span> <span class='ocrx_word' id='word_1_43' title='bbox 690 1205 751 1248; x_wconf 92' lang='lat' dir='ltr'><strong>nec</strong></span> <span class='ocrx_word' id='word_1_44' title='bbox 774 1185 808 1248; x_wconf 94' lang='lat' dir='ltr'><strong>in</strong></span> <span class='ocrx_word' id='word_1_45' title='bbox 832 1185 975 1267; x_wconf 89' lang='lat' dir='ltr'><strong>sphaera</strong></span> <span class='ocrx_word' id='word_1_46' title='bbox 997 1184 1090 1259; x_wconf 90' lang='lat' dir='ltr'><strong>aeris,</strong></span> <span class='ocrx_word' id='word_1_47' title='bbox 1113 1185 1171 1248; x_wconf 92' lang='lat' dir='ltr'><strong>sed</strong></span> <span class='ocrx_word' id='word_1_48' title='bbox 1195 1185 1228 1247; x_wconf 94' lang='lat' dir='ltr'><strong>in</strong></span> <span class='ocrx_word' id='word_1_49' title='bbox 1250 1183 1392 1268; x_wconf 89' lang='lat' dir='ltr'><strong>sphaera</strong></span> <span class='ocrx_word' id='word_1_50' title='bbox 1416 1183 1511 1264; x_wconf 79' lang='lat' dir='ltr'><strong>ignis</strong></span> 
     </span>
     <span class='ocr_line' id='line_1_8' title="bbox 358 1288 1512 1370; baseline -0.003 -17"><span class='ocrx_word' id='word_1_51' title='bbox 358 1288 502 1354; x_wconf 88' lang='lat' dir='ltr'><strong>Galaxia</strong></span> <span class='ocrx_word' id='word_1_52' title='bbox 527 1309 606 1353; x_wconf 92' lang='lat' dir='ltr'><strong>vero</strong></span> <span class='ocrx_word' id='word_1_53' title='bbox 626 1308 693 1352; x_wconf 94' lang='lat' dir='ltr'><strong>uno</strong></span> <span class='ocrx_word' id='word_1_54' title='bbox 714 1290 815 1352; x_wconf 93' lang='lat' dir='ltr'><strong>modo</strong></span> <span class='ocrx_word' id='word_1_55' title='bbox 834 1298 884 1353; x_wconf 87' lang='lat' dir='ltr'><strong>est</strong></span> <span class='ocrx_word' id='word_1_56' title='bbox 905 1288 1045 1352; x_wconf 88' lang='lat' dir='ltr'><strong>circulus</strong></span> <span class='ocrx_word' id='word_1_57' title='bbox 1066 1290 1098 1352; x_wconf 96' lang='lat' dir='ltr'><strong>in</strong></span> <span class='ocrx_word' id='word_1_58' title='bbox 1124 1288 1217 1352; x_wconf 90' lang='lat' dir='ltr'><strong>coelo</strong></span> <span class='ocrx_word' id='word_1_59' title='bbox 1241 1288 1404 1363; x_wconf 89' lang='lat' dir='ltr'><strong>coelestis,</strong></span> <span class='ocrx_word' id='word_1_60' title='bbox 1425 1306 1512 1370; x_wconf 87' lang='lat' dir='ltr'><strong>quae</strong></span> 
     </span>
     <span class='ocr_line' id='line_1_9' title="bbox 356 1389 1511 1475; baseline -0.001 -20"><span class='ocrx_word' id='word_1_61' title='bbox 356 1392 462 1458; x_wconf 87' lang='lat' dir='ltr'><strong>lactea</strong></span> <span class='ocrx_word' id='word_1_62' title='bbox 476 1395 530 1457; x_wconf 93' lang='lat' dir='ltr'><strong>via</strong></span> <span class='ocrx_word' id='word_1_63' title='bbox 543 1405 688 1470; x_wconf 90' lang='lat' dir='ltr'><strong>vocatur,</strong></span> <span class='ocrx_word' id='word_1_64' title='bbox 703 1393 829 1458; x_wconf 89' lang='lat' dir='ltr'><strong>habens</strong></span> <span class='ocrx_word' id='word_1_65' title='bbox 848 1389 972 1458; x_wconf 89' lang='lat' dir='ltr'><strong>multas</strong></span> <span class='ocrx_word' id='word_1_66' title='bbox 986 1393 1100 1457; x_wconf 90' lang='lat' dir='ltr'><strong>stellas</strong></span> <span class='ocrx_word' id='word_1_67' title='bbox 1121 1394 1266 1457; x_wconf 89' lang='lat' dir='ltr'><strong>minutas</strong></span> <span class='ocrx_word' id='word_1_68' title='bbox 1282 1401 1511 1475; x_wconf 88' lang='lat' dir='ltr'><strong>congregatas,</strong></span> 
     </span>
     <span class='ocr_line' id='line_1_10' title="bbox 356 1496 1512 1582; baseline -0.004 -20"><span class='ocrx_word' id='word_1_69' title='bbox 356 1510 390 1563; x_wconf 86' lang='lat' dir='ltr'><strong>et</strong></span> <span class='ocrx_word' id='word_1_70' title='bbox 406 1498 487 1563; x_wconf 89' lang='lat' dir='ltr'><strong>haec</strong></span> <span class='ocrx_word' id='word_1_71' title='bbox 504 1520 579 1582; x_wconf 89' lang='lat' dir='ltr'><strong>pars</strong></span> <span class='ocrx_word' id='word_1_72' title='bbox 591 1498 675 1562; x_wconf 91' lang='lat' dir='ltr'><strong>coeli</strong></span> <span class='ocrx_word' id='word_1_73' title='bbox 689 1497 776 1573; x_wconf 84' lang='lat' dir='ltr'><strong>iacit,</strong></span> <span class='ocrx_word' id='word_1_74' title='bbox 789 1500 970 1562; x_wconf 90' lang='lat' dir='ltr'><strong>secundum</strong></span> <span class='ocrx_word' id='word_1_75' title='bbox 982 1496 1201 1561; x_wconf 80' lang='lat' dir='ltr'><strong>Aristotelem</strong></span> <span class='ocrx_word' id='word_1_76' title='bbox 1219 1498 1326 1578; x_wconf 92' lang='lat' dir='ltr'><strong>primo</strong></span> <span class='ocrx_word' id='word_1_77' title='bbox 1344 1497 1512 1560; x_wconf 89' lang='lat' dir='ltr'><strong>Meteoro-</strong></span> 
     </span>
     <span class='ocr_line' id='line_1_11' title="bbox 356 1602 1510 1685; baseline -0.003 -21"><span class='ocrx_word' id='word_1_78' title='bbox 356 1602 547 1684; x_wconf 86' lang='lat' dir='ltr'><strong>logicorum,</strong></span> <span class='ocrx_word' id='word_1_79' title='bbox 558 1603 807 1684; x_wconf 86' lang='lat' dir='ltr'><strong>impressionem</strong></span> <span class='ocrx_word' id='word_1_80' title='bbox 819 1602 1021 1666; x_wconf 90' lang='lat' dir='ltr'><strong>luminosam</strong></span> <span class='ocrx_word' id='word_1_81' title='bbox 1037 1603 1228 1666; x_wconf 91' lang='lat' dir='ltr'><strong>continuam</strong></span> <span class='ocrx_word' id='word_1_82' title='bbox 1245 1622 1305 1685; x_wconf 89' lang='lat' dir='ltr'><strong>per</strong></span> <span class='ocrx_word' id='word_1_83' title='bbox 1314 1620 1510 1664; x_wconf 90' lang='lat' dir='ltr'><strong>concursum</strong></span> 
     </span>
     <span class='ocr_line' id='line_1_12' title="bbox 356 1705 1510 1790; baseline -0.003 -20"><span class='ocrx_word' id='word_1_84' title='bbox 356 1707 438 1771; x_wconf 90' lang='lat' dir='ltr'><strong>lucis</strong></span> <span class='ocrx_word' id='word_1_85' title='bbox 461 1707 577 1771; x_wconf 87' lang='lat' dir='ltr'><strong>solaris</strong></span> <span class='ocrx_word' id='word_1_86' title='bbox 599 1728 674 1770; x_wconf 92' lang='lat' dir='ltr'><strong>cum</strong></span> <span class='ocrx_word' id='word_1_87' title='bbox 702 1707 829 1771; x_wconf 91' lang='lat' dir='ltr'><strong>lucibus</strong></span> <span class='ocrx_word' id='word_1_88' title='bbox 852 1707 1042 1787; x_wconf 90' lang='lat' dir='ltr'><strong>hujusmodi</strong></span> <span class='ocrx_word' id='word_1_89' title='bbox 1069 1705 1238 1770; x_wconf 89' lang='lat' dir='ltr'><strong>stellarum</strong></span> <span class='ocrx_word' id='word_1_90' title='bbox 1266 1725 1449 1790; x_wconf 89' lang='lat' dir='ltr'><strong>parvarum,</strong></span> <span class='ocrx_word' id='word_1_91' title='bbox 1476 1713 1510 1766; x_wconf 90' lang='lat' dir='ltr'><strong>et</strong></span> 
     </span>
     <span class='ocr_line' id='line_1_13' title="bbox 356 1809 1510 1894; baseline -0.003 -22"><span class='ocrx_word' id='word_1_92' title='bbox 356 1809 438 1875; x_wconf 90' lang='lat' dir='ltr'><strong>haec</strong></span> <span class='ocrx_word' id='word_1_93' title='bbox 453 1812 625 1894; x_wconf 86' lang='lat' dir='ltr'><strong>impressio</strong></span> <span class='ocrx_word' id='word_1_94' title='bbox 640 1822 776 1876; x_wconf 89' lang='lat' dir='ltr'><strong>vocatur</strong></span> <span class='ocrx_word' id='word_1_95' title='bbox 791 1811 943 1875; x_wconf 88' lang='lat' dir='ltr'><strong>similiter</strong></span> <span class='ocrx_word' id='word_1_96' title='bbox 961 1810 1105 1893; x_wconf 87' lang='lat' dir='ltr'><strong>galaxia</strong></span> <span class='ocrx_word' id='word_1_97' title='bbox 1153 1810 1253 1875; x_wconf 91' lang='lat' dir='ltr'><strong>Unde</strong></span> <span class='ocrx_word' id='word_1_98' title='bbox 1275 1811 1510 1891; x_wconf 85' lang='lat' dir='ltr'><strong>aequivocatur</strong></span> 
     </span>
     <span class='ocr_line' id='line_1_14' title="bbox 357 1914 1510 1997; baseline -0.002 -20"><span class='ocrx_word' id='word_1_99' title='bbox 357 1935 478 1979; x_wconf 92' lang='lat' dir='ltr'><strong>nomen</strong></span> <span class='ocrx_word' id='word_1_100' title='bbox 495 1918 538 1981; x_wconf 92' lang='lat' dir='ltr'><strong>ad</strong></span> <span class='ocrx_word' id='word_1_101' title='bbox 554 1937 686 1980; x_wconf 92' lang='lat' dir='ltr'><strong>causam</strong></span> <span class='ocrx_word' id='word_1_102' title='bbox 709 1925 742 1980; x_wconf 92' lang='lat' dir='ltr'><strong>et</strong></span> <span class='ocrx_word' id='word_1_103' title='bbox 767 1915 945 1980; x_wconf 86' lang='lat' dir='ltr'><strong>eflectum:</strong></span> <span class='ocrx_word' id='word_1_104' title='bbox 968 1925 1002 1979; x_wconf 91' lang='lat' dir='ltr'><strong>et</strong></span> <span class='ocrx_word' id='word_1_105' title='bbox 1022 1924 1161 1997; x_wconf 91' lang='lat' dir='ltr'><strong>apparet</strong></span> <span class='ocrx_word' id='word_1_106' title='bbox 1184 1916 1376 1979; x_wconf 90' lang='lat' dir='ltr'><strong>continuum</strong></span> <span class='ocrx_word' id='word_1_107' title='bbox 1398 1914 1510 1976; x_wconf 91' lang='lat' dir='ltr'><strong>lumen</strong></span> 
     </span>
     <span class='ocr_line' id='line_1_15' title="bbox 357 2018 1509 2104; baseline -0.003 -20"><span class='ocrx_word' id='word_1_108' title='bbox 357 2030 390 2084; x_wconf 89' lang='lat' dir='ltr'><strong>et</strong></span> <span class='ocrx_word' id='word_1_109' title='bbox 406 2019 597 2104; x_wconf 86' lang='lat' dir='ltr'><strong>oblongum,</strong></span> <span class='ocrx_word' id='word_1_110' title='bbox 612 2020 689 2084; x_wconf 89' lang='lat' dir='ltr'><strong>licet</strong></span> <span class='ocrx_word' id='word_1_111' title='bbox 709 2019 826 2084; x_wconf 90' lang='lat' dir='ltr'><strong>stellae</strong></span> <span class='ocrx_word' id='word_1_112' title='bbox 844 2021 911 2084; x_wconf 91' lang='lat' dir='ltr'><strong>sint</strong></span> <span class='ocrx_word' id='word_1_113' title='bbox 930 2021 1114 2083; x_wconf 90' lang='lat' dir='ltr'><strong>distinctae.</strong></span> <span class='ocrx_word' id='word_1_114' title='bbox 1161 2018 1229 2083; x_wconf 86' lang='lat' dir='ltr'><strong>Sed</strong></span> <span class='ocrx_word' id='word_1_115' title='bbox 1252 2018 1410 2082; x_wconf 84' lang='lat' dir='ltr'><strong>distantia</strong></span> <span class='ocrx_word' id='word_1_116' title='bbox 1432 2018 1509 2082; x_wconf 87' lang='lat' dir='ltr'><strong>lacit</strong></span> 
     </span>
     <span class='ocr_line' id='line_1_16' title="bbox 357 2121 1508 2208; baseline -0.003 -21"><span class='ocrx_word' id='word_1_117' title='bbox 357 2123 429 2200; x_wconf 91' lang='lat' dir='ltr'><strong>hoc,</strong></span> <span class='ocrx_word' id='word_1_118' title='bbox 459 2126 544 2188; x_wconf 91' lang='lat' dir='ltr'><strong>sicut</strong></span> <span class='ocrx_word' id='word_1_119' title='bbox 575 2126 601 2188; x_wconf 89' lang='lat' dir='ltr'><strong>si</strong></span> <span class='ocrx_word' id='word_1_120' title='bbox 631 2126 706 2206; x_wconf 91' lang='lat' dir='ltr'><strong>quis</strong></span> <span class='ocrx_word' id='word_1_121' title='bbox 736 2145 757 2188; x_wconf 92' lang='lat' dir='ltr'><strong>a</strong></span> <span class='ocrx_word' id='word_1_122' title='bbox 786 2124 885 2208; x_wconf 88' lang='lat' dir='ltr'><strong>longe</strong></span> <span class='ocrx_word' id='word_1_123' title='bbox 915 2125 1079 2208; x_wconf 88' lang='lat' dir='ltr'><strong>aspiceret</strong></span> <span class='ocrx_word' id='word_1_124' title='bbox 1109 2122 1210 2188; x_wconf 91' lang='lat' dir='ltr'><strong>ollam</strong></span> <span class='ocrx_word' id='word_1_125' title='bbox 1240 2121 1441 2206; x_wconf 80' lang='lat' dir='ltr'><strong>perforatam</strong></span> <span class='ocrx_word' id='word_1_126' title='bbox 1475 2123 1508 2184; x_wconf 94' lang='lat' dir='ltr'><strong>in</strong></span> 
     </span>
     <span class='ocr_line' id='line_1_17' title="bbox 356 2229 1507 2311; baseline -0.001 -20"><span class='ocrx_word' id='word_1_127' title='bbox 356 2229 505 2311; x_wconf 89' lang='lat' dir='ltr'><strong>partibus</strong></span> <span class='ocrx_word' id='word_1_128' title='bbox 518 2229 631 2292; x_wconf 90' lang='lat' dir='ltr'><strong>multis</strong></span> <span class='ocrx_word' id='word_1_129' title='bbox 644 2229 844 2311; x_wconf 87' lang='lat' dir='ltr'><strong>propinquis,</strong></span> <span class='ocrx_word' id='word_1_130' title='bbox 857 2229 891 2291; x_wconf 91' lang='lat' dir='ltr'><strong>in</strong></span> <span class='ocrx_word' id='word_1_131' title='bbox 904 2249 969 2310; x_wconf 93' lang='lat' dir='ltr'><strong>qua</strong></span> <span class='ocrx_word' id='word_1_132' title='bbox 978 2229 1063 2310; x_wconf 89' lang='lat' dir='ltr'><strong>ignis</strong></span> <span class='ocrx_word' id='word_1_133' title='bbox 1073 2229 1312 2291; x_wconf 88' lang='lat' dir='ltr'><strong>contineretur:</strong></span> <span class='ocrx_word' id='word_1_134' title='bbox 1333 2237 1507 2310; x_wconf 89' lang='lat' dir='ltr'><strong>appareret</strong></span> 
     </span>
     <span class='ocr_line' id='line_1_18' title="bbox 356 2332 1506 2416; baseline -0.001 -22"><span class='ocrx_word' id='word_1_135' title='bbox 356 2332 443 2395; x_wconf 89' lang='lat' dir='ltr'><strong>enim</strong></span> <span class='ocrx_word' id='word_1_136' title='bbox 468 2334 496 2396; x_wconf 91' lang='lat' dir='ltr'><strong>ei</strong></span> <span class='ocrx_word' id='word_1_137' title='bbox 521 2341 657 2416; x_wconf 91' lang='lat' dir='ltr'><strong>propter</strong></span> <span class='ocrx_word' id='word_1_138' title='bbox 678 2332 873 2395; x_wconf 88' lang='lat' dir='ltr'><strong>distantiam</strong></span> <span class='ocrx_word' id='word_1_139' title='bbox 898 2333 983 2414; x_wconf 88' lang='lat' dir='ltr'><strong>ignis</strong></span> <span class='ocrx_word' id='word_1_140' title='bbox 1014 2333 1188 2396; x_wconf 92' lang='lat' dir='ltr'><strong>continuus</strong></span> <span class='ocrx_word' id='word_1_141' title='bbox 1212 2341 1348 2414; x_wconf 90' lang='lat' dir='ltr'><strong>propter</strong></span> <span class='ocrx_word' id='word_1_142' title='bbox 1370 2333 1506 2414; x_wconf 92' lang='lat' dir='ltr'><strong>propin·</strong></span> 
     </span>
     <span class='ocr_line' id='line_1_19' title="bbox 356 2435 1507 2517; baseline 0 -20"><span class='ocrx_word' id='word_1_143' title='bbox 356 2436 519 2517; x_wconf 91' lang='lat' dir='ltr'><strong>quitatem</strong></span> <span class='ocrx_word' id='word_1_144' title='bbox 551 2435 759 2514; x_wconf 83' lang='lat' dir='ltr'><strong>foraminum,</strong></span> <span class='ocrx_word' id='word_1_145' title='bbox 789 2456 889 2517; x_wconf 91' lang='lat' dir='ltr'><strong>quam</strong></span> <span class='ocrx_word' id='word_1_146' title='bbox 929 2456 995 2499; x_wconf 92' lang='lat' dir='ltr'><strong>non</strong></span> <span class='ocrx_word' id='word_1_147' title='bbox 1026 2436 1225 2498; x_wconf 90' lang='lat' dir='ltr'><strong>discerneret</strong></span> <span class='ocrx_word' id='word_1_148' title='bbox 1253 2437 1343 2498; x_wconf 91' lang='lat' dir='ltr'><strong>visus</strong></span> <span class='ocrx_word' id='word_1_149' title='bbox 1373 2446 1507 2517; x_wconf 91' lang='lat' dir='ltr'><strong>propter</strong></span> 
     </span>
     <span class='ocr_line' id='line_1_20' title="bbox 355 2539 1507 2622; baseline -0.001 -19"><span class='ocrx_word' id='word_1_150' title='bbox 355 2541 582 2603; x_wconf 88' lang='lat' dir='ltr'><strong>remotionem.</strong></span> <span class='ocrx_word' id='word_1_151' title='bbox 632 2539 730 2604; x_wconf 90' lang='lat' dir='ltr'><strong>Hanc</strong></span> <span class='ocrx_word' id='word_1_152' title='bbox 774 2550 887 2604; x_wconf 91' lang='lat' dir='ltr'><strong>tamen</strong></span> <span class='ocrx_word' id='word_1_153' title='bbox 926 2540 1176 2622; x_wconf 88' lang='lat' dir='ltr'><strong>impressionem</strong></span> <span class='ocrx_word' id='word_1_154' title='bbox 1221 2560 1287 2603; x_wconf 92' lang='lat' dir='ltr'><strong>non</strong></span> <span class='ocrx_word' id='word_1_155' title='bbox 1324 2539 1507 2621; x_wconf 90' lang='lat' dir='ltr'><strong>perciperet</strong></span> 
     </span>
     <span class='ocr_line' id='line_1_21' title="bbox 355 2643 1507 2725; baseline 0 -18"><span class='ocrx_word' id='word_1_156' title='bbox 355 2643 471 2707; x_wconf 91' lang='lat' dir='ltr'><strong>oculus</strong></span> <span class='ocrx_word' id='word_1_157' title='bbox 487 2644 519 2707; x_wconf 90' lang='lat' dir='ltr'><strong>in</strong></span> <span class='ocrx_word' id='word_1_158' title='bbox 534 2645 615 2707; x_wconf 90' lang='lat' dir='ltr'><strong>orbe</strong></span> <span class='ocrx_word' id='word_1_159' title='bbox 630 2643 772 2719; x_wconf 88' lang='lat' dir='ltr'><strong>coelesti,</strong></span> <span class='ocrx_word' id='word_1_160' title='bbox 786 2645 862 2707; x_wconf 89' lang='lat' dir='ltr'><strong>licet</strong></span> <span class='ocrx_word' id='word_1_161' title='bbox 877 2644 941 2708; x_wconf 92' lang='lat' dir='ltr'><strong>hoc</strong></span> <span class='ocrx_word' id='word_1_162' title='bbox 958 2643 1068 2707; x_wconf 90' lang='lat' dir='ltr'><strong>lumen</strong></span> <span class='ocrx_word' id='word_1_163' title='bbox 1078 2652 1224 2708; x_wconf 90' lang='lat' dir='ltr'><strong>transeat</strong></span> <span class='ocrx_word' id='word_1_164' title='bbox 1235 2663 1293 2725; x_wconf 90' lang='lat' dir='ltr'><strong>per</strong></span> <span class='ocrx_word' id='word_1_165' title='bbox 1307 2663 1392 2720; x_wconf 91' lang='lat' dir='ltr'><strong>eum,</strong></span> <span class='ocrx_word' id='word_1_166' title='bbox 1402 2663 1462 2706; x_wconf 90' lang='lat' dir='ltr'><strong>nec</strong></span> <span class='ocrx_word' id='word_1_167' title='bbox 1474 2644 1507 2707; x_wconf 88' lang='lat' dir='ltr'><strong>in</strong></span> 
     </span>
     <span class='ocr_line' id='line_1_22' title="bbox 355 2747 1508 2830; baseline 0 -19"><span class='ocrx_word' id='word_1_168' title='bbox 355 2767 431 2811; x_wconf 88' lang='lat' dir='ltr'><strong>aere</strong></span> <span class='ocrx_word' id='word_1_169' title='bbox 455 2747 531 2812; x_wconf 91' lang='lat' dir='ltr'><strong>licet</strong></span> <span class='ocrx_word' id='word_1_170' title='bbox 554 2748 703 2811; x_wconf 91' lang='lat' dir='ltr'><strong>similiter</strong></span> <span class='ocrx_word' id='word_1_171' title='bbox 725 2758 880 2812; x_wconf 88' lang='lat' dir='ltr'><strong>transeat.</strong></span> <span class='ocrx_word' id='word_1_172' title='bbox 929 2747 996 2812; x_wconf 89' lang='lat' dir='ltr'><strong>Sed</strong></span> <span class='ocrx_word' id='word_1_173' title='bbox 1021 2748 1053 2810; x_wconf 90' lang='lat' dir='ltr'><strong>in</strong></span> <span class='ocrx_word' id='word_1_174' title='bbox 1076 2748 1153 2830; x_wconf 86' lang='lat' dir='ltr'><strong>igne</strong></span> <span class='ocrx_word' id='word_1_175' title='bbox 1175 2747 1213 2811; x_wconf 88' lang='lat' dir='ltr'><strong>fit</strong></span> <span class='ocrx_word' id='word_1_176' title='bbox 1235 2747 1406 2824; x_wconf 89' lang='lat' dir='ltr'><strong>sensibilis,</strong></span> <span class='ocrx_word' id='word_1_177' title='bbox 1429 2749 1508 2829; x_wconf 93' lang='lat' dir='ltr'><strong>quia</strong></span> 
     </span>
     <span class='ocr_line' id='line_1_23' title="bbox 355 2851 1507 2935; baseline 0.001 -20"><span class='ocrx_word' id='word_1_178' title='bbox 355 2854 443 2917; x_wconf 93' lang='lat' dir='ltr'><strong>orbis</strong></span> <span class='ocrx_word' id='word_1_179' title='bbox 459 2853 609 2918; x_wconf 92' lang='lat' dir='ltr'><strong>coelestis</strong></span> <span class='ocrx_word' id='word_1_180' title='bbox 625 2863 676 2917; x_wconf 90' lang='lat' dir='ltr'><strong>est</strong></span> <span class='ocrx_word' id='word_1_181' title='bbox 691 2862 761 2916; x_wconf 87' lang='lat' dir='ltr'><strong>tam</strong></span> <span class='ocrx_word' id='word_1_182' title='bbox 778 2853 973 2917; x_wconf 83' lang='lat' dir='ltr'><strong>excellentis</strong></span> <span class='ocrx_word' id='word_1_183' title='bbox 990 2851 1191 2929; x_wconf 89' lang='lat' dir='ltr'><strong>subtilitatis,</strong></span> <span class='ocrx_word' id='word_1_184' title='bbox 1207 2853 1295 2935; x_wconf 92' lang='lat' dir='ltr'><strong>quod</strong></span> <span class='ocrx_word' id='word_1_185' title='bbox 1313 2873 1380 2916; x_wconf 92' lang='lat' dir='ltr'><strong>non</strong></span> <span class='ocrx_word' id='word_1_186' title='bbox 1396 2863 1507 2934; x_wconf 91' lang='lat' dir='ltr'><strong>potest</strong></span> 
     </span>
     <span class='ocr_line' id='line_1_24' title="bbox 356 2955 1507 3039; baseline 0.001 -21"><span class='ocrx_word' id='word_1_187' title='bbox 356 2955 415 3018; x_wconf 83' lang='lat' dir='ltr'><strong>lux</strong></span> <span class='ocrx_word' id='word_1_188' title='bbox 432 2958 631 3039; x_wconf 89' lang='lat' dir='ltr'><strong>incorporari</strong></span> <span class='ocrx_word' id='word_1_189' title='bbox 654 2959 685 3019; x_wconf 95' lang='lat' dir='ltr'><strong>in</strong></span> <span class='ocrx_word' id='word_1_190' title='bbox 703 2978 752 3032; x_wconf 88' lang='lat' dir='ltr'><strong>eo,</strong></span> <span class='ocrx_word' id='word_1_191' title='bbox 768 2966 805 3020; x_wconf 91' lang='lat' dir='ltr'><strong>ut</strong></span> <span class='ocrx_word' id='word_1_192' title='bbox 822 2959 865 3021; x_wconf 94' lang='lat' dir='ltr'><strong>sit</strong></span> <span class='ocrx_word' id='word_1_193' title='bbox 879 2957 1028 3021; x_wconf 90' lang='lat' dir='ltr'><strong>visibilis.</strong></span> <span class='ocrx_word' id='word_1_194' title='bbox 1072 2957 1143 3020; x_wconf 88' lang='lat' dir='ltr'><strong>Aer</strong></span> <span class='ocrx_word' id='word_1_195' title='bbox 1166 2967 1276 3020; x_wconf 90' lang='lat' dir='ltr'><strong>autem</strong></span> <span class='ocrx_word' id='word_1_196' title='bbox 1300 2967 1351 3020; x_wconf 90' lang='lat' dir='ltr'><strong>est</strong></span> <span class='ocrx_word' id='word_1_197' title='bbox 1375 2956 1507 3038; x_wconf 90' lang='lat' dir='ltr'><strong>majoris</strong></span> 
     </span>
     <span class='ocr_line' id='line_1_25' title="bbox 354 3060 1506 3144; baseline 0.001 -21"><span class='ocrx_word' id='word_1_198' title='bbox 354 3062 528 3124; x_wconf 85' lang='lat' dir='ltr'><strong>densitatis</strong></span> <span class='ocrx_word' id='word_1_199' title='bbox 557 3081 656 3143; x_wconf 90' lang='lat' dir='ltr'><strong>quam</strong></span> <span class='ocrx_word' id='word_1_200' title='bbox 688 3060 741 3125; x_wconf 92' lang='lat' dir='ltr'><strong>hic</strong></span> <span class='ocrx_word' id='word_1_201' title='bbox 772 3062 964 3142; x_wconf 89' lang='lat' dir='ltr'><strong>requiratur.</strong></span> <span class='ocrx_word' id='word_1_202' title='bbox 1010 3060 1099 3124; x_wconf 93' lang='lat' dir='ltr'><strong>Nam</strong></span> <span class='ocrx_word' id='word_1_203' title='bbox 1130 3062 1208 3144; x_wconf 93' lang='lat' dir='ltr'><strong>quia</strong></span> <span class='ocrx_word' id='word_1_204' title='bbox 1242 3062 1304 3124; x_wconf 91' lang='lat' dir='ltr'><strong>ista</strong></span> <span class='ocrx_word' id='word_1_205' title='bbox 1335 3061 1506 3142; x_wconf 87' lang='lat' dir='ltr'><strong>impressio</strong></span> 
     </span>
     <span class='ocr_line' id='line_1_26' title="bbox 355 3163 1506 3248; baseline 0.001 -23"><span class='ocrx_word' id='word_1_206' title='bbox 355 3163 473 3226; x_wconf 91' lang='lat' dir='ltr'><strong>debilis</strong></span> <span class='ocrx_word' id='word_1_207' title='bbox 497 3172 546 3226; x_wconf 89' lang='lat' dir='ltr'><strong>est</strong></span> <span class='ocrx_word' id='word_1_208' title='bbox 577 3175 712 3246; x_wconf 87' lang='lat' dir='ltr'><strong>propter</strong></span> <span class='ocrx_word' id='word_1_209' title='bbox 733 3163 941 3228; x_wconf 90' lang='lat' dir='ltr'><strong>debilitatem</strong></span> <span class='ocrx_word' id='word_1_210' title='bbox 974 3163 1098 3227; x_wconf 91' lang='lat' dir='ltr'><strong>lucium</strong></span> <span class='ocrx_word' id='word_1_211' title='bbox 1125 3185 1299 3248; x_wconf 91' lang='lat' dir='ltr'><strong>parvarum</strong></span> <span class='ocrx_word' id='word_1_212' title='bbox 1328 3163 1506 3239; x_wconf 89' lang='lat' dir='ltr'><strong>stellarum,</strong></span> 
     </span>
     <span class='ocr_line' id='line_1_27' title="bbox 355 3267 1505 3351; baseline 0.001 -22"><span class='ocrx_word' id='word_1_213' title='bbox 355 3269 421 3330; x_wconf 90' lang='lat' dir='ltr'><strong>cito</strong></span> <span class='ocrx_word' id='word_1_214' title='bbox 440 3276 550 3348; x_wconf 91' lang='lat' dir='ltr'><strong>potest</strong></span> <span class='ocrx_word' id='word_1_215' title='bbox 566 3268 708 3349; x_wconf 92' lang='lat' dir='ltr'><strong>opprimi</strong></span> <span class='ocrx_word' id='word_1_216' title='bbox 724 3267 786 3331; x_wconf 89' lang='lat' dir='ltr'><strong>loci</strong></span> <span class='ocrx_word' id='word_1_217' title='bbox 805 3267 1015 3348; x_wconf 88' lang='lat' dir='ltr'><strong>obscuritate,</strong></span> <span class='ocrx_word' id='word_1_218' title='bbox 1031 3289 1092 3331; x_wconf 90' lang='lat' dir='ltr'><strong>nec</strong></span> <span class='ocrx_word' id='word_1_219' title='bbox 1103 3268 1223 3332; x_wconf 87' lang='lat' dir='ltr'><strong>sufficit</strong></span> <span class='ocrx_word' id='word_1_220' title='bbox 1238 3268 1280 3333; x_wconf 89' lang='lat' dir='ltr'><strong>ad</strong></span> <span class='ocrx_word' id='word_1_221' title='bbox 1297 3270 1505 3351; x_wconf 90' lang='lat' dir='ltr'><strong>purgandum</strong></span> 
     </span>
     <span class='ocr_line' id='line_1_28' title="bbox 354 3371 1505 3456; baseline 0.002 -22"><span class='ocrx_word' id='word_1_222' title='bbox 354 3373 438 3434; x_wconf 89' lang='lat' dir='ltr'><strong>aeris</strong></span> <span class='ocrx_word' id='word_1_223' title='bbox 462 3371 615 3435; x_wconf 88' lang='lat' dir='ltr'><strong>tenebras</strong></span> <span class='ocrx_word' id='word_1_224' title='bbox 637 3371 806 3434; x_wconf 88' lang='lat' dir='ltr'><strong>densioris.</strong></span> <span class='ocrx_word' id='word_1_225' title='bbox 854 3371 922 3435; x_wconf 89' lang='lat' dir='ltr'><strong>Sed</strong></span> <span class='ocrx_word' id='word_1_226' title='bbox 945 3374 977 3436; x_wconf 95' lang='lat' dir='ltr'><strong>in</strong></span> <span class='ocrx_word' id='word_1_227' title='bbox 997 3393 1151 3454; x_wconf 92' lang='lat' dir='ltr'><strong>suprema</strong></span> <span class='ocrx_word' id='word_1_228' title='bbox 1170 3383 1265 3455; x_wconf 90' lang='lat' dir='ltr'><strong>parte</strong></span> <span class='ocrx_word' id='word_1_229' title='bbox 1288 3374 1372 3454; x_wconf 89' lang='lat' dir='ltr'><strong>ignis</strong></span> <span class='ocrx_word' id='word_1_230' title='bbox 1394 3383 1505 3456; x_wconf 89' lang='lat' dir='ltr'><strong>potest</strong></span> 
     </span>
     <span class='ocr_line' id='line_1_29' title="bbox 354 3477 1504 3561; baseline -0.001 -20"><span class='ocrx_word' id='word_1_231' title='bbox 354 3478 488 3560; x_wconf 88' lang='lat' dir='ltr'><strong>galaxia</strong></span> <span class='ocrx_word' id='word_1_232' title='bbox 517 3477 601 3540; x_wconf 92' lang='lat' dir='ltr'><strong>visui</strong></span> <span class='ocrx_word' id='word_1_233' title='bbox 632 3497 802 3561; x_wconf 88' lang='lat' dir='ltr'><strong>apparere,</strong></span> <span class='ocrx_word' id='word_1_234' title='bbox 830 3479 909 3559; x_wconf 90' lang='lat' dir='ltr'><strong>quia</strong></span> <span class='ocrx_word' id='word_1_235' title='bbox 938 3477 1195 3560; x_wconf 91' lang='lat' dir='ltr'><strong>proportionalis</strong></span> <span class='ocrx_word' id='word_1_236' title='bbox 1224 3488 1275 3541; x_wconf 91' lang='lat' dir='ltr'><strong>est</strong></span> <span class='ocrx_word' id='word_1_237' title='bbox 1304 3478 1504 3559; x_wconf 89' lang='lat' dir='ltr'><strong>apparitioni</strong></span> 
     </span>
     <span class='ocr_line' id='line_1_30' title="bbox 354 3581 1505 3664; baseline 0.002 -20"><span class='ocrx_word' id='word_1_238' title='bbox 354 3593 490 3664; x_wconf 92' lang='lat' dir='ltr'><strong>propter</strong></span> <span class='ocrx_word' id='word_1_239' title='bbox 510 3581 770 3645; x_wconf 89' lang='lat' dir='ltr'><strong>mediocritatem</strong></span> <span class='ocrx_word' id='word_1_240' title='bbox 790 3583 840 3644; x_wconf 92' lang='lat' dir='ltr'><strong>sui</strong></span> <span class='ocrx_word' id='word_1_241' title='bbox 857 3583 942 3645; x_wconf 90' lang='lat' dir='ltr'><strong>inter</strong></span> <span class='ocrx_word' id='word_1_242' title='bbox 965 3583 1101 3645; x_wconf 91' lang='lat' dir='ltr'><strong>nimiam</strong></span> <span class='ocrx_word' id='word_1_243' title='bbox 1122 3582 1339 3646; x_wconf 91' lang='lat' dir='ltr'><strong>subtilitatem</strong></span> <span class='ocrx_word' id='word_1_244' title='bbox 1355 3583 1505 3646; x_wconf 89' lang='lat' dir='ltr'><strong>coelestis</strong></span> 
     </span>
    </p>
   </div>
   <div class='ocr_carea' id='block_1_6' title="bbox 352 3685 1504 4082">
    <p class='ocr_par' dir='ltr' id='par_1_6' title="bbox 352 3685 1504 4082">
     <span class='ocr_line' id='line_1_31' title="bbox 353 3685 1504 3771; baseline 0.001 -22"><span class='ocrx_word' id='word_1_245' title='bbox 353 3686 526 3771; x_wconf 92' lang='lat' dir='ltr'><strong>perspicui,</strong></span> <span class='ocrx_word' id='word_1_246' title='bbox 542 3695 577 3748; x_wconf 86' lang='lat' dir='ltr'><strong>et</strong></span> <span class='ocrx_word' id='word_1_247' title='bbox 599 3686 684 3748; x_wconf 91' lang='lat' dir='ltr'><strong>inter</strong></span> <span class='ocrx_word' id='word_1_248' title='bbox 707 3685 866 3767; x_wconf 90' lang='lat' dir='ltr'><strong>majorem</strong></span> <span class='ocrx_word' id='word_1_249' title='bbox 891 3688 1088 3750; x_wconf 89' lang='lat' dir='ltr'><strong>densitatem</strong></span> <span class='ocrx_word' id='word_1_250' title='bbox 1114 3687 1147 3748; x_wconf 94' lang='lat' dir='ltr'><strong>in</strong></span> <span class='ocrx_word' id='word_1_251' title='bbox 1171 3707 1246 3750; x_wconf 89' lang='lat' dir='ltr'><strong>aere</strong></span> <span class='ocrx_word' id='word_1_252' title='bbox 1268 3706 1369 3767; x_wconf 92' lang='lat' dir='ltr'><strong>quam</strong></span> <span class='ocrx_word' id='word_1_253' title='bbox 1393 3686 1504 3767; x_wconf 89' lang='lat' dir='ltr'><strong>hujus·</strong></span> 
     </span>
     <span class='ocr_line' id='line_1_32' title="bbox 353 3787 1504 3875; baseline 0.001 -21"><span class='ocrx_word' id='word_1_254' title='bbox 353 3792 443 3854; x_wconf 93' lang='lat' dir='ltr'><strong>modi</strong></span> <span class='ocrx_word' id='word_1_255' title='bbox 459 3787 646 3872; x_wconf 75' lang='lat' dir='ltr'><strong>apparitio²</strong></span> <span class='ocrx_word' id='word_1_256' title='bbox 668 3791 831 3873; x_wconf 88' lang='lat' dir='ltr'><strong>requirat;</strong></span> <span class='ocrx_word' id='word_1_257' title='bbox 856 3800 889 3854; x_wconf 91' lang='lat' dir='ltr'><strong>et</strong></span> <span class='ocrx_word' id='word_1_258' title='bbox 912 3791 986 3855; x_wconf 92' lang='lat' dir='ltr'><strong>ideo</strong></span> <span class='ocrx_word' id='word_1_259' title='bbox 1010 3791 1042 3853; x_wconf 91' lang='lat' dir='ltr'><strong>in</strong></span> <span class='ocrx_word' id='word_1_260' title='bbox 1062 3791 1139 3871; x_wconf 86' lang='lat' dir='ltr'><strong>igne</strong></span> <span class='ocrx_word' id='word_1_261' title='bbox 1158 3801 1269 3875; x_wconf 91' lang='lat' dir='ltr'><strong>potest</strong></span> <span class='ocrx_word' id='word_1_262' title='bbox 1284 3811 1451 3874; x_wconf 90' lang='lat' dir='ltr'><strong>apparere,</strong></span> <span class='ocrx_word' id='word_1_263' title='bbox 1466 3801 1504 3855; x_wconf 92' lang='lat' dir='ltr'><strong>ut</strong></span> 
     </span>
     <span class='ocr_line' id='line_1_33' title="bbox 352 3891 1502 3977; baseline -0.001 -17"><span class='ocrx_word' id='word_1_264' title='bbox 352 3893 551 3960; x_wconf 90' lang='lat' dir='ltr'><strong>Aristoteles</strong></span> <span class='ocrx_word' id='word_1_265' title='bbox 565 3891 654 3969; x_wconf 89' lang='lat' dir='ltr'><strong>dicit,</strong></span> <span class='ocrx_word' id='word_1_266' title='bbox 671 3894 749 3958; x_wconf 90' lang='lat' dir='ltr'><strong>licet</strong></span> <span class='ocrx_word' id='word_1_267' title='bbox 767 3915 882 3976; x_wconf 92' lang='lat' dir='ltr'><strong>parum</strong></span> <span class='ocrx_word' id='word_1_268' title='bbox 902 3895 1069 3977; x_wconf 88' lang='lat' dir='ltr'><strong>exprimat</strong></span> <span class='ocrx_word' id='word_1_269' title='bbox 1088 3897 1130 3959; x_wconf 92' lang='lat' dir='ltr'><strong>de</strong></span> <span class='ocrx_word' id='word_1_270' title='bbox 1152 3915 1261 3958; x_wconf 91' lang='lat' dir='ltr'><strong>causa.</strong></span> <span class='ocrx_word' id='word_1_271' title='bbox 1308 3894 1374 3960; x_wconf 89' lang='lat' dir='ltr'><strong>Sed</strong></span> <span class='ocrx_word' id='word_1_272' title='bbox 1392 3896 1502 3959; x_wconf 92' lang='lat' dir='ltr'><strong>lumen</strong></span> 
     </span>
     <span class='ocr_line' id='line_1_34' title="bbox 352 3997 1502 4082; baseline 0 -20"><span class='ocrx_word' id='word_1_273' title='bbox 352 3999 519 4064; x_wconf 82' lang='lat' dir='ltr'><strong>stellarum</strong></span> <span class='ocrx_word' id='word_1_274' title='bbox 546 3997 682 4061; x_wconf 90' lang='lat' dir='ltr'><strong>aliarum</strong></span> <span class='ocrx_word' id='word_1_275' title='bbox 702 3997 845 4062; x_wconf 85' lang='lat' dir='ltr'><strong>fixarum</strong></span> <span class='ocrx_word' id='word_1_276' title='bbox 868 3999 1041 4080; x_wconf 86' lang='lat' dir='ltr'><strong>majorum,</strong></span> <span class='ocrx_word' id='word_1_277' title='bbox 1057 4009 1090 4062; x_wconf 89' lang='lat' dir='ltr'><strong>et</strong></span> <span class='ocrx_word' id='word_1_278' title='bbox 1110 3999 1261 4062; x_wconf 89' lang='lat' dir='ltr'><strong>similiter</strong></span> <span class='ocrx_word' id='word_1_279' title='bbox 1284 3998 1502 4082; x_wconf 91' lang='lat' dir='ltr'><strong>planetarum,</strong></span> 
     </span>
    </p>
   </div>
   <div class='ocr_carea' id='block_1_7' title="bbox 348 4159 1502 4695">
    <p class='ocr_par' dir='ltr' id='par_1_7' title="bbox 348 4159 1502 4618">
     <span class='ocr_line' id='line_1_35' title="bbox 382 4159 1501 4226; baseline 0.001 -16"><span class='ocrx_word' id='word_1_280' title='bbox 382 4161 392 4191; x_wconf 78' lang='lat'><strong>¹</strong></span> <span class='ocrx_word' id='word_1_281' title='bbox 410 4161 499 4211; x_wconf 86' lang='lat' dir='ltr'><strong>Bacon</strong></span> <span class='ocrx_word' id='word_1_282' title='bbox 520 4163 600 4210; x_wconf 80' lang='lat' dir='ltr'><strong>refers</strong></span> <span class='ocrx_word' id='word_1_283' title='bbox 618 4168 645 4210; x_wconf 89' lang='lat' dir='ltr'><strong>to</strong></span> <span class='ocrx_word' id='word_1_284' title='bbox 662 4159 809 4210; x_wconf 84' lang='lat' dir='ltr'><strong>Aristotle&#39;s</strong></span> <span class='ocrx_word' id='word_1_285' title='bbox 829 4162 995 4224; x_wconf 83' lang='lat' dir='ltr'><strong>explanation</strong></span> <span class='ocrx_word' id='word_1_286' title='bbox 1017 4161 1046 4209; x_wconf 81' lang='lat' dir='ltr'><strong>os</strong></span> <span class='ocrx_word' id='word_1_287' title='bbox 1062 4162 1106 4210; x_wconf 89' lang='lat' dir='ltr'><strong>the</strong></span> <span class='ocrx_word' id='word_1_288' title='bbox 1124 4162 1203 4223; x_wconf 86' lang='lat' dir='ltr'><strong>millry</strong></span> <span class='ocrx_word' id='word_1_289' title='bbox 1220 4179 1281 4224; x_wconf 85' lang='lat' dir='ltr'><strong>way</strong></span> <span class='ocrx_word' id='word_1_290' title='bbox 1301 4163 1501 4226; x_wconf 76' lang='lat' dir='ltr'><strong>(Metrorologr&#39;cu,</strong></span> 
     </span>
     <span class='ocr_line' id='line_1_36' title="bbox 350 4241 1502 4303; baseline 0.003 -14"><span class='ocrx_word' id='word_1_291' title='bbox 350 4241 393 4290; x_wconf 92' lang='lat' dir='ltr'><strong>lib.</strong></span> <span class='ocrx_word' id='word_1_292' title='bbox 409 4243 424 4289; x_wconf 91' lang='lat' dir='ltr'><strong>i.</strong></span> <span class='ocrx_word' id='word_1_293' title='bbox 438 4256 494 4303; x_wconf 79' lang='lat' dir='ltr'><strong>cap.</strong></span> <span class='ocrx_word' id='word_1_294' title='bbox 506 4242 532 4300; x_wconf 77' lang='lat'><strong>8)</strong></span> <span class='ocrx_word' id='word_1_295' title='bbox 551 4257 580 4289; x_wconf 89' lang='lat' dir='ltr'><strong>as</strong></span> <span class='ocrx_word' id='word_1_296' title='bbox 596 4241 695 4302; x_wconf 80' lang='lat' dir='ltr'><strong>though</strong></span> <span class='ocrx_word' id='word_1_297' title='bbox 711 4241 731 4288; x_wconf 89' lang='lat' dir='ltr'><strong>it</strong></span> <span class='ocrx_word' id='word_1_298' title='bbox 742 4255 814 4289; x_wconf 86' lang='lat' dir='ltr'><strong>were</strong></span> <span class='ocrx_word' id='word_1_299' title='bbox 829 4241 869 4288; x_wconf 90' lang='lat' dir='ltr'><strong>his</strong></span> <span class='ocrx_word' id='word_1_300' title='bbox 885 4256 954 4290; x_wconf 87' lang='lat' dir='ltr'><strong>own.</strong></span> <span class='ocrx_word' id='word_1_301' title='bbox 990 4241 1042 4288; x_wconf 90' lang='lat' dir='ltr'><strong>But</strong></span> <span class='ocrx_word' id='word_1_302' title='bbox 1053 4241 1093 4288; x_wconf 91' lang='lat' dir='ltr'><strong>his</strong></span> <span class='ocrx_word' id='word_1_303' title='bbox 1105 4256 1166 4289; x_wconf 91' lang='lat' dir='ltr'><strong>own</strong></span> <span class='ocrx_word' id='word_1_304' title='bbox 1179 4241 1202 4290; x_wconf 91' lang='lat' dir='ltr'><strong>is</strong></span> <span class='ocrx_word' id='word_1_305' title='bbox 1213 4241 1251 4290; x_wconf 80' lang='lat' dir='ltr'><strong>far</strong></span> <span class='ocrx_word' id='word_1_306' title='bbox 1262 4257 1355 4290; x_wconf 88' lang='lat' dir='ltr'><strong>nearer</strong></span> <span class='ocrx_word' id='word_1_307' title='bbox 1365 4243 1410 4291; x_wconf 86' lang='lat' dir='ltr'><strong>the</strong></span> <span class='ocrx_word' id='word_1_308' title='bbox 1424 4244 1502 4292; x_wconf 90' lang='lat' dir='ltr'><strong>truth.</strong></span> 
     </span>
     <span class='ocr_line' id='line_1_37' title="bbox 349 4318 1501 4382; baseline 0.003 -14"><span class='ocrx_word' id='word_1_309' title='bbox 349 4319 475 4368; x_wconf 80' lang='lat' dir='ltr'><strong>Aristode</strong></span> <span class='ocrx_word' id='word_1_310' title='bbox 489 4319 624 4367; x_wconf 83' lang='lat' dir='ltr'><strong>attributes</strong></span> <span class='ocrx_word' id='word_1_311' title='bbox 639 4319 658 4366; x_wconf 88' lang='lat' dir='ltr'><strong>it</strong></span> <span class='ocrx_word' id='word_1_312' title='bbox 675 4327 702 4367; x_wconf 93' lang='lat' dir='ltr'><strong>to</strong></span> <span class='ocrx_word' id='word_1_313' title='bbox 718 4319 911 4367; x_wconf 83' lang='lat' dir='ltr'><strong>adisturbanee</strong></span> <span class='ocrx_word' id='word_1_314' title='bbox 923 4325 949 4367; x_wconf 79' lang='lat' dir='ltr'><strong>at</strong></span> <span class='ocrx_word' id='word_1_315' title='bbox 961 4319 1006 4367; x_wconf 87' lang='lat' dir='ltr'><strong>the</strong></span> <span class='ocrx_word' id='word_1_316' title='bbox 1017 4318 1135 4367; x_wconf 85' lang='lat' dir='ltr'><strong>confines</strong></span> <span class='ocrx_word' id='word_1_317' title='bbox 1146 4319 1176 4366; x_wconf 80' lang='lat' dir='ltr'><strong>oi</strong></span> <span class='ocrx_word' id='word_1_318' title='bbox 1188 4320 1234 4368; x_wconf 86' lang='lat' dir='ltr'><strong>the</strong></span> <span class='ocrx_word' id='word_1_319' title='bbox 1245 4321 1340 4382; x_wconf 83' lang='lat' dir='ltr'><strong>sphere</strong></span> <span class='ocrx_word' id='word_1_320' title='bbox 1355 4321 1385 4369; x_wconf 71' lang='grc' dir='ltr'><strong>οἱ</strong></span> <span class='ocrx_word' id='word_1_321' title='bbox 1397 4321 1437 4370; x_wconf 84' lang='lat' dir='ltr'><strong>air</strong></span> <span class='ocrx_word' id='word_1_322' title='bbox 1450 4324 1501 4371; x_wconf 78' lang='lat' dir='ltr'><strong>and</strong></span> 
     </span>
     <span class='ocr_line' id='line_1_38' title="bbox 349 4397 1502 4459; baseline 0.003 -13"><span class='ocrx_word' id='word_1_323' title='bbox 349 4399 380 4447; x_wconf 73' lang='grc' dir='ltr'><strong>οἱ</strong></span> <span class='ocrx_word' id='word_1_324' title='bbox 393 4400 440 4446; x_wconf 88' lang='lat' dir='ltr'><strong>tire</strong></span> <span class='ocrx_word' id='word_1_325' title='bbox 452 4399 546 4447; x_wconf 86' lang='lat' dir='ltr'><strong>caused</strong></span> <span class='ocrx_word' id='word_1_326' title='bbox 557 4399 593 4458; x_wconf 90' lang='lat' dir='ltr'><strong>by</strong></span> <span class='ocrx_word' id='word_1_327' title='bbox 604 4399 649 4446; x_wconf 86' lang='lat' dir='ltr'><strong>the</strong></span> <span class='ocrx_word' id='word_1_328' title='bbox 665 4397 763 4446; x_wconf 88' lang='lat' dir='ltr'><strong>motion</strong></span> <span class='ocrx_word' id='word_1_329' title='bbox 776 4397 806 4446; x_wconf 83' lang='lat' dir='ltr'><strong>oi</strong></span> <span class='ocrx_word' id='word_1_330' title='bbox 820 4399 864 4445; x_wconf 92' lang='lat' dir='ltr'><strong>the</strong></span> <span class='ocrx_word' id='word_1_331' title='bbox 881 4412 960 4458; x_wconf 87' lang='lat' dir='ltr'><strong>many</strong></span> <span class='ocrx_word' id='word_1_332' title='bbox 972 4397 1040 4459; x_wconf 82' lang='lat' dir='ltr'><strong>large</strong></span> <span class='ocrx_word' id='word_1_333' title='bbox 1054 4404 1121 4444; x_wconf 88' lang='lat' dir='ltr'><strong>stars</strong></span> <span class='ocrx_word' id='word_1_334' title='bbox 1132 4397 1219 4446; x_wconf 87' lang='lat' dir='ltr'><strong>which</strong></span> <span class='ocrx_word' id='word_1_335' title='bbox 1235 4414 1279 4447; x_wconf 85' lang='lat' dir='ltr'><strong>are</strong></span> <span class='ocrx_word' id='word_1_336' title='bbox 1292 4399 1402 4448; x_wconf 81' lang='lat' dir='ltr'><strong>situated</strong></span> <span class='ocrx_word' id='word_1_337' title='bbox 1418 4401 1444 4448; x_wconf 89' lang='lat' dir='ltr'><strong>in</strong></span> <span class='ocrx_word' id='word_1_338' title='bbox 1457 4402 1502 4450; x_wconf 91' lang='lat' dir='ltr'><strong>the</strong></span> 
     </span>
     <span class='ocr_line' id='line_1_39' title="bbox 349 4473 1500 4538; baseline 0.003 -14"><span class='ocrx_word' id='word_1_339' title='bbox 349 4476 427 4538; x_wconf 86' lang='lat' dir='ltr'><strong>milky</strong></span> <span class='ocrx_word' id='word_1_340' title='bbox 439 4493 506 4538; x_wconf 85' lang='lat' dir='ltr'><strong>way.</strong></span> <span class='ocrx_word' id='word_1_341' title='bbox 543 4477 628 4524; x_wconf 90' lang='lat' dir='ltr'><strong>Bacon</strong></span> <span class='ocrx_word' id='word_1_342' title='bbox 647 4475 741 4538; x_wconf 86' lang='lat' dir='ltr'><strong>speaks</strong></span> <span class='ocrx_word' id='word_1_343' title='bbox 759 4476 788 4524; x_wconf 83' lang='lat' dir='ltr'><strong>oi</strong></span> <span class='ocrx_word' id='word_1_344' title='bbox 802 4473 821 4523; x_wconf 85' lang='lat' dir='ltr'><strong>it</strong></span> <span class='ocrx_word' id='word_1_345' title='bbox 837 4490 867 4524; x_wconf 81' lang='lat' dir='ltr'><strong>as</strong></span> <span class='ocrx_word' id='word_1_346' title='bbox 885 4476 981 4523; x_wconf 84' lang='lat' dir='ltr'><strong>multas</strong></span> <span class='ocrx_word' id='word_1_347' title='bbox 995 4475 1078 4523; x_wconf 83' lang='lat' dir='ltr'><strong>stellas</strong></span> <span class='ocrx_word' id='word_1_348' title='bbox 1095 4476 1208 4525; x_wconf 57' lang='lat' dir='ltr'><strong>minutas</strong></span> <span class='ocrx_word' id='word_1_349' title='bbox 1225 4477 1289 4526; x_wconf 81' lang='lat' dir='ltr'><strong>from</strong></span> <span class='ocrx_word' id='word_1_350' title='bbox 1303 4479 1391 4527; x_wconf 90' lang='lat' dir='ltr'><strong>which</strong></span> <span class='ocrx_word' id='word_1_351' title='bbox 1407 4495 1423 4528; x_wconf 87' lang='lat' dir='ltr'><strong>a</strong></span> <span class='ocrx_word' id='word_1_352' title='bbox 1441 4495 1500 4529; x_wconf 90' lang='lat' dir='ltr'><strong>con-</strong></span> 
     </span>
     <span class='ocr_line' id='line_1_40' title="bbox 348 4555 1102 4618; baseline -0.004 -12"><span class='ocrx_word' id='word_1_353' title='bbox 348 4555 451 4606; x_wconf 89' lang='lat' dir='ltr'><strong>tinuous</strong></span> <span class='ocrx_word' id='word_1_354' title='bbox 463 4555 592 4603; x_wconf 90' lang='lat' dir='ltr'><strong>luminous</strong></span> <span class='ocrx_word' id='word_1_355' title='bbox 604 4557 757 4618; x_wconf 85' lang='lat' dir='ltr'><strong>impression</strong></span> <span class='ocrx_word' id='word_1_356' title='bbox 769 4555 790 4603; x_wconf 90' lang='lat' dir='ltr'><strong>is</strong></span> <span class='ocrx_word' id='word_1_357' title='bbox 803 4556 937 4616; x_wconf 89' lang='lat' dir='ltr'><strong>conveyed</strong></span> <span class='ocrx_word' id='word_1_358' title='bbox 950 4564 976 4603; x_wconf 90' lang='lat' dir='ltr'><strong>to</strong></span> <span class='ocrx_word' id='word_1_359' title='bbox 989 4555 1034 4602; x_wconf 89' lang='lat' dir='ltr'><strong>the</strong></span> <span class='ocrx_word' id='word_1_360' title='bbox 1045 4569 1102 4614; x_wconf 85' lang='lat' dir='ltr'><strong>eye.</strong></span> 
     </span>
    </p>

    <p class='ocr_par' dir='ltr' id='par_1_8' title="bbox 380 4632 600 4695">
     <span class='ocr_line' id='line_1_41' title="bbox 380 4632 600 4695; baseline 0.005 -14"><span class='ocrx_word' id='word_1_361' title='bbox 380 4632 390 4662; x_wconf 91' lang='lat'><strong>¹</strong></span> <span class='ocrx_word' id='word_1_362' title='bbox 406 4635 564 4695; x_wconf 81' lang='lat' dir='ltr'><strong>appericatio</strong></span> <span class='ocrx_word' id='word_1_363' title='bbox 574 4633 600 4693; x_wconf 93' lang='lat' dir='ltr'><strong>J.</strong></span> 
     </span>
    </p>
   </div>
   <div class='ocr_carea' id='block_1_8' title="bbox 0 0 1776 5359">
    <p class='ocr_par' dir='ltr' id='par_1_9' title="bbox 0 0 1776 5359">
     <span class='ocr_line' id='line_1_42' title="bbox 0 0 1776 5359; baseline 0 4"><span class='ocrx_word' id='word_1_364' title='bbox 0 0 1776 5359; x_wconf 95' lang='lat' dir='ltr'><strong> </strong></span> 
     </span>
    </p>
   </div>
  </div>
 </body>
</html>
