3542 5359
542 635 740 695 SCIENTIA
768 634 1157 694 EXPERIMENTALIS.
1362 651 1423 710 217

275 794 518 878 Alexandrum,
534 796 662 880 Accipe
682 797 781 862 talem
803 798 949 880 lapidem
968 819 1067 881 super
1086 809 1129 873 te,
1146 808 1179 861 et
1194 798 1297 882 lugiet
1315 799 1423 862 omnis

274 901 438 968 exercitus
458 922 479 966 a
501 912 545 966 te.
592 903 684 967 Haec
711 912 744 968 et
768 902 960 985 hujusmodi
986 902 1235 965 innumerabilia
1260 913 1425 967 testantur

275 1025 347 1068 esse
362 1026 448 1083 vera,
464 1027 529 1070 non
547 1007 754 1072 intendentes
768 1007 859 1090 quod
880 1006 1038 1071 violentia
1058 1005 1116 1070 fiat
1138 1005 1243 1070 libero
1264 1008 1423 1082 arbitri03

275 1129 349 1174 cum
371 1110 441 1192 ipse
461 1110 669 1188 Aristoteles,
685 1111 739 1193 qui
761 1112 824 1175 hoc
844 1113 1014 1193 proponit,
1028 1111 1107 1175 dicit
1127 1111 1159 1174 in
1180 1111 1320 1189 Ethicis,
1333 1112 1424 1194 quod

274 1214 427 1279 voluntas
449 1216 523 1298 cogi
542 1235 607 1279 non
630 1225 751 1299 potest.
797 1215 912 1279 Potest
935 1226 1048 1279 autem
1069 1235 1188 1298 corpus
1210 1216 1343 1280 alterari
1367 1236 1426 1298 per

275 1319 413 1382 virtutes
437 1339 554 1397 rerum,
581 1331 615 1383 et
639 1321 740 1383 animi
766 1319 888 1382 deinde
914 1321 1105 1383 excitantur
1121 1330 1155 1384 et
1185 1331 1361 1384 moventur
1388 1329 1424 1383 ut

275 1424 410 1487 omnino
437 1424 539 1505 gratis
564 1423 666 1488 velint
693 1423 773 1487 illud
805 1424 848 1490 ad
883 1425 974 1506 quod
1008 1423 1225 1498 inclinantur;
1255 1424 1341 1488 sicut
1365 1445 1425 1507 per

275 1529 427 1610 potiones
443 1537 476 1590 et
493 1528 672 1591 medicinas
688 1527 810 1592 multas
829 1528 861 1592 in
883 1527 966 1591 libro
984 1529 1202 1609 Medicorum,
1219 1524 1422 1616 [videmus]¹

277 1629 398 1695 multos
414 1652 481 1694 non
496 1632 604 1694 solum
621 1633 653 1694 in
669 1652 806 1716 corpore
822 1653 920 1715 posse
940 1632 1071 1696 alterari
1091 1634 1150 1697 sed
1169 1634 1201 1696 in
1217 1634 1425 1717 passionibus

275 1737 405 1801 animae
420 1746 453 1800 et
469 1737 679 1801 inclinatione
694 1737 882 1803 voluntatis.

274 1859 277 1866 ·
319 1840 405 1905 Sunt
421 1852 533 1906 autem
554 1842 617 1907 alia
638 1863 740 1925 opera
762 1863 847 1925 quae
867 1855 945 1906 sunt
965 1843 1070 1925 magis
1092 1843 1262 1920 naturalia,
1277 1864 1363 1927 quae
1378 1844 1424 1906 sic
1437 1851 1545 1929 Uarus·

276 1967 343 2010 non
367 1947 545 2031 respiciunt
571 1947 815 2011 inclinationem
841 1947 1021 2011 voluntatis
1049 1948 1242 2022 mirabilem,
1267 1959 1300 2012 et
1325 1950 1423 2031 hujus
1437 1918 1574 2034 ffiifflss

275 2061 351 2116 sunt
365 2051 574 2116 diversitatis.
620 2052 795 2134 Quaedam
812 2051 936 2116 habent
951 2052 1228 2134 pulchritudinem
1243 2055 1424 2136 sapientiae

275 2176 351 2220 cum
373 2155 445 2220 aliis
473 2157 677 2237 utilitatibus,
703 2166 740 2220 ut
765 2157 808 2220 de
833 2155 961 2220 balneis
986 2157 1155 2240 perpetuis
1180 2157 1328 2221 humano
1353 2159 1424 2222 usui

275 2261 454 2342 aptissimis
489 2261 616 2343 absque
655 2262 867 2325 renovatione
904 2261 1030 2325 artificii
1065 2260 1223 2343 alicujus:
1261 2262 1346 2326 sicut
1381 2264 1424 2326 de

276 2364 490 2429 luminaribus
520 2377 680 2450 perpetuo
706 2365 892 2431 lucentibus
918 2367 989 2429 sine
1013 2366 1237 2440 extinctione;
1271 2365 1424 2432 videmus
1437 2380 1589 2460 ever-bum·

278 2471 364 2534 enim
382 2473 503 2535 multas
523 2491 575 2534 res
593 2472 670 2555 igne
684 2491 750 2534 non
766 2491 864 2555 posse
881 2471 1071 2551 comminui,
1086 2473 1191 2536 immo
1209 2470 1425 2556 purificantur
1437 2446 1579 2511 ¹⁰⁸¹⁸¹¹¹¹³⁵⁴

278 2596 321 2638 ex
334 2576 419 2658 igne,
430 2576 517 2640 sicut
532 2576 627 2658 pellis
641 2575 879 2654 salamandrae,
892 2585 926 2638 et
942 2575 1045 2639 multa
1060 2576 1149 2655 talia,
1160 2598 1247 2660 quae
1261 2578 1360 2642 etiam
1376 2577 1424 2642 sie

274 2680 463 2763 praeparari
477 2689 614 2763 possunt
630 2689 667 2744 ut
688 2679 819 2744 luceant
839 2681 1018 2743 secundum
1042 2701 1078 2744 se
1095 2689 1193 2744 extra
1213 2691 1247 2745 et
1265 2682 1422 2745 virtutem

276 2784 359 2867 ignis
384 2785 558 2862 retineant,
582 2793 615 2847 et
641 2783 811 2847 flammam
838 2794 872 2847 et
896 2783 1002 2847 lucem
1033 2785 1184 2848 reddant.
1239 2785 1285 2848 Et
1308 2796 1423 2849 contra

277 2888 429 2953 inimicos
444 2888 645 2970 reipublicae
660 2889 899 2952 adinvenenmt
916 2908 1053 2971 magnas
1074 2899 1174 2968 artes,
1190 2899 1227 2953 ut
1241 2890 1312 2954 sine
1328 2889 1423 2966 ferro,

276 3001 311 3056 et
340 2994 467 3075 absque
499 3013 540 3055 eo
576 3011 644 3074 quo
676 3001 852 3076 tangerent
886 2991 1039 3075 aliquem,
1069 2994 1278 3057 destruerent
1308 3013 1424 3056 omnes

274 3099 469 3174 resistentes,
486 3107 520 3161 et
543 3117 657 3160 eorum
676 3106 753 3160 sunt
774 3097 879 3162 multa
899 3117 1030 3178 genera.
1077 3097 1123 3162 Et
1143 3099 1309 3180 quaedam
1332 3097 1423 3161 nullo

275 3222 371 3268 sensu
402 3201 633 3284 percipiuntur,
664 3211 722 3265 aut
753 3200 826 3265 solo
852 3201 984 3279 olfactu,
1010 3209 1045 3265 et
1073 3201 1193 3266 horum
1221 3211 1314 3286 patet
1341 3203 1424 3266 liber

275 3305 474 3370 Aristoteles
494 3306 538 3370 de
555 3305 750 3370 alteratione
772 3306 865 3383 aeris,
881 3326 949 3370 non
970 3308 1013 3371 de
1034 3302 1127 3389 quo²
1141 3309 1232 3391 prius
1252 3308 1347 3391 tetigi
1363 3308 1422 3371 sed

274 3410 408 3475 alterius
423 3410 566 3488 rationis,
580 3409 737 3493 quoniam
754 3411 916 3492 perviam
932 3409 1119 3475 infectionis
1140 3415 1331 3493 procedunt.
1379 3411 1424 3476 Et

275 3514 341 3580 alia
361 3524 449 3593 sunt,
469 3534 555 3598 quae
572 3533 703 3578 sensum
725 3514 872 3598 aliquem
892 3516 1080 3594 immutant,
1095 3525 1129 3579 et
1150 3516 1232 3580 haec
1251 3517 1425 3580 diversitas

274 3619 312 3683 fit
327 3621 507 3684 secundum
524 3639 639 3683 omues
654 3639 778 3683 sensus.

318 3724 493 3807 Quaedam
513 3744 592 3788 vero
616 3722 689 3786 solo
714 3733 805 3787 tactu
833 3723 1013 3789 immutant
1037 3725 1139 3790 etsie
1163 3724 1286 3789 tollunt
1309 3726 1423 3788 vitam.
1438 3735 1521 3786 Greek
1533 3734 1584 3786 fite

273 3829 363 3894 Nam
380 3828 493 3904 malta,
507 3848 593 3910 quae
608 3838 658 3892 est
674 3847 777 3912 genus
791 3826 963 3892 bituminis
978 3841 1013 3892 et
1027 3839 1077 3893 est
1092 3830 1125 3892 in
1142 3849 1264 3912 magna
1278 3831 1377 3912 copia
1391 3831 1425 3894 in

274 3933 338 3996 hoc
355 3933 492 4015 mundo,
507 3932 656 4014 projecta
670 3952 770 4014 super
788 3931 957 3996 hominem
976 3943 1141 3997 armatum
1156 3934 1322 3998 comburit
1337 3954 1423 3999 eum.

274 4036 370 4100 Istud
395 4047 507 4100 autem
532 4037 677 4100 Romani
697 4036 790 4120 gravi
814 4038 916 4101 caede
935 4037 1080 4120 perpessi
1101 4046 1179 4101 sunt
1200 4039 1232 4101 in
1253 4058 1425 4122 expugna·

274 4141 421 4205 tionibus
444 4141 624 4224 regionum,
648 4140 735 4204 sicut
761 4140 885 4206 Plinius
910 4151 1053 4206 testatur
1078 4143 1227 4207 secundo
1254 4142 1424 4206 Naturalis

276 4243 454 4321 Historiae,
478 4254 513 4309 et
535 4245 691 4310 historiae
713 4243 905 4311 certificant.
952 4244 1114 4311 Similiter
1136 4245 1245 4310 oleum
1269 4247 1422 4311 citrinum

274 4349 469 4433 petroleum,
483 4350 517 4413 id
532 4359 591 4427 est,
606 4350 716 4414 oriens
734 4371 778 4414 ex
797 4361 901 4434 petra,
915 4351 1081 4414 comburit
1097 4350 1252 4433 quicquid
1272 4351 1425 4431 occurrit,

273 4455 301 4518 si
332 4453 393 4517 rite
423 4465 645 4538 praeparetur.
692 4454 780 4518 Nam
811 4454 897 4538 ignis
928 4455 1125 4519 comburens
1155 4453 1193 4518 fit
1223 4475 1267 4519 ex
1297 4475 1338 4518 eo
1367 4457 1424 4538 qui

371 4596 380 4626 ¹
399 4597 477 4647 Some
488 4599 552 4647 such
563 4598 637 4648 word
649 4611 678 4646 as
690 4597 807 4647 videmus
819 4599 841 4648 is
853 4598 970 4660 wanting
980 4605 1008 4646 to
1018 4598 1147 4661 complete
1158 4599 1202 4647 the
1215 4614 1301 4648 sense.

371 4675 381 4705 ²
397 4676 477 4740 cujus,
488 4678 513 4738 J.
