3542 5359
351 640 413 704 350
566 621 721 682 OPERIS
744 619 933 690 MAJORIS
956 617 1071 677 PARS
1095 615 1293 676 SEPTIMA.

352 796 483 851 versant
507 808 543 850 se
565 796 597 849 et
613 785 677 849 hoc
692 795 795 867 atque
811 783 868 846 illo
888 783 989 847 modo
1007 792 1221 866 componunt,
1237 781 1344 846 donec
1360 783 1504 866 quietern

353 889 548 955 lassitudine
577 891 766 953 inveniant:
798 898 922 952 statum
946 888 1034 950 vitae
1060 907 1140 950 suae
1164 887 1339 950 formando
1365 889 1506 953 subinde

354 996 387 1059 in
409 1015 450 1058 eo
472 994 649 1058 novissime
671 1004 818 1070 manent,
844 994 877 1055 in
909 1012 976 1074 quo
1008 991 1081 1056 illos
1112 1011 1180 1055 non
1212 993 1361 1056 mutandi
1393 994 1503 1058 odium

352 1100 410 1162 sed
438 1108 591 1161 senectus
617 1098 660 1160 ad
692 1089 916 1184 [novandum]
944 1094 1039 1178 pigra
1065 1095 1248 1176 deprendit.
1294 1095 1417 1178 Adjice
1440 1093 1504 1185 [et]

353 1203 427 1266 illos
448 1201 505 1283 qui
527 1221 595 1265 non
618 1200 859 1263 inconstantiae
873 1199 955 1262 vitio
978 1218 1093 1280 parurn
1117 1196 1206 1262 leves
1235 1209 1312 1262 sunt
1338 1203 1397 1264 sed
1421 1203 1506 1266 iner-

350 1307 430 1381 tiae,
446 1315 480 1369 et
494 1307 610 1369 vivunt
634 1325 700 1368 non
723 1305 894 1387 quomodo
909 1304 1025 1369 volunt
1047 1303 1106 1366 sed
1121 1304 1292 1386 quomodo
1315 1318 1503 1388 coeperunt.

353 1410 638 1474 Innumerabiles.
661 1455 669 1470 .
693 1409 936 1490 ,proprietates
960 1419 1036 1471 sunt
1059 1409 1117 1472 sed
1141 1429 1224 1471 unus
1251 1409 1389 1474 effectus
1410 1411 1503 1490 vitii;

258 1550 261 1554 Δ
351 1514 413 1577 sibi
436 1514 608 1597 displicere
623 1510 649 1592 ;'
678 1532 738 1597 per
752 1533 838 1596 quae
853 1512 1074 1593 tranquillitas
1089 1513 1247 1577 abscedit.
1292 1513 1387 1578 ‘Hoc
1403 1517 1506 1580 oritur

350 1620 394 1682 ab
426 1619 622 1700 intemperie
654 1617 756 1681 animi
788 1625 823 1679 et
858 1617 1096 1698 cupiditatibus
1130 1617 1253 1680 timidis
1289 1607 1347 1682 aut
1385 1641 1504 1704 parurn
1575 1629 1579 1636 '

351 1723 526 1806 prosperis,
557 1723 612 1785 ubi
645 1733 704 1786 aut
734 1743 800 1785 non
825 1725 950 1786 audent
979 1733 1143 1804 quantum
1174 1725 1412 1806 concupiscunt
1447 1735 1506 1788 aut

352 1847 418 1890 non
431 1837 685 1909 consequuntur,
697 1837 730 1891 et
741 1826 773 1889 in
784 1847 877 1910 spem
888 1827 950 1890 toti
962 1825 1181 1910 prominent¹‚
1191 1847 1322 1911 semper
1332 1829 1503 1893 instabiles

351 1930 557 2015 mobilesque
582 1941 669 2008 sunt,
690 1933 781 2014 quod
806 1952 937 1996 necesse
959 1940 1008 1995 est
1032 1932 1182 1995 accidere
1213 1933 1434 2014 pendentibus
1460 1935 1504 1997 ad

351 2046 430 2100 vota
453 2058 512 2101 sua
543 2086 550 2100 .
578 2086 585 2101 .
614 2085 621 2100 .
650 2036 731 2101 Illos
760 2037 963 2119 poenitentia
996 2035 1104 2118 coepti
1138 2045 1229 2100 tenet
1261 2047 1296 2101 et
1324 2038 1504 2122 incipiendi

350 2141 471 2217 timor3
496 2141 712 2224 subrepitque
729 2141 786 2204 illa
800 2142 904 2204 animi
917 2141 1056 2222 jactatio
1072 2161 1137 2204 non
1154 2142 1351 2207 invenientis
1363 2144 1503 2219 exitum,

350 2248 429 2329 quia
458 2267 518 2312 nec
548 2246 711 2329 imperare
740 2247 978 2338 cupiditatibus
1008 2247 1077 2311 suis
1108 2267 1167 2311 nec
1191 2248 1330 2331 obsequi
1353 2258 1502 2331 possunt,

351 2361 385 2415 et
410 2354 577 2416 cunctatio
603 2352 692 2416 vitae
715 2373 833 2436 parurn
863 2373 899 2415 se
926 2351 1131 2433 explicantis,
1163 2363 1196 2416 et
1227 2353 1311 2415 inter
1343 2353 1504 2417 destituta

349 2466 428 2520 vota
465 2456 627 2538 torpentis
659 2457 759 2520 animi
796 2456 886 2520 situs.
947 2456 1043 2540 Quae
1077 2456 1190 2520 omnia
1228 2457 1377 2536 graviora
1414 2466 1502 2528 sunt,

349 2560 406 2624 ubi
432 2561 512 2624 odio
542 2559 743 2624 infelicitatis
772 2580 933 2644 operosae
957 2560 999 2624 ad
1027 2561 1133 2625 otium
1159 2560 1374 2644 perfugerunt
1401 2560 1503 2624 etad

349 2673 476 2729 secreta
498 2665 619 2736 studia,
634 2684 719 2745 quae
738 2665 808 2746 pati
831 2685 899 2729 non
917 2673 1028 2746 potest
1043 2665 1174 2727 animus
1189 2665 1232 2728 ad
1248 2663 1355 2728 civilia
1373 2673 1503 2728 erectus

349 2769 535 2852 agendique
558 2770 698 2851 cupidus
724 2778 758 2832 et
781 2779 900 2832 natura
923 2769 1096 2850 inquietus,
1120 2788 1236 2850 parurn
1260 2769 1386 2832 scilicet
1409 2769 1442 2831 in
1466 2789 1502 2832 se

349 2873 544 2936 solatiorum
560 2873 707 2949 habens3
730 2873 805 2936 ideo
827 2874 987 2937 detractis
1010 2872 1291 2938 oblectationibus
1308 2893 1390 2956 quas
1407 2872 1501 2954 ipsae

349 2977 583 3057 occupationes
613 2977 872 3040 discurrentibus
903 2975 1073 3060 praebent,
1102 2976 1248 3050 domum,
1278 2976 1500 3048 solitudinem

349 3081 492 3164 parietes
508 3100 575 3144 non
591 3080 674 3158 sert3
701 3081 823 3144 invitus
838 3081 957 3162 aspicit
973 3101 1008 3143 se
1024 3081 1086 3143 sibi
1102 3079 1263 3144 relictum.
1311 3080 1345 3142 H
1350 3081 1402 3144 inc
1417 3079 1500 3144 illud

348 3194 400 3248 est
423 3185 551 3248 tedium
579 3195 613 3248 et
639 3184 848 3266 displicentia
871 3185 931 3260 sui,
958 3196 992 3247 et
1017 3203 1179 3267 nusquam
1205 3183 1378 3247 residentis
1401 3183 1502 3247 animi

348 3287 521 3366 volutatio,
534 3297 567 3351 et
583 3289 642 3350 otii
658 3289 707 3353 sui
723 3289 827 3353 tristis
842 3298 943 3371 atque
959 3308 1058 3371 aegra
1074 3286 1233 3371 patientia
1257 3337 1264 3350 .
1289 3335 1298 3351 .
1326 3335 1332 3350 .
1352 3287 1502 3351 Inclusae

348 3391 549 3474 cupiditates
577 3391 648 3455 sine
677 3392 772 3456 exitu
802 3413 839 3454 se
869 3391 962 3476 ipsae
991 3391 1219 3474 strangulant:
1255 3391 1333 3456 inde
1371 3410 1502 3456 moeror

349 3514 541 3576 marcorque
567 3504 601 3557 et
626 3493 716 3558 mille
745 3495 864 3560 fluctus
892 3497 1014 3559 mentis
1044 3495 1198 3570 incertae,
1223 3515 1324 3578 quarn
1352 3517 1427 3577 spes
1453 3497 1502 3558 in-

348 3598 488 3663 choatae
509 3599 637 3663 habent
660 3595 886 3686 [suspensam]
910 3599 1128 3682 deploratam,
1149 3600 1288 3663 tristem.
1340 3599 1423 3664 Inde
1445 3599 1502 3662 ille

348 3703 486 3768 affectus
504 3703 608 3767 otium
630 3723 726 3767 suurn
749 3705 986 3768 detestantium
1010 3703 1284 3786 querentiumque
1308 3703 1387 3766 nihil
1411 3703 1502 3785 ipsos

348 3806 470 3871 habere
484 3806 574 3889 quod
591 3818 702 3890 agant,
718 3819 751 3871 et
766 3807 882 3871 alienis
899 3809 1109 3871 incrementis
1126 3807 1354 3871 inimicissima
1366 3807 1501 3871 invidia.

349 3911 423 3975 Alit
445 3912 535 3974 enim
560 3911 698 3976 livorem
723 3909 838 3974 infelix
863 3910 980 3975 inertia
1007 3921 1041 3974 et
1066 3930 1182 3974 omnes
1205 3912 1329 3974 destrui
1353 3910 1501 3994 cupiunt,

346 4017 424 4098 quia
446 4036 482 4079 se
504 4035 571 4079 non
595 4026 775 4098 potuerunt
799 4014 1029 4097 provehere..
1050 4015 1205 4078 .Natu1a
1227 4016 1315 4078 enim
1336 4014 1502 4078 humanus

348 4122 476 4182 animus
504 4118 600 4204 agilis
630 4131 681 4182 est
716 4129 750 4182 et
780 4138 904 4201 pronus
934 4117 976 4181 ad
1009 4126 1130 4182 motus.
1182 4116 1287 4182 Grata
1318 4119 1426 4181 omnis
1453 4116 1501 4181 illi

348 4223 517 4286 excitandi
533 4243 569 4286 se
589 4222 868 4305 abstrahendique
890 4223 1027 4285 materia
1046 4231 1106 4297 est,
1120 4221 1244 4306 gratior
1259 4221 1411 4305 pessimis
1425 4221 1502 4303 qui·

348 4325 477 4407 busque
494 4325 632 4408 ingeniis
647 4347 733 4407 quae
749 4327 1025 4409 occupationibus
1039 4325 1181 4389 libenter
1196 4327 1399 4389 deteruntur.
1451 4325 1502 4389 Ut

348 4429 458 4492 ulcera
480 4430 645 4509 quaedam
669 4431 835 4492 nocituras
857 4449 974 4492 manus
998 4439 1163 4512 appetunt
1185 4439 1219 4492 et
1237 4439 1329 4492 tactu
1343 4429 1502 4511 gaudent,

348 4542 382 4594 et
397 4531 529 4595 foedam
545 4532 692 4613 corporis
707 4533 851 4597 scabiem
872 4531 1016 4597 delectat
1035 4531 1192 4614 quicquid
1214 4542 1409 4615 exasperat:
1434 4551 1503 4594 non

766 4651 773 4681 ¹
790 4657 951 4714 permanent,
965 4651 996 4700 D.
1008 4659 1035 4700 et
1048 4650 1080 4700 0.
