3542 5359
354 625 416 706 308
567 625 723 686 OPERIS
746 623 935 696 MAJORIS
958 622 1073 682 PARS
1096 618 1296 682 SEPTIMA.

356 791 457 855 etiam
481 789 508 854 si
531 809 598 853 non
621 797 814 873 pervertunt
824 786 846 867 ¹,
869 797 907 852 ut
927 787 1023 851 dolor
1044 787 1193 869 corporis
1215 796 1249 851 et
1271 783 1437 861 debilitas,
1452 790 1511 847 aut

356 894 539 958 amicorum
566 893 811 974 liberorumque
840 892 986 967 amissio,
1010 900 1044 956 et
1068 891 1197 976 patriae
1222 889 1311 954 bello
1342 888 1511 972 flagrantis
1624 861 1643 908 ‘¹

357 997 539 1062 calamitas.
587 998 682 1063 Haec
711 1018 778 1062 non
811 1017 898 1078 nego
927 997 1051 1061 sentire
1079 997 1274 1080 sapientem.
1320 994 1393 1057 Nec
1423 993 1510 1056 enim

357 1101 477 1183 lapidis
509 1097 587 1190 [illi]
617 1091 774 1167 duritiam
806 1103 924 1166 ferrive
953 1101 1139 1166 asserimus.
1195 1099 1298 1164 Nulla
1326 1101 1430 1164 virtus
1459 1105 1511 1160 est

354 1225 442 1288 quae
473 1227 538 1270 non
568 1209 691 1272 sentiat
714 1208 852 1291 perpeti.
898 1206 989 1289 Quid
1016 1226 1096 1289 ergo
1126 1209 1202 1270 est?
1236 1203 1400 1287 quosdam
1426 1202 1512 1266 ictus

356 1310 481 1392 recipit,
507 1312 567 1375 sed
592 1322 746 1395 receptos
770 1311 892 1375 evincit
918 1321 953 1375 et
983 1320 1079 1376 sanat
1108 1319 1142 1374 et
1166 1308 1367 1391 comprimit.
1415 1306 1511 1370 Haec

356 1434 435 1479 vero
462 1416 589 1479 minora
619 1436 661 1479 ne
690 1416 793 1479 sentit
821 1417 965 1497 quidem,
988 1435 1049 1478 nec
1078 1415 1234 1478 adversus
1264 1431 1305 1476 ea
1328 1411 1427 1476 solita
1454 1408 1512 1474 illa

356 1519 478 1582 virtute
498 1519 602 1584 utitur
625 1521 705 1583 dura
726 1519 895 1596 tolerandi,
911 1517 969 1582 sed
992 1528 1051 1583 aut
1074 1537 1141 1581 non
1163 1516 1310 1592 adnotat,
1326 1524 1384 1579 aut
1407 1515 1510 1596 digna

356 1623 423 1684 risu
445 1631 548 1704 putat.

401 1727 593 1791 ‘Praeterea
616 1748 692 1791 cum
724 1747 880 1812 magnam
912 1738 1042 1812 partem
1073 1723 1349 1790 contumeliarum
1374 1719 1510 1804 superbi

357 1829 602 1913 insolentesque
624 1830 747 1897 saciant
767 1842 801 1895 et
823 1832 912 1896 male
933 1830 1126 1894 felicitatem
1147 1829 1298 1908 serentes,
1319 1827 1421 1893 habet
1443 1846 1512 1908 quo

357 1934 458 1998 istum
498 1934 654 1999 affectum
691 1935 842 2000 inflatum
880 1945 1027 2018 respuat,
1061 1934 1315 2018 pulcherrimam
1354 1933 1511 1996 virtutem

356 2037 506 2102 omnium
530 2041 861 2123 magnanimitatem:
884 2039 942 2103 illa
964 2039 1121 2122 quicquid
1145 2038 1308 2121 ejusmodi
1330 2046 1382 2101 est
1403 2046 1513 2100 trans·

357 2143 467 2221 currit,
490 2153 527 2207 ut
551 2164 654 2207 vanas
675 2145 802 2225 species
824 2143 1027 2207 somniorum
1049 2143 1205 2225 visusque
1226 2151 1404 2206 nocturnos
1426 2137 1509 2202 nihil

356 2245 519 2311 habentes
541 2247 638 2312 solidi
657 2257 758 2331 atque
772 2249 841 2312 veri
858 2297 864 2312 .
881 2298 888 2312 .
906 2296 913 2310 .
931 2246 1145 2312 Contumelia
1165 2269 1184 2312 a
1203 2255 1397 2330 contemptu
1420 2246 1512 2308 dicta

358 2361 418 2426 est,
428 2352 507 2433 quia
521 2371 620 2415 nemo
634 2352 696 2415 nisi
707 2372 808 2433 quem
823 2353 1024 2434 contempsit
1040 2351 1098 2414 tali
1115 2351 1232 2433 injuria
1248 2358 1352 2414 notat.
1398 2349 1511 2412 Nemo

357 2465 469 2518 autern
493 2456 654 2538 majorem
670 2456 908 2539 melioremque
923 2456 1114 2531 contemnit,
1130 2456 1230 2519 etiam
1246 2455 1273 2519 si
1290 2452 1368 2518 lacit
1383 2451 1511 2536 aliquid

356 2560 446 2641 quod
458 2569 709 2623 contemnentes
720 2560 837 2624 solent.
878 2560 967 2624 Nam
983 2570 1017 2625 et
1032 2561 1125 2644 pueri
1138 2580 1176 2624 os
1192 2568 1366 2642 parentum
1379 2557 1512 2630 feriunt,

356 2672 390 2726 et
406 2663 510 2726 crines
527 2663 642 2728 matris
657 2664 803 2727 turbavit
818 2664 1041 2747 laceravitque
1051 2662 1161 2728 inians·
1173 2675 1206 2727 et
1221 2673 1321 2746 sputo
1336 2664 1512 2744 adspersit,

357 2777 415 2829 aut
445 2766 583 2831 nudavit
612 2767 645 2830 in
677 2779 857 2851 conspectu
893 2787 1029 2832 suorum
1058 2767 1214 2851 tegenda,
1243 2775 1277 2829 et
1306 2767 1416 2830 verbis
1446 2765 1511 2830 ob·

355 2869 579 2935 scaenioribus
617 2891 683 2935 non
717 2872 874 2954 pepercit.
934 2872 980 2935 Et
1014 2870 1094 2934 nihil
1124 2871 1243 2933 horum
1274 2869 1513 2934 contumeliam

356 2974 506 3038 dicimus.
551 2973 687 3056 Quare?
710 2976 789 3057 quia
811 2975 868 3057 qui
890 2975 967 3038 fecit
988 2983 1199 3038 contemnere
1218 2994 1285 3037 non
1302 2982 1414 3057 potest
1437 3021 1445 3034 .
1470 3022 1478 3036 .
1502 3020 1512 3035 .

350 3075 493 3158 ,Quanta
519 3087 631 3140 autem
660 3078 829 3142 dementia
857 3089 909 3142 est
939 3077 1057 3142 iisdem
1089 3079 1191 3142 modo
1214 3077 1381 3155 delectari,
1406 3079 1513 3141 modo

356 3178 487 3253 offendi,
498 3191 533 3244 et
545 3201 615 3244 rem
630 3179 674 3244 ab
688 3182 797 3247 amico
808 3183 934 3246 dictam
948 3181 1162 3245 maledictum
1173 3201 1302 3260 vocare,
1314 3175 1350 3268 [a
1362 3177 1510 3269 servulo]

354 3279 501 3362 joculare
516 3282 724 3347 convicium?

403 3383 533 3466 ‘Quem
549 3385 696 3449 animum
711 3407 772 3450 nos
787 3388 944 3452 adversos
959 3407 1077 3470 pueros
1091 3385 1264 3463 habemus,
1278 3387 1366 3452 hunc
1377 3387 1514 3471 sapiens

358 3489 515 3552 adversus
531 3507 661 3566 omnes,
677 3491 798 3571 quibus
816 3491 919 3555 etiarn
935 3501 1011 3573 post
1023 3491 1197 3572 juventam
1218 3510 1384 3574 canosque
1399 3491 1514 3575 pueri·

356 3590 432 3657 litas
449 3601 510 3655 est.
555 3591 614 3655 An
632 3593 808 3676 quicquam
828 3595 884 3657 isti
904 3593 1112 3678 proiecerunt
1132 3596 1252 3677 quibus
1273 3596 1375 3658 animi
1399 3592 1514 3660 mala²

356 3706 435 3761 sunt
462 3697 617 3779 auctique
641 3697 673 3760 in
701 3699 809 3780 majus
839 3718 975 3775 errores,
1000 3699 1057 3782 qui
1088 3721 1109 3763 a
1140 3700 1250 3782 pueris
1280 3699 1515 3782 magnitudine

356 3809 486 3864 tantum
514 3799 686 3883 formaque
712 3822 888 3883 corporum
919 3801 1085 3880 differunt,
1108 3813 1275 3867 caetenrm
1306 3824 1371 3867 non
1402 3807 1515 3869 minus

356 3905 432 3988 vagi
457 3906 648 3987 incertique,
670 3904 883 3987 voluptatum
910 3909 980 3971 sine
1003 3907 1133 3972 delectu
1158 3918 1365 3990 appetentes,
1389 3910 1513 3992 trepidi

356 4017 390 4074 et
417 4029 484 4071 non
511 4008 641 4091 ingenio
664 4009 723 4072 sed
746 4008 920 4072 formidine
946 4010 1074 4091 quieti?
1118 4011 1198 4074 Non
1225 4011 1302 4075 ideo
1331 4011 1514 4094 quicquam

357 4113 443 4176 inter
458 4111 533 4176 illos
548 4132 733 4195 puerosque
753 4113 911 4178 interesse
928 4115 1002 4195 quis
1023 4114 1154 4189 dixerit,
1169 4115 1261 4198 quod
1281 4114 1345 4179 illis
1366 4115 1514 4180 talorum

357 4236 520 4279 nucumve
542 4224 576 4278 et
598 4217 683 4279 aeris
706 4216 824 4279 minuti
847 4218 986 4282 avaritia
1008 4228 1070 4298 est,
1092 4217 1144 4282 his
1166 4219 1237 4282 auri
1261 4219 1457 4302 argentique
1479 4232 1515 4285 et

356 4320 488 4383 urbium
506 4367 513 4382 .
533 4319 676 4400 ..Ergo
696 4340 756 4403 par
776 4322 885 4402 pueris
905 4321 1099 4405 longiusque
1115 4323 1296 4405 progressis
1314 4323 1425 4387 sedin
1445 4323 1516 4388 alia

357 4422 550 4505 majoraque
564 4443 653 4486 error
663 4433 724 4488 est.
763 4424 842 4488 Non
854 4425 1020 4490 immerito
1032 4426 1145 4509 itaque
1156 4426 1276 4490 horum
1292 4429 1517 4494 contumelias

386 4581 396 4612 ¹
413 4597 461 4645 pro
471 4584 575 4643 virtute,
587 4582 665 4636 MSS.

388 4658 400 4689 ⁸
414 4659 479 4710 ‘ibis
492 4676 602 4724 passage
613 4664 636 4712 is
648 4664 775 4725 regarded
785 4679 815 4713 ss
826 4681 842 4713 a
852 4664 924 4714 locus
934 4671 1064 4730 oon-raptus
1074 4668 1109 4730 by
1119 4673 1187 4717 most
1198 4667 1297 4718 editors
1308 4668 1340 4718 ol
1347 4668 1464 4721 Seneca.
