3542 5359
510 622 625 681 PARS
649 619 876 681 SECUNDA:
912 620 1000 678 [ΑΡ.
1031 619 1098 677 VII.
1320 614 1383 693 489

230 784 264 848 in
285 784 406 849 finibus
426 786 614 849 medietatis
634 786 803 869 sphaerae,
824 787 982 866 quoniam
1002 783 1083 847 radii
1105 780 1316 846 reflectuntur
1336 783 1380 846 ad

228 892 407 953 terminum
446 892 522 954 axis
558 890 754 954 inferiorem.
798 890 888 952 Nam
922 908 997 951 cum
1032 887 1144 951 radius
1182 887 1380 951 incidentiae

228 992 354 1056 scilicet
376 993 431 1057 ok
451 994 503 1057 vel
526 1015 588 1077 aq,
603 995 737 1077 attingit
759 1004 912 1075 quartam
935 991 1048 1056 circuli
1072 990 1197 1055 habens
1219 991 1378 1074 angulum

228 1098 367 1162 minoris
391 1098 553 1181 portionis
580 1098 678 1161 valde
703 1108 849 1174 acutum,
871 1096 924 1159 cui
949 1096 1052 1160 habet
1078 1095 1213 1178 aequari
1239 1095 1379 1179 angulus

227 1201 426 1280 reflexionis‚
444 1214 578 1285 oportet
598 1203 689 1284 quod
708 1201 795 1264 linea
813 1200 938 1264 reflexa
959 1202 1057 1265 cadat
1081 1201 1112 1264 in
1131 1200 1377 1264 extremitatem

227 1305 295 1387 poli
318 1306 481 1388 sphaerae
496 1318 529 1371 et
545 1307 620 1369 axis
642 1306 714 1388 ejus
734 1306 928 1370 inferiorem.
975 1305 1077 1369 Nulla
1098 1306 1186 1368 enirn
1209 1304 1274 1368 alia
1294 1304 1379 1367 linea

227 1410 307 1473 alibi
345 1412 524 1475 terminata
560 1412 742 1474 constituet
777 1409 936 1493 angulum
976 1409 1163 1472 reflexionis
1203 1408 1377 1489 aequalem

226 1512 350 1596 angulo
376 1515 576 1579 incidentiae
598 1516 661 1578 nisi
687 1514 753 1592 illa,
777 1516 856 1596 quia
877 1514 968 1578 nulla
994 1514 1165 1577 constituit
1188 1514 1376 1597 portionem

226 1618 399 1699 aequalem
422 1619 568 1700 portioni
591 1639 692 1700 quam
722 1618 863 1700 angulus
891 1618 1091 1682 incidentiae
1116 1616 1194 1682 facit
1221 1618 1282 1681 nisi
1310 1616 1376 1679 illa.

226 1721 370 1804 Oportet
393 1724 482 1785 enim
498 1723 588 1805 quod
606 1723 650 1788 sit
668 1733 787 1805 quarta
806 1721 928 1785 circuli.
972 1721 1086 1806 Quare
1108 1721 1217 1786 nullus
1233 1720 1376 1805 angulus

225 1826 388 1908 portionis
415 1825 559 1890 reflexus
589 1837 702 1910 potest
732 1847 805 1891 esse
834 1826 984 1909 aequalis
1014 1826 1137 1910 angulo
1167 1827 1375 1904 incidentiae,

224 1930 287 1993 nisi
303 1931 367 1994 iste
381 1951 481 2013 quem
497 1932 667 1995 constituit
683 1932 769 1995 linea
784 1934 906 1997 cadens
923 1932 955 1994 in
972 1932 1217 1996 extremitatem
1234 1932 1317 1995 axis.

268 2032 435 2116 Quoniam
452 2036 551 2119 igitur
567 2037 600 2099 in
614 2036 678 2101 hoc
694 2036 807 2101 coluro
823 2057 882 2100 seu
902 2035 1022 2100 circulo
1046 2035 1150 2099 lineae
1167 2037 1324 2117 aequales
1342 2047 1378 2101 et

222 2160 318 2203 arcus
333 2152 519 2205 resecantes
533 2142 698 2224 aequales,
714 2150 750 2205 et
763 2162 848 2223 quae
863 2140 1047 2222 aequaliter
1062 2140 1226 2204 declinant
1240 2141 1285 2204 ab
1299 2162 1377 2219 axe,

222 2244 433 2309 reflectuntur
462 2247 505 2309 ad
532 2248 621 2309 idem
648 2256 807 2330 punctum
834 2245 917 2325 axis,
939 2254 1072 2327 oportet
1094 2246 1185 2327 quod
1207 2246 1253 2309 ita
1275 2246 1319 2309 sit
1342 2248 1374 2311 in

221 2349 376 2413 omnibus
391 2349 464 2413 aliis
479 2349 601 2413 coluris
622 2351 716 2431 quasi
739 2348 872 2414 infinitis
884 2348 1091 2420 ,habentibus
1111 2350 1252 2413 eundem
1274 2370 1374 2415 axem

221 2451 381 2532 sphaerae
404 2474 464 2534 pro
487 2454 660 2517 diametro.
706 2453 763 2517 Ex
785 2454 904 2535 quibus
927 2454 1137 2518 manifestum
1160 2456 1322 2537 estquod
1346 2457 1374 2519 si

221 2557 521 2637 comparaverimus
535 2578 650 2621 omnes
665 2557 747 2623 istos
769 2558 900 2623 coluros
919 2560 961 2621 ad
982 2558 1120 2623 invicem
1142 2568 1176 2622 et
1194 2560 1373 2643 sumpseri-

221 2678 295 2722 mus
318 2659 420 2723 lineas
446 2661 602 2742 aequales
629 2662 662 2725 in
689 2663 854 2736 omnibus,
882 2664 940 2744 qui
964 2663 1006 2726 de
1030 2663 1098 2725 suis
1128 2663 1247 2727 coluris
1277 2684 1372 2729 arcus

220 2775 368 2828 resecent
395 2765 560 2847 aequales,
583 2787 667 2849 quae
689 2767 789 2830 etiam
813 2767 918 2830 lineae
940 2765 1121 2849 aequaliter
1143 2767 1308 2833 declinent
1329 2769 1373 2833 ab

219 2886 285 2929 axe
307 2870 485 2945 communi,
500 2882 634 2952 oportet
656 2872 749 2953 quod
771 2871 883 2953 anguli
906 2871 1106 2934 incidentiae
1128 2879 1161 2934 et
1184 2871 1371 2938 reflexionis

218 2972 284 3035 sint
299 2973 454 3055 aequales
473 2973 605 3058 ubique.
651 2975 698 3039 Et
712 2976 870 3057 quoniam
886 2973 1025 3039 reflexio
1039 2975 1120 3040 haec
1136 2975 1174 3040 fit
1190 2977 1371 3043 necessario

218 3078 261 3139 ad
273 3097 385 3157 axem,
396 3088 477 3141 tunc
489 3099 606 3142 omnes
618 3079 695 3143 illae
705 3081 813 3144 lineae
825 3079 1037 3144 reflectuntur
1048 3100 1108 3162 per
1119 3081 1291 3163 aequalem
1303 3083 1369 3147 dis·

218 3182 360 3244 tantiam
373 3182 417 3245 ab
429 3183 616 3247 incidentiis
628 3186 742 3248 suiset
754 3194 905 3267 respectu
921 3186 1009 3260 axis;
1024 3206 1126 3269 quare
1137 3196 1268 3267 oportet
1278 3187 1370 3269 quod

218 3285 251 3348 in
272 3287 359 3350 idem
376 3298 537 3368 punctum
558 3290 633 3352 axis
654 3299 851 3354 concurrant
873 3310 997 3355 omnes.
1052 3289 1118 3355 Sed
1143 3290 1169 3354 si
1195 3291 1278 3355 haec
1293 3313 1370 3355 vera

216 3401 303 3471 sunt,
315 3400 403 3467 tunc,
413 3413 490 3455 cum
506 3394 587 3458 dicit
598 3393 809 3459 Theodosius
817 3395 975 3458 vicesima
989 3406 1109 3460 octava
1119 3394 1130 3433 1
1141 3396 1370 3480 propositione

216 3493 289 3558 libri
301 3497 350 3557 sui
365 3498 471 3578 primi,
482 3498 537 3563 ‘Si
549 3520 569 3562 a
581 3498 660 3581 polo
672 3499 813 3582 alicujus
824 3500 936 3563 circuli
948 3500 980 3563 in
993 3499 1132 3583 sphaera
1143 3501 1265 3584 signati
1277 3512 1367 3567 recta

216 3597 302 3663 linea
325 3601 368 3662 ad
391 3600 551 3682 sphaerae
573 3603 782 3685 superficiem
809 3604 1023 3687 producatur,
1046 3625 1132 3687 quae
1154 3606 1198 3669 sit
1221 3607 1370 3688 aequalis

215 3702 322 3765 lineae
346 3703 390 3767 ab
412 3706 531 3769 eodem
555 3707 634 3788 polo
653 3728 751 3791 super
772 3709 846 3790 ejus
867 3708 1164 3774 circumferentiam
1187 3711 1370 3787 decedenti,

216 3825 358 3885 necesse,
370 3818 421 3871 est
443 3828 518 3872 eam
538 3810 572 3873 in
594 3812 743 3893 ejusdem
766 3810 877 3876 circuli
897 3812 1159 3877 circumferentia
1181 3813 1368 3893 terminari,’

215 3919 347 3992 oportet
363 3913 453 3994 quod
472 3912 734 3979 circumferentia
748 3916 862 3981 circuli
885 3937 971 3998 quae
994 3920 1112 3981 transit
1135 3937 1195 4001 per
1212 3921 1368 3982 extremi·

214 4024 321 4079 tatem
345 4016 440 4079 unius
467 4018 602 4081 istarum
624 4019 786 4083 linearum
812 4028 960 4085 transeat
982 4040 1041 4103 per
1063 4041 1187 4099 omnes,
1208 4025 1366 4105 quoniam

214 4138 330 4182 omnes
352 4130 428 4183 sunt
446 4121 602 4202 aequales
616 4132 651 4186 et
669 4123 853 4207 aequaliter
865 4126 1030 4190 distantes
1049 4125 1093 4189 ab
1108 4146 1173 4189 axe
1191 4130 1366 4209 communi,

214 4234 248 4287 et
263 4224 419 4305 aequales
438 4245 534 4288 arcus
551 4245 686 4291 suorum
709 4226 895 4293 coluromm
912 4241 1107 4296 resecantes.
1153 4229 1368 4315 Quapropter

247 4363 255 4391 ¹
271 4364 329 4412 The
346 4365 403 4414 first
418 4365 488 4415 book
504 4366 533 4415 of
546 4366 591 4416 the
609 4367 733 4430 Spherics
750 4371 780 4418 of
792 4370 955 4419 Theodosius
971 4372 1034 4434 only
1045 4372 1164 4421 contains
1180 4374 1366 4434 twenty-three

214 4442 404 4506 propositions;
422 4444 474 4493 and
485 4445 538 4494 this
549 4445 572 4494 is
583 4453 630 4494 not
640 4462 737 4509 among
747 4448 827 4497 them.
861 4450 915 4498 ltis
926 4449 1032 4498 evident
1040 4452 1144 4513 enough
1156 4451 1280 4503 however
1290 4468 1297 4512 3
1314 4454 1366 4502 and

213 4521 238 4568 is
256 4522 349 4570 indeed
366 4521 486 4572 involved
503 4525 537 4572 in¹
547 4525 593 4573 the
610 4524 667 4573 fifth
685 4525 715 4573 of
727 4526 768 4575 his
785 4527 952 4587 definitions;
969 4527 1068 4577 Κύκλου
1078 4529 1152 4578 πόλος
1168 4530 1194 4578 lv
1211 4528 1302 4594 σφαίρᾳ
1313 4531 1367 4580 fcrl

213 4600 314 4660 σημεῖον
326 4598 364 4647 lul
375 4600 563 4663 τῆεδιιφοιάας
573 4602 618 4663 τῆς
634 4600 737 4665 spelpes
747 4603 791 4667 Μ’
802 4602 831 4654 oi
847 4605 921 4655 trium
939 4604 1128 4671 προσπίπτουσαι
1141 4610 1230 4657 elfsius
1248 4607 1305 4673 πρὸς
1321 4610 1367 4671 τὴν

211 4676 258 4726 τοῦ
267 4677 359 4727 κύκλον
370 4680 519 4743 περιφέρειν
529 4678 580 4729 lou
589 4680 710 4743 ἀλλήλω
720 4682 790 4733 «totu.
