3542 5359
388 573 430 653 84
615 575 770 635 OPERIS
795 574 982 644 MAJORIS
1004 574 1119 633 PARS
1145 573 1315 646 QUINYA.

390 759 508 804 manus
529 761 608 805 suae
630 742 673 805 ad
697 762 735 805 os
756 739 852 817 oculi,
875 747 912 802 ut
934 738 1009 822 plus
1030 747 1249 823 congregetur
1263 739 1365 801 virtus
1385 737 1486 801 visiva
1507 747 1541 800 et

390 846 497 909 minus
512 846 730 929 dispergatur.
777 845 822 908 Et
838 845 971 926 signum
988 853 1038 908 est
1053 845 1096 907 ad
1111 843 1184 921 hoc,
1199 845 1289 926 quod
1310 842 1396 906 oculi
1413 842 1540 905 anima·

390 947 478 1026 lium,
494 962 531 1014 ut
555 951 587 1012 in
612 949 756 1033 piscibus
778 950 833 1030 qui
856 968 923 1011 non
946 947 1070 1012 habent
1093 948 1278 1012 custodiam
1297 947 1539 1029 palpebrarum,

388 1053 475 1117 male
504 1055 617 1118 vident
643 1075 664 1116 a
692 1053 798 1135 longe,
829 1054 986 1136 quoniam
1013 1054 1118 1116 virtus
1143 1053 1247 1116 visiva
1276 1052 1476 1134 dispergitur
1505 1061 1538 1114 et

387 1157 544 1223 dilatatur
555 1159 661 1231 nimis,
672 1178 747 1221 cum
761 1179 826 1220 non
842 1158 964 1221 habeat
976 1157 1090 1222 oculus
1100 1158 1307 1222 circumdans
1320 1167 1354 1220 et
1364 1165 1538 1220 coarctans

386 1261 505 1344 ipsum.
554 1262 665 1344 Hujus
681 1261 863 1326 sententiae
884 1273 935 1324 est
950 1260 1150 1326 Aristoteles
1173 1262 1207 1326 in
1229 1263 1359 1326 decimo
1383 1281 1472 1323 nono
1495 1261 1538 1322 de

386 1364 599 1431 Animalibus
609 1366 630 1442 ¹,
643 1376 676 1431 et
686 1365 972 1430 confirmaturhoc
985 1387 1043 1449 per
1052 1367 1303 1448 experientiam.
1337 1367 1426 1428 Nam
1436 1365 1537 1427 homo

386 1470 534 1536 existens
558 1472 591 1535 in
608 1480 710 1554 puteo
725 1469 776 1535 vel
796 1469 860 1534 alio
882 1469 956 1534 loco
973 1469 1137 1553 profundo
1157 1472 1278 1552 poterit
1293 1471 1404 1533 videre
1424 1469 1537 1534 stellas

385 1573 427 1638 de
449 1575 512 1646 die,
534 1595 617 1658 quas
642 1596 709 1639 non
734 1575 860 1639 videbit
886 1594 961 1638 cum
987 1585 1038 1638 est
1065 1576 1099 1638 in
1125 1575 1296 1657 superficie
1322 1571 1424 1657 putei,
1451 1574 1536 1637 sicut

385 1677 467 1743 dicit
485 1679 609 1744 Plinius
626 1679 820 1744 insecundo
838 1679 1009 1743 Naturalis
1026 1677 1269 1761 Philosophiae,
1280 1689 1315 1743 et
1330 1678 1536 1761 experientia

385 1781 493 1846 docet.
540 1783 585 1848 Et
608 1804 672 1847 una
693 1803 791 1849 causa
812 1783 911 1865 hujus
932 1793 983 1846 est
1004 1793 1141 1866 propter
1155 1783 1343 1865 angustiam
1358 1783 1442 1858 viae,
1456 1784 1534 1865 quia

383 1887 487 1952 virtus
504 1889 607 1952 visiva
623 1899 811 1954 coarctatur
825 1889 891 1964 diu,
908 1898 945 1952 ut
967 1888 1088 1953 rectius
1111 1888 1243 1952 incedat
1263 1891 1306 1952 ad
1325 1887 1435 1951 locum
1456 1887 1535 1950 stel-

384 1992 490 2055 larum
513 2014 598 2075 quae
623 2004 700 2057 sunt
725 2014 823 2077 super
846 2004 993 2076 puteum,
1018 2004 1052 2055 et
1076 1992 1140 2056 hoc
1166 1991 1205 2055 fit
1229 2002 1363 2074 propter
1385 1992 1533 2075 cooperi-

384 2108 533 2161 mentum
562 2097 651 2180 quod
683 2097 785 2161 habet
814 2097 848 2162 in
874 2096 1101 2180 profunditate
1127 2097 1228 2180 putei.
1274 2096 1320 2160 Et
1346 2096 1392 2158 sic
1419 2096 1534 2160 oculus

382 2199 602 2283 profundatus
628 2201 660 2262 in
687 2202 797 2283 capite
820 2201 939 2265 eodem
964 2202 1065 2265 modo
1088 2210 1199 2284 potest
1217 2201 1329 2264 videre
1352 2199 1468 2264 fortius
1489 2221 1533 2263 ex

381 2302 444 2368 hac
467 2325 574 2378 causa,
590 2325 677 2388 quae
698 2305 831 2369 inferius
854 2314 1018 2387 tangetur.
1065 2305 1111 2368 Et
1134 2304 1197 2367 hoc
1220 2304 1300 2368 dicit
1325 2304 1533 2368 Ptolemaeus

381 2427 538 2490 expresse
567 2409 600 2471 in
630 2409 777 2474 secundo
811 2407 1018 2492 Opticorum,
1044 2408 1107 2473 sub
1143 2408 1196 2472 his
1232 2409 1359 2483 verbis;
1392 2407 1445 2470 Illi
1475 2409 1531 2492 qui

380 2511 505 2576 habent
529 2533 693 2578 concavos
713 2513 828 2577 oculos
849 2513 965 2578 vident
987 2535 1007 2577 a
1030 2513 1218 2590 remotiori;
1244 2513 1337 2594 cujus
1359 2523 1531 2577 causaest

380 2615 484 2682 virtus
499 2617 645 2693 visibilis,
660 2638 747 2701 quae
763 2617 800 2680 fit
816 2628 953 2700 propter
968 2619 1224 2683 coarctationem
1236 2615 1257 2696 ²,
1273 2619 1305 2683 id
1322 2627 1381 2696 est,
1395 2638 1530 2701 congre-

381 2721 552 2801 gationem
571 2731 604 2785 et
625 2722 871 2798 adunationem,
888 2731 922 2786 et
947 2733 1084 2806 propter
1112 2721 1173 2786 loci
1198 2719 1397 2806 angustiam.
1443 2722 1529 2786 Cum

838 2826 926 2889 enim
940 2827 1107 2908 processio
1117 2826 1215 2889 fuerit
1227 2847 1270 2889 ex
1281 2828 1431 2908 angustis
1441 2827 1529 2903 locis,

837 2931 1046 3012 protenditur
1071 2931 1160 2994 visus
1186 2942 1221 2994 et
1247 2930 1427 3012 elongatur,
1452 2935 1528 3013 quia

836 3034 1020 3098 necessario
1067 3036 1173 3118 magis
1216 3035 1383 3119 colligitur
1425 3037 1529 3099 virtus

836 3139 934 3216 oculi,
945 3146 980 3201 et
992 3139 1023 3201 in
1036 3137 1198 3203 minorem
1212 3137 1321 3201 locum
1334 3149 1528 3218 coarctatur,

836 3251 870 3305 et
887 3241 962 3306 ideo
978 3240 1096 3306 fortior
1110 3253 1177 3306 est:
1204 3245 1282 3325 quia
1300 3244 1410 3307 omnis
1424 3245 1528 3309 virtus

837 3346 928 3409 unita
959 3356 1009 3410 est
1039 3345 1182 3410 fortioris
1212 3348 1423 3429 operationis.
1481 3348 1527 3412 Et

836 3448 906 3531 ejus
935 3451 1116 3515 coarctatio
1145 3459 1239 3534 patet
1266 3451 1299 3513 in
1329 3449 1443 3533 figura.
1490 3450 1526 3517 Si

835 3555 854 3619 b
867 3576 885 3617 c
899 3555 942 3617 sit
958 3553 1107 3618 foramen
1128 3575 1240 3629 nveae,
1256 3565 1290 3616 et
1304 3575 1327 3617 a
1341 3556 1385 3618 sit
1401 3554 1526 3638 pupilla

733 3699 750 3741 3
796 3669 819 3731 9
835 3657 973 3739 alicujus
1006 3657 1093 3720 oculi
1128 3659 1272 3735 interius,
1305 3657 1440 3741 planum
1475 3671 1526 3724 est

537 3779 599 3829 Fre.
616 3790 655 3844 37·
835 3762 926 3844 quod
959 3762 1064 3825 virtus
1097 3761 1168 3844 ejus
1202 3763 1291 3826 cadit
1324 3762 1409 3825 inter
1439 3784 1457 3826 e
1491 3774 1525 3827 et

591 2884 615 2928 α

405 3965 412 3992 ¹
431 3964 486 4023 i.e.,
499 3980 528 4014 as
542 3963 629 4014 before
646 3966 739 4017 stated.
752 3967 797 4014 the
809 3965 865 4014 fifth
877 3966 946 4014 book
957 3965 987 4014 of
1000 3965 1039 4013 De
1052 3967 1210 4015 Gemmtr'one
1224 3966 1396 4016 Am'malr'um.
1432 3968 1461 4016 ln
1479 3970 1524 4016 the

371 4043 449 4094 latter
466 4051 524 4105 part
539 4043 568 4093 of
581 4044 626 4092 the
639 4045 694 4094 first
710 4045 826 4107 chapter,
838 4046 883 4094 the
895 4045 982 4092 whole
993 4045 1024 4092 of
1038 4045 1088 4093 this
1099 4045 1237 4107 foregoing
1248 4053 1385 4095 statement
1398 4055 1467 4095 asto
1479 4047 1523 4096 the

370 4123 517 4173 connexion
533 4123 562 4172 of
575 4125 694 4185 deep-set
711 4138 774 4184 eyes
787 4123 852 4172 with
867 4123 931 4183 long
946 4123 1025 4184 sight,
1037 4123 1169 4186 including
1183 4126 1228 4174 the
1245 4125 1397 4174 illustration
1414 4125 1443 4172 of
1455 4135 1523 4175 stars

368 4217 433 4251 seen
446 4201 509 4249 from
521 4217 537 4249 a
547 4201 617 4253 well,
628 4201 649 4249 is
663 4201 758 4262 clearly
767 4201 860 4249 stated.
897 4201 927 4248 ln
939 4202 985 4249 the
996 4217 1067 4250 same
1080 4217 1190 4264 passage
1202 4202 1328 4251 Aristotle
1337 4204 1523 4264 distinguishes

368 4279 489 4328 between
510 4279 574 4340 long
593 4279 662 4340 sight
682 4281 733 4327 and
754 4279 806 4326 fine
827 4279 1030 4327 discrimination
1048 4279 1077 4327 of
1094 4282 1139 4329 the
1160 4281 1263 4329 colours
1280 4281 1310 4328 of
1327 4297 1389 4329 near
1409 4283 1521 4341 objects;

368 4358 444 4407 these
459 4373 504 4406 are
520 4364 572 4414 not,
586 4359 619 4405 he
633 4373 705 4419 says,
716 4357 816 4419 always
830 4358 910 4406 found
924 4359 952 4406 in
967 4359 1012 4406 the
1024 4373 1096 4407 same
1113 4374 1217 4421 person.
1252 4359 1303 4408 His
1319 4359 1401 4407 views
1418 4375 1452 4408 on
1469 4361 1521 4409 this

368 4437 441 4497 point
453 4436 517 4482 form
530 4443 587 4498 part
599 4435 628 4482 of
638 4433 747 4483 Bacon's
759 4443 822 4484 next
833 4436 948 4497 chapter.

400 4513 492 4572 ¹lebb
509 4513 555 4561 has
572 4513 794 4561 cohabitationem.
833 4513 843 4561 l
862 4513 1001 4562 substitute
1019 4515 1063 4562 the
1080 4513 1155 4562 word
1176 4515 1239 4563 used
1256 4514 1283 4563 in
1302 4515 1346 4563 the
1364 4530 1474 4577 passage
1495 4517 1525 4565 of

368 4589 486 4651 Ptolemy
497 4590 611 4639 referred
624 4597 651 4638 to
664 4591 700 4654 (p.
712 4593 752 4654 38,
767 4591 806 4640 ed.
821 4591 909 4652 Govi).
