3542 5359
378 584 575 646 MORALIS
599 587 918 648 PHILOSOPHIA:
952 590 1067 652 PARS
1091 592 1274 665 QUARTA.
1343 594 1403 670 369

252 749 325 813 libri
351 753 394 816 de
417 756 565 818 moribus
580 755 795 820 Tartarorum
818 754 1011 820 describunt
1033 754 1120 819 hanc
1143 764 1277 840 gentem
1299 757 1402 839 pessi·

253 875 342 919 mam
365 868 400 922 et
423 861 731 942 immundissimam,
754 871 793 925 ut
815 861 924 941 patuit
948 861 980 923 in
1004 869 1099 942 parte
1123 850 1403 926 Mathematicae¹

252 960 295 1022 de
310 964 467 1046 gentibus
482 975 515 1029 et
532 965 613 1029 locis
624 965 723 1048 hujus
739 966 863 1029 mundi.

297 1066 423 1151 Pagani
454 1091 534 1133 vero
564 1072 636 1154 puri
667 1072 725 1153 qui
755 1071 995 1136 consuetudine
1025 1071 1155 1135 vivendi
1186 1092 1248 1154 pro
1276 1072 1403 1134 ratione
1416 1077 1520 1142 Pagus·

252 1167 365 1252 legum
389 1184 530 1250 utentes,
557 1187 594 1240 ut
621 1173 780 1239 Praceni²
803 1185 836 1238 et
860 1176 1011 1240 nationes
1033 1173 1179 1239 confines
1200 1176 1255 1252 eis,
1276 1174 1403 1239 deliciis

253 1275 376 1342 divitiis
405 1290 440 1344 et
473 1280 599 1344 honore
634 1281 729 1346 istius
761 1281 849 1344 vitae
883 1281 1082 1358 detinentur,
1111 1301 1187 1344 cum
1221 1281 1403 1345 intentione

252 1380 398 1459 alterius,
413 1394 450 1447 ut
473 1385 580 1467 qualis
601 1386 699 1450 fuerit
720 1385 773 1449 hic
793 1395 826 1450 et
844 1397 998 1468 quantus,
1019 1384 1094 1450 talis
1113 1395 1147 1450 et
1169 1395 1282 1450 tantus
1305 1385 1402 1449 aesti-

254 1498 364 1550 matur
379 1489 448 1553 lore
464 1489 498 1552 in
514 1491 582 1554 vita
597 1491 717 1555 sutura.
765 1487 866 1553 Unde
881 1491 914 1552 in
933 1499 1041 1553 morte
1062 1488 1186 1554 faciunt
1201 1511 1238 1553 se
1253 1488 1402 1555 comburi

253 1591 384 1672 publice
399 1613 474 1658 cum
490 1594 654 1676 lapidibus
665 1595 816 1677 pretiosis
832 1604 866 1656 et
884 1614 966 1657 auro
977 1604 1012 1658 et
1027 1606 1166 1676 argento
1181 1604 1215 1658 et
1227 1595 1403 1659 dextrariis

254 1703 288 1757 et
314 1696 437 1760 familia
459 1707 493 1763 et
515 1699 631 1762 amicis
653 1709 687 1762 et
711 1699 867 1762 omnibus
891 1699 1016 1761 divitiis
1042 1709 1076 1762 et
1106 1699 1211 1775 bonis,
1233 1710 1402 1780 sperantes

253 1801 344 1881 quod
361 1812 439 1884 post
454 1814 596 1867 mortem
613 1803 768 1867 omnibus
783 1803 835 1866 his
849 1803 1052 1885 gaudebunt.

298 1902 459 1970 Similiter
475 1907 677 1971 idololatrae
698 1929 774 1971 curn
797 1906 893 1970 bonis
918 1908 1011 1970 istius
1033 1907 1146 1971 mundi
1171 1908 1309 1971 credunt
1328 1927 1402 1990 pos-
1416 1917 1545 1966 Idotarers.

252 2007 358 2073 sidere
388 2011 506 2084 sutura,
528 2024 673 2096 excepto
699 2014 787 2095 quod
819 2011 1016 2076 Sacerdotes
1046 2031 1160 2074 eorum
1191 2012 1403 2075 castitatem³

252 2127 381 2187 vovent,
407 2127 440 2180 et
467 2137 488 2179 a
513 2117 732 2181 delectatione
762 2115 915 2180 luxuriae
941 2117 1087 2197 gaudent
1117 2116 1291 2194 abstinere,
1318 2115 1402 2178 sicut

252 2230 346 2300 patet
376 2243 421 2284 ex
449 2222 636 2304 regionibus
663 2222 810 2288 Orientis
835 2223 867 2284 in
896 2231 989 2304 parte
1015 2220 1223 2302 Aquilonari,
1248 2231 1285 2285 ut
1313 2223 1403 2302 prius

250 2333 379 2388 tactum
401 2335 452 2389 est
475 2327 507 2389 in
532 2327 631 2392 Locis
652 2325 780 2390 Mundi.
829 2326 874 2389 Et
896 2343 1012 2388 omnes
1035 2325 1089 2387 isti
1113 2335 1292 2406 expectant
1314 2325 1402 2388 bona

252 2429 435 2509 corporalia
458 2430 592 2496 alterius
613 2433 709 2507 vitae,
732 2432 812 2495 nihil
837 2432 881 2494 de
905 2429 1132 2512 spiritualibus
1156 2431 1342 2511 sapientes3
1368 2440 1403 2494 et

253 2551 320 2595 non
336 2543 386 2596 est
405 2545 520 2599 contra
542 2534 631 2618 leges
649 2556 764 2600 eorum
781 2545 829 2612 ut,
844 2535 1129 2618 qualitercumque
1151 2535 1287 2616 possint,
1303 2555 1402 2617 quae·
1469 2567 1476 2579 ·

253 2647 327 2699 rant
357 2637 590 2726 bona-mundi
625 2640 731 2722 hujus,
762 2660 823 2704 nec
855 2660 891 2703 se
928 2649 1091 2721 reputant,
1120 2639 1403 2721 qualitercumque

253 2741 435 2825 contingat,
451 2740 596 2806 frustrari
611 2765 632 2807 a
646 2744 715 2807 vita
729 2744 846 2808 futura.

298 2842 365 2908 Sed
384 2844 503 2926 ,ludaei
525 2847 613 2911 bona
634 2847 829 2930 temporalia
851 2859 885 2911 et
908 2855 1042 2911 aeterna
1068 2847 1266 2930 sperabant;
1295 2846 1402 2910 diver·
1416 2850 1489 2914 Jews.

253 2949 382 3012 simode
397 2959 519 3031 tamen,
534 2954 611 3035 quia
625 2952 837 3034 spiritualiter
851 2952 1021 3033 sapientes
1034 2952 1158 3015 virtute
1180 2951 1260 3032 legis
1278 2950 1401 3032 aspira-

255 3053 333 3117 bant
360 3056 403 3118 ad
430 3056 518 3119 bona
542 3076 607 3120 non
622 3057 731 3121 solum
762 3057 910 3140 corporis
940 3056 998 3119 sed
1029 3055 1169 3117 animae.
1216 3052 1403 3118 Literaliter

254 3177 332 3222 vero
365 3159 612 3225 considerantes
650 3160 769 3245 legem,
799 3162 980 3225 credebant
1017 3158 1105 3222 bona
1142 3159 1278 3222 alterius
1314 3160 1403 3223 vitae

252 3272 382 3327 tantum
398 3264 589 3346 corporalia.
635 3266 795 3331 Similiter
815 3286 876 3330 nec
900 3285 959 3346 per
979 3262 1028 3328 fas
1048 3275 1083 3328 et
1101 3262 1201 3338 nefas,
1222 3266 1402 3329 secundum

253 3367 360 3452 legem
387 3391 511 3444 eorum,
538 3380 702 3454 quaerunt
728 3369 934 3454 temporalia,
956 3371 1015 3434 sed
1045 3369 1242 3433 auctoritate
1275 3369 1338 3431 Dei
1369 3380 1402 3434 et

253 3475 436 3537 secundum
458 3477 539 3553 Jura.
585 3474 682 3538 Licet
707 3476 796 3536 enim
819 3473 1032 3556 spoliaverint
1055 3473 1175 3537 multas
1198 3472 1346 3537 nationes
1369 3485 1403 3536 et

286 3616 344 3667 ¹1).
356 3620 404 3668 has
418 3618 620 3681 hletaphysieae.
655 3619 708 3668 But
722 3619 766 3667 the
784 3617 920 3668 reference
940 3620 963 3668 is
983 3627 1011 3668 to
1031 3620 1075 3667 the
1095 3617 1279 3682 geographical
1302 3619 1402 3667 section

253 3697 283 3746 ol
295 3698 341 3746 the
358 3696 444 3746 fourth
461 3706 519 3760 part
533 3697 565 3746 ol*
576 3699 621 3747 the
634 3698 707 3761 Opus
724 3697 819 3760 Mayirs
853 3696 893 3746 Cl.
905 3698 955 3746 vol.
970 3698 985 3746 i.
998 3713 1023 3759 p.
1036 3711 1093 3759 371,
1109 3697 1150 3745 lor
1163 3713 1179 3746 a
1190 3699 1275 3746 notice
1290 3697 1320 3746 ol
1331 3697 1402 3757 John

253 3776 382 3838 Carpini's
399 3784 487 3838 report
504 3791 538 3825 on
550 3777 667 3838 Tartary.
703 3775 759 3824 The
776 3776 861 3824 fourth
878 3777 988 3839 chapter
1003 3775 1033 3825 ol
1047 3775 1176 3839 Carpiui's
1192 3776 1267 3824 worlr
1278 3785 1359 3826 treats
1375 3777 1406 3824 of

252 3856 298 3904 the
319 3855 388 3915 good
407 3855 459 3902 aud
476 3857 521 3904 the
538 3855 587 3903 bad
603 3855 660 3904 side
677 3854 707 3902 ol
718 3855 763 3903 the
782 3854 874 3904 Tartar
891 3857 1031 3905 character.
1066 3855 1142 3904 Alter
1162 3855 1242 3916 doing
1261 3855 1354 3915 justice
1374 3863 1402 3904 to

251 3932 321 3980 their
340 3933 479 3981 admirable
497 3933 610 3994 military
628 3932 769 3996 discipline,
787 3934 839 3982 aud
859 3942 888 3982 to
906 3935 950 3982 the
970 3935 1081 3996 chastity
1101 3934 1130 3982 ol
1146 3933 1215 3981 their
1234 3948 1347 3990 women,
1367 3933 1401 3980 he

253 4011 384 4059 describes
406 4011 473 4059 their
494 4012 695 4073 intemperante,
719 4012 788 4060 their
807 4011 860 4061 tout
881 4011 996 4075 leeding,
1019 4012 1087 4061 their
1109 4013 1255 4072 treachery,
1279 4013 1330 4059 and
1356 4012 1400 4059 the

252 4089 403 4150 systematic
424 4089 556 4152 slaugbter
576 4089 607 4138 os
624 4089 693 4138 their
714 4091 836 4152 oaptivee
871 4092 935 4155 (Soc.
955 4089 984 4138 de
1003 4090 1076 4154 Ge'og.
1092 4089 1192 4138 Reruer'l
1211 4088 1240 4137 de
1262 4087 1400 4146 Mimor'ns,
1453 4115 1459 4124 ·

252 4168 301 4216 vol.
314 4169 346 4216 iv.
361 4169 459 4231 (1839),
471 4183 513 4231 pp.
526 4182 575 4229 594
587 4169 638 4216 and
649 4167 784 4230 633-641.)

285 4250 295 4279 ⁸
310 4249 374 4299 This
384 4251 458 4300 word
471 4251 493 4300 is
505 4267 535 4300 so
545 4251 613 4313 spelt
624 4251 650 4298 in
663 4251 694 4300 D.
706 4252 757 4299 and
769 4251 802 4301 0.
825 4251 877 4300 But
890 4252 910 4301 it
920 4250 1014 4300 should
1025 4252 1092 4300 have
1101 4251 1166 4300 been
1178 4250 1279 4299 written
1290 4248 1399 4297 Pruseni

252 4345 283 4378 or
300 4329 431 4388 Pmsceni,
448 4345 478 4378 as
493 4331 520 4379 in
532 4330 582 4380 vol.
596 4329 612 4377 i.
630 4345 656 4392 p.
673 4331 730 4391 360,
748 4330 837 4378 where
857 4331 903 4378 the
921 4329 1044 4377 Prusceui
1064 4330 1116 4377 and
1135 4331 1209 4377 other
1227 4329 1400 4389 surrounding

251 4408 330 4456 tribea
346 4424 391 4457 are
407 4410 508 4470 spoken
520 4408 552 4457 ol
564 4423 594 4458 as
611 4408 721 4470 Pagans.
756 4408 796 4457 Cf.
814 4424 839 4470 p.
850 4423 907 4468 3⁴17,
921 4408 1013 4456 where
1031 4408 1099 4455 their
1115 4407 1292 4456 ill-treatment
1308 4408 1344 4468 by
1354 4407 1399 4456 the

251 4486 377 4536 Teutonis
388 4487 493 4549 knights
504 4488 528 4536 is
538 4488 638 4550 spoken
651 4488 681 4536 oi
686 4503 716 4536 as
726 4503 741 4536 a
753 4487 799 4535 bar
809 4494 836 4534 to
848 4487 915 4534 their
926 4486 1085 4535 conversios.

283 4563 294 4591 ³
311 4563 363 4613 See
374 4564 423 4615 vol.
436 4566 453 4614 i.
465 4582 490 4628 p.
502 4581 558 4627 373.
601 4565 644 4628 By
662 4564 820 4627 Rubruquis,
839 4578 869 4612 as
885 4563 920 4626 by
940 4562 1026 4612 Marco
1043 4563 1115 4626 Polo,
1134 4564 1180 4614 the
1198 4563 1339 4614 Buddhists
1355 4579 1400 4614 are

251 4644 352 4704 always
361 4643 463 4706 spoken
475 4644 506 4693 ol
512 4659 541 4693 as
554 4644 716 4694 ldololatrae.

295 4740 379 4792 vor„
396 4741 432 4791 11.
785 4726 845 4791 ab
