3542 5359
377 639 704 698 PERSPECTIVAE
728 638 843 698 PARS
867 639 1027 697 PRIMA:
1061 640 1170 698 DIST.
1197 640 1223 697 I.
1360 654 1380 711 9

226 812 416 885 postremae
431 801 579 876 cellulae,
595 822 681 883 quae
700 802 839 866 retineat
866 804 992 886 species
1018 803 1246 868 aestimativae
1271 811 1304 865 et
1335 803 1379 865 sit
1392 814 1499 892 thought

225 927 303 971 arca
335 906 409 989 ejus
432 918 466 971 et
497 908 737 992 repositorium,
766 908 850 971 sicut
875 908 1068 989 imaginatio
1091 916 1142 971 est
1163 928 1240 971 arca
1263 928 1379 970 sensus
1391 881 1522 995 ‘fflffiat

224 1012 421 1085 communis,
436 1023 471 1073 et
491 1010 572 1075 haec
594 1020 644 1074 est
660 1012 765 1075 virtus
791 1013 1020 1089 memorativa,
1044 1021 1078 1076 et
1103 1012 1167 1076 hoc
1191 1013 1272 1075 dicit
1294 1011 1377 1074 Avi·
1391 1012 1511 1076 osjudge

224 1134 331 1179 cenna
345 1116 379 1177 in
394 1116 504 1196 primo
514 1115 558 1178 de
569 1114 703 1179 Anima.
735 1114 905 1198 Cogitatio
917 1138 996 1180 vero
1008 1137 1066 1180 seu
1079 1116 1182 1180 virtus
1198 1116 1378 1198 cogitativa
1391 1087 1465 1128 m

226 1230 280 1283 est
298 1220 331 1282 in
348 1222 458 1283 media
472 1219 600 1297 cellula,
616 1240 702 1302 quae
725 1229 776 1283 est
800 1222 935 1283 domina
958 1221 1118 1285 virtutum
1140 1221 1381 1295 sensitivarum,

226 1333 263 1387 et
286 1323 361 1388 loco
385 1324 522 1387 rationis
549 1324 583 1387 in
605 1324 720 1402 brutis,
751 1334 785 1388 et
811 1324 886 1388 ideo
916 1335 1054 1388 vocatur
1083 1324 1243 1408 logistica,
1259 1326 1293 1388 id
1320 1336 1381 1402 est,

227 1428 409 1505 rationalia,
431 1448 499 1491 non
522 1429 602 1509 quia
625 1438 735 1491 utatur
757 1430 894 1505 ratione,
913 1429 971 1493 sed
995 1430 1074 1510 quia
1096 1439 1147 1492 est
1170 1427 1286 1492 ultima
1308 1449 1380 1512 per·

228 1531 329 1597 sectio
343 1531 517 1596 brutorum
533 1534 618 1595 sicut
641 1533 725 1595 ratio
744 1534 778 1596 in
801 1533 945 1608 homine,
960 1542 994 1597 et
1016 1534 1096 1615 quia
1120 1532 1165 1596 illi
1190 1534 1381 1597 immediate

228 1636 343 1701 unitur
371 1637 483 1701 anima
513 1637 684 1701 rationalis
714 1638 747 1700 in
779 1638 978 1701 hominibus.
1024 1638 1069 1701 Et
1099 1638 1269 1721 perhanc
1302 1636 1380 1703 lacit

228 1760 351 1805 aranea
366 1740 466 1804 telam
481 1741 727 1823 geometricam,
743 1752 777 1806 et
792 1742 864 1823 apis
875 1742 1013 1804 domum
1025 1743 1246 1825 hexagonam,
1258 1742 1382 1825 eligens

229 1864 331 1908 unam
361 1845 405 1909 de
435 1845 636 1927 replentibus
666 1846 785 1920 locum,
816 1856 850 1909 et
879 1846 1021 1909 hirundo
1051 1847 1175 1924 nidum,
1199 1856 1233 1911 et
1261 1848 1309 1911 sic
1339 1849 1382 1912 de

229 1950 387 2012 omnibus
432 1950 587 2033 operibus
624 1951 805 2030 brutorum,
843 1969 930 2031 quae
967 1961 1045 2015 sunt
1081 1951 1201 2016 similia
1241 1950 1381 2016 artificio

229 2052 388 2116 humano.
436 2053 480 2116 Et
496 2053 598 2117 homo
613 2054 646 2116 in
668 2056 791 2117 somnis
805 2054 897 2117 videt
919 2056 1002 2118 mira
1022 2076 1081 2139 per
1104 2055 1190 2120 hanc
1214 2056 1382 2135 virtutem,

229 2167 263 2221 et
279 2158 356 2221 huic
372 2158 520 2221 serviunt
536 2178 650 2223 omnes
664 2158 805 2223 virtutes
819 2160 953 2223 animae
969 2160 1145 2223 sensitivae
1165 2171 1198 2224 et
1221 2161 1382 2225 obediunt

229 2272 301 2327 tam
338 2262 538 2344 posteriores
574 2282 674 2344 quam
704 2264 893 2342 anteriores
923 2264 1002 2347 quia
1031 2274 1168 2347 propter
1197 2286 1272 2329 eam
1305 2275 1382 2329 sunt

231 2386 358 2433 omnes
418 2368 509 2431 Nam
553 2368 681 2451 species
724 2388 812 2451 quae
854 2378 932 2433 sunt
977 2371 1068 2453 apud
1109 2370 1381 2453 imaginationem

232 2471 455 2555 multiplicant
489 2492 525 2536 se
557 2473 590 2535 in
621 2475 866 2555 cogitationem,
898 2473 973 2538 licet
1000 2476 1090 2557 apud
1114 2476 1383 2558 imaginationem

232 2576 299 2640 sint
321 2577 503 2641 secundum
526 2597 622 2641 suum
647 2598 719 2642 esse
741 2580 884 2661 primum
908 2591 1045 2664 propter
1067 2580 1275 2662 phantasiam
1297 2600 1384 2662 quae

234 2681 339 2744 utitur
363 2680 425 2744 illis
454 2682 649 2764 speciebus;
672 2682 730 2746 sed
754 2684 935 2765 cogitativa
961 2684 1105 2747 nobilius
1131 2685 1233 2749 habet
1257 2686 1384 2767 species

234 2782 316 2862 illas,
345 2795 447 2866 atque
476 2786 604 2869 species
638 2787 865 2852 aestimativae
900 2796 934 2851 et
968 2789 1205 2853 memorativae
1235 2788 1321 2852 fiunt
1349 2789 1383 2851 in

234 2890 415 2970 cogitativa
444 2892 627 2953 secundum
658 2910 731 2956 esse
761 2891 905 2955 nobilius
927 2912 1028 2974 quam
1051 2893 1093 2956 sit
1115 2893 1148 2955 in
1172 2892 1228 2965 eis,
1252 2902 1285 2955 et
1308 2892 1384 2955 ideo

235 2994 342 3057 utitur
366 2993 522 3059 omnibus
545 2994 723 3059 virtutibus
747 2996 820 3060 aliis
847 3006 1007 3079 tanquam
1044 2997 1112 3060 suis
1148 2996 1383 3061 instrumentis.

236 3097 284 3161 Et
299 3097 332 3160 in
349 3098 484 3161 homine
498 3101 688 3182 supervenit
707 3100 751 3163 ab
769 3101 957 3166 extrinseco
977 3109 1011 3164 et
1035 3122 1055 3165 a
1082 3100 1250 3165 creatione
1273 3102 1385 3164 anima

234 3201 413 3279 rationalis,
428 3213 462 3266 et
484 3203 593 3267 unitur
607 3204 806 3288 cogitativae
826 3206 933 3289 primo
954 3214 988 3269 et
1009 3206 1209 3283 immediate,
1225 3216 1259 3272 et
1280 3206 1385 3270 utitur

233 3326 275 3371 ee
289 3306 513 3390 principaliter
526 3308 611 3372 sicut
626 3329 688 3372 suo
709 3308 929 3374 instrumento
948 3310 1092 3391 speciali,
1115 3322 1149 3375 et
1170 3311 1213 3398 ab
1237 3332 1278 3375 ea
1302 3310 1385 3375 fiunt

233 3412 361 3496 species
396 3410 430 3473 in
471 3411 582 3475 anima
619 3412 781 3477 rationali.
837 3413 939 3478 Unde
975 3415 1110 3495 quando
1148 3414 1204 3478 illa
1233 3414 1386 3493 laeditur,

233 3516 433 3599 pervertitur
448 3516 595 3579 maxime
607 3516 767 3593 judicium
784 3518 927 3598 rationis,
941 3528 976 3583 et
990 3519 1125 3601 quando
1146 3519 1202 3583 illa
1223 3529 1273 3583 est
1296 3539 1386 3599 sana,

232 3631 316 3683 tunc
332 3618 416 3681 bene
431 3628 465 3681 et
484 3620 723 3687 rationabiliter
737 3632 895 3707 operatur
910 3624 1104 3688 intellectus.

667 3897 895 3964 Csmrutuu
918 3900 958 3965 V.

278 4086 336 4151 De
351 4086 565 4170 expositione
580 4088 816 4153 auctoritatum
832 4090 1066 4154 contrariarum
1083 4091 1169 4156 circa
1186 4091 1256 4174 jam
1283 4092 1388 4157 dictas

231 4192 384 4255 virtutes.

275 4346 348 4413 Sed
376 4356 494 4410 textus
524 4346 714 4413 Aristotelis
738 4347 900 4413 Latinus¹
926 4369 991 4412 non
1014 4351 1159 4415 ostendit
1181 4350 1277 4416 nobis
1302 4350 1389 4416 hanc

264 4508 271 4535 ¹
292 4506 386 4555 Baton
400 4506 452 4553 tud
464 4506 532 4565 good
545 4521 621 4555 cause
632 4514 659 4555 to
669 4514 774 4569 suspect
785 4508 830 4556 the
845 4522 972 4569 accumcy
983 4508 1013 4556 ol
1027 4509 1071 4557 the
1089 4509 1164 4557 latin
1181 4508 1348 4558 translations
1365 4511 1395 4559 ol

230 4585 370 4647 Aristotle,
383 4584 508 4632 whether
519 4585 592 4633 made
604 4585 668 4634 from
681 4586 775 4634 Ambic
786 4586 906 4635 versione
916 4602 947 4634 or
957 4587 1066 4648 directly
1078 4586 1142 4635 from
1153 4587 1199 4635 the
1210 4586 1305 4636 Greek
1340 4588 1392 4638 But

228 4668 262 4715 he
275 4670 457 4727 ungentes
469 4662 539 4710 their
550 4663 662 4725 deiects;
679 4665 730 4713 and
742 4664 899 4730 sometimes,
912 4666 1034 4728 perhaps,
1045 4666 1079 4713 he
1091 4664 1160 4715 finds
1174 4666 1195 4714 it
1209 4682 1225 4715 a
1236 4668 1392 4717 convenient
