3542 5359
511 604 626 664 PARS
651 603 874 664 SECUNDA:
911 602 1001 662 cAP.
1026 603 1087 662 III.
1318 602 1380 680 465

223 780 259 835 et
279 768 417 832 aliarum
436 788 546 832 rerum
568 768 711 849 plurium
732 776 783 831 est
804 766 910 849 magis
929 764 1109 829 necessaria
1130 763 1319 829 hominibus
1343 777 1377 830 et

224 871 363 934 caeteris
384 866 582 932 animalibus
605 877 640 931 et
658 866 772 931 multis
794 867 891 929 rebus
910 886 1011 947 quam
1031 864 1264 946 multiplicatio
1287 868 1376 948 prin-

225 973 351 1058 cipalis,
366 975 445 1054 quia
468 972 544 1035 illae
567 993 619 1035 res
641 992 707 1034 non
730 979 870 1055 possunt
893 971 1049 1033 continue
1070 971 1230 1033 sustinere
1249 973 1376 1052 species

226 1077 432 1161 principales

643 1283 869 1362 Carnutum
894 1283 958 1348 111.

273 1456 319 1520 Et
344 1466 508 1538 quatenus
533 1458 614 1522 haec
641 1457 768 1539 plenius
794 1466 1045 1538 cognoscantur,
1072 1467 1205 1540 oportet
1233 1479 1293 1522 nos
1320 1461 1376 1522 de·
1391 1462 1475 1538 Fullo
1487 1461 1522 1538 13¹·

228 1562 384 1625 scendere
421 1562 454 1625 in
492 1561 680 1645 particulari
717 1562 758 1624 ad
797 1559 857 1624 has
896 1560 1000 1625 lineas
1042 1572 1177 1645 propter
1213 1564 1375 1627 actionem
1390 1535 1547 1644 ”T‘ffiim'

228 1663 411 1747 specierum
436 1666 469 1728 in
488 1666 552 1730 hoc
573 1667 708 1740 mundo,
724 1666 766 1729 de
788 1685 856 1748 qua
876 1665 1005 1730 dicetur
1026 1664 1180 1741 inferius;
1212 1669 1291 1748 quia
1313 1667 1375 1731 nisi
1390 1660 1490 1737 s²⁰5⁰¹¹

228 1769 349 1833 sciatur
373 1771 517 1834 varietas
543 1769 834 1852 multiplicationis,
865 1789 932 1832 non
961 1778 1072 1850 potest
1101 1770 1175 1833 sciri
1203 1770 1377 1834 diversitas
1389 1724 1528 1854 dllllllde

228 1873 377 1938 actionis.
423 1874 550 1938 Notum
570 1883 621 1937 est
635 1884 746 1937 autem
767 1875 849 1936 satis
869 1873 961 1954 quod
982 1874 1109 1956 species
1128 1875 1264 1938 veniens
1279 1857 1508 1971 superssssdl‘elgs

228 1976 349 2040 lineam
363 1987 487 2043 rectam
504 1987 615 2060 potest
629 1978 693 2042 dici
709 1981 826 2042 cadere
841 1978 884 2041 ad
901 1977 1021 2042 lineam
1034 1977 1085 2041 vel
1101 1979 1143 2040 ad
1159 1977 1376 2060 superficiem.
1389 1937 1516 2037 meldense

230 2079 266 2144 Si
282 2083 326 2145 ad
347 2081 478 2159 lineam,
494 2093 573 2148 tunc
588 2084 679 2147 cadit
694 2083 746 2144 vel
762 2083 805 2144 ad
825 2090 959 2156 rectam,
978 2080 1028 2144 vel
1053 2083 1094 2144 ad
1114 2102 1309 2158 convexam,
1324 2082 1376 2146 vel
1390 2053 1547 2170 ffiffied·

229 2205 418 2263 concavam,
434 2185 488 2250 vel
509 2198 692 2251 tortuosam
708 2207 716 2264 ;
739 2187 766 2248 si
787 2186 830 2248 ad
851 2194 984 2248 rectam.
1000 2184 1052 2248 vel
1073 2188 1162 2249 cadit
1177 2187 1220 2248 ad
1238 2187 1379 2270 angulos

229 2301 337 2354 rectos
369 2291 420 2354 vel
450 2290 612 2374 obliquos.
658 2290 694 2355 Si
725 2290 769 2351 ad
803 2308 997 2364 convexam,
1023 2298 1101 2352 tunc
1131 2290 1182 2353 vel
1212 2291 1303 2354 cadit
1336 2291 1379 2354 ad

229 2392 368 2476 angulos
383 2394 521 2458 obtusos
536 2395 701 2476 aequales,
712 2395 740 2457 si
752 2414 811 2476 per
825 2402 976 2457 centrum
993 2402 1148 2473 transeat,
1161 2403 1198 2457 ut
1214 2395 1246 2457 in
1260 2407 1379 2477 quarta

231 2508 326 2578 parte
346 2497 443 2578 hujus
464 2507 623 2562 tractatus
645 2508 815 2561 ostensum
834 2508 896 2574 est,
911 2498 962 2560 vel
984 2499 1027 2560 ad
1047 2518 1148 2560 unum
1168 2498 1324 2562 obtusum
1345 2508 1378 2562 et

230 2600 333 2663 alium
358 2611 493 2676 rectum,
509 2602 537 2663 si
561 2621 626 2663 non
650 2602 752 2664 vadat
774 2622 832 2682 per
854 2612 1015 2665 centrum.
1061 2600 1097 2665 Si
1121 2604 1165 2666 ad
1187 2623 1379 2678 concavum,

231 2715 310 2768 tunc
327 2715 439 2788 potest
454 2706 573 2769 cadere
587 2706 630 2769 ad
646 2703 810 2786 aequales,
825 2725 966 2786 quorum
983 2715 1120 2788 uterque
1135 2717 1186 2770 est
1207 2717 1379 2772 acutorum

231 2809 410 2886 maximus,
421 2810 477 2890 qui
492 2819 569 2873 sunt
583 2808 696 2892 anguli
712 2809 916 2885 semicirculi,
931 2811 958 2872 si
975 2830 1033 2891 per
1048 2820 1198 2874 centrum
1214 2820 1379 2887 transeat;

230 2911 283 2976 vel
297 2914 340 2976 ad
357 2913 510 2995 obliquos
527 2914 725 2997 inaequales,
742 2914 799 2995 qui
815 2922 892 2978 sunt
912 2913 1024 2995 anguli
1045 2916 1230 2996 portionum
1248 2917 1381 2998 majoris

231 3027 265 3080 ct
288 3017 431 3081 minoris
477 3017 514 3082 Si
541 3039 620 3082 vero
644 3039 743 3102 super
769 3027 963 3090 tortuosam,
986 3026 1065 3080 tunc
1090 3018 1141 3081 vel
1169 3021 1258 3082 cadit
1284 3041 1382 3103 super

232 3133 358 3204 partem
377 3132 510 3199 rectam,
523 3123 574 3185 vel
589 3127 780 3196 concavam,
791 3121 844 3186 vel
859 3142 1044 3186 convexam
1060 3132 1094 3185 et
1109 3124 1255 3187 variatur
1270 3123 1381 3188 multi·

230 3226 367 3311 plicatio
387 3227 474 3291 sicut
489 3229 586 3310 prius
632 3228 678 3291 Et
698 3228 780 3292 haec
795 3229 908 3291 omnia
923 3237 1039 3310 patent
1054 3249 1097 3290 ex
1118 3227 1259 3310 quarta¹
1276 3241 1382 3311 parte,

230 3342 264 3395 et
287 3331 506 3396 diversificant
530 3332 694 3396 actionem
718 3332 841 3413 speciei
868 3332 902 3393 in
929 3333 993 3396 hoc
1020 3335 1153 3406 mundo,
1177 3342 1214 3396 ut
1242 3333 1381 3416 patebit.

232 3435 277 3499 Et
296 3437 448 3500 similiter
466 3437 698 3520 multiplicatio
715 3437 838 3500 cadens
858 3437 904 3500 ad
924 3436 1026 3500 lineas
1046 3437 1150 3501 dictas
1170 3437 1222 3502 vel
1242 3449 1293 3502 est
1308 3459 1382 3520 per-

231 3541 487 3622 pendiculariter
506 3539 560 3604 vel
575 3561 655 3618 non,
669 3541 849 3604 secundum
867 3561 950 3622 quas
971 3541 1111 3605 multum
1130 3543 1275 3605 variatur
1294 3543 1383 3607 actio

232 3654 377 3707 naturae.
423 3643 520 3725 Quae
541 3655 652 3709 autem
676 3646 741 3706 sint
764 3643 1060 3727 perpendiculares,
1080 3656 1114 3709 et
1137 3667 1223 3728 quae
1246 3667 1320 3720 non,
1339 3648 1383 3710 ad

232 3749 380 3832 singulas
409 3749 512 3812 lineas
545 3749 652 3813 dictas
683 3751 791 3830 patuit
821 3769 866 3812 ex
896 3761 1015 3830 quarta
1049 3760 1154 3831 parte,
1183 3758 1218 3812 et
1253 3753 1382 3831 patebit

233 3863 349 3934 postea
378 3863 541 3934 quantum
571 3853 789 3916 necessarium
820 3862 881 3915 est.
928 3851 964 3916 Si
994 3875 1073 3915 vero
1101 3854 1231 3917 dicatur
1257 3855 1382 3935 species

233 3965 322 4020 recta
343 3958 454 4019 venire
476 3957 519 4020 ad
542 3955 750 4037 superficiem
776 3952 842 4038 (vel
862 3977 989 4039 corpus,
1006 3957 1097 4038 quod
1122 3958 1210 4020 idem
1233 3968 1293 4032 est,
1309 3979 1383 4021 cum

265 4114 274 4143 ¹
292 4116 365 4165 Here
375 4131 461 4165 seems
471 4123 499 4164 to
510 4117 543 4164 be
554 4133 570 4165 a
581 4116 715 4165 reference
727 4123 756 4165 to
766 4117 811 4165 the
822 4117 908 4166 fourth
921 4123 977 4178 part
989 4116 1020 4164 of
1027 4117 1071 4165 the
1084 4117 1156 4180 Opus
1167 4115 1260 4180 Majus.
1295 4118 1383 4168 Becon

232 4210 293 4256 may
304 4195 370 4243 have
382 4196 497 4244 inserted
512 4195 533 4244 it
549 4210 578 4243 as
594 4210 610 4242 a
628 4201 706 4255 note;
721 4210 753 4244 or
768 4195 788 4243 it
804 4211 865 4257 may
877 4195 943 4243 have
959 4195 1024 4242 been
1040 4196 1124 4243 added
1136 4196 1171 4256 by
1182 4212 1197 4243 a
1209 4197 1273 4246 later
1285 4198 1381 4258 writer,

232 4275 329 4334 which,
337 4275 467 4334 however,
474 4274 497 4322 is
504 4281 550 4322 not
559 4273 688 4336 probable,
696 4289 726 4322 ns
734 4275 754 4322 it
761 4275 784 4322 is
793 4273 874 4322 found
881 4273 907 4320 in
918 4274 961 4320 the
969 4281 1168 4335 contemporary
1176 4273 1230 4323 MS.
1238 4274 1305 4337 Reg,
1329 4276 1385 4324 The

232 4354 386 4402 alternative
398 4355 419 4401 is
431 4360 458 4400 to
469 4367 585 4414 suppose
599 4351 655 4400 that
666 4357 760 4413 quarta
771 4352 793 4400 is
809 4353 872 4401 here
882 4351 1005 4414 wrongly
1015 4352 1121 4400 written
1139 4352 1179 4400 for
1190 4352 1279 4415 quinta
1289 4371 1295 4409 ;
1313 4355 1386 4402 since

233 4433 278 4480 the
292 4431 348 4480 fifth
364 4439 420 4494 part
432 4429 463 4479 of
475 4431 521 4478 the
538 4436 646 4492 present
660 4430 766 4478 uentise
784 4439 883 4479 reverts
901 4437 928 4478 to
946 4430 991 4478 the
1009 4431 1144 4491 questions
1162 4431 1225 4479 here
1242 4430 1382 4482 discussed

233 4510 495 4567 Attalensium,
509 4525 534 4571 p.
547 4510 604 4569 468,
618 4523 660 4556 we
672 4509 726 4556 lind
743 4523 759 4555 a
776 4510 914 4570 repetition
927 4508 956 4558 of
969 4524 985 4556 a
998 4509 1099 4556 remark
1117 4510 1192 4558 made
1209 4525 1243 4558 on
1262 4525 1286 4571 p.
1302 4525 1346 4559 121
1360 4513 1391 4560 of

233 4587 312 4638 voli.
349 4588 401 4636 But
417 4588 576 4649 throughout
595 4586 705 4635 Bucon's
715 4587 791 4634 work
807 4587 961 4648 repetitions
979 4602 1024 4636 are
1044 4601 1075 4635 so
1095 4602 1235 4636 numerous
1253 4589 1308 4638 that
1325 4590 1344 4639 it
1366 4589 1388 4638 is

233 4667 382 4716 sometimes
394 4665 499 4714 difficult
510 4673 539 4715 to
551 4665 630 4713 found
643 4664 789 4713 inferences
801 4679 872 4726 upon
883 4665 963 4716 them.

275 4747 359 4798 von.
377 4748 415 4797 11.
758 4730 825 4795 xh
