3542 5359
570 673 686 732 anns
710 673 873 731 PRIMA:
911 672 1000 730 cna
1032 672 1082 731 vr.
1346 687 1406 749 453

253 818 391 883 materia
429 839 488 881 seu
523 820 664 882 essentia
702 820 831 900 generis
869 819 1014 901 proximi
1056 817 1241 883 communis
1277 819 1406 882 duabus

252 923 424 1005 speciebus
443 923 693 1006 quibuscunque
711 923 808 987 datis.
853 922 1068 1006 Quapropter
1090 923 1237 1005 sequitur
1261 924 1350 1004 quod
1372 923 1405 985 in

254 1026 317 1089 illis
334 1036 369 1090 et
389 1027 421 1090 in
443 1028 599 1090 omnibus
618 1029 794 1111 agentibus
815 1036 866 1090 est
883 1027 1039 1109 aptitudo
1058 1035 1097 1089 ut
1115 1025 1305 1108 compleant
1327 1047 1405 1090 suos

252 1129 400 1211 effectus,
429 1123 592 1214 quantum
622 1141 673 1195 est
701 1153 722 1196 a
741 1141 836 1215 parte
865 1131 1035 1215 agentium
1066 1141 1100 1196 et
1130 1132 1340 1212 patientium,
1370 1139 1404 1195 et

253 1237 412 1300 materiae
426 1236 609 1300 communis
623 1236 678 1299 eis

297 1338 365 1403 Sed
381 1351 495 1404 tamen
512 1341 588 1405 licet
610 1341 653 1404 sit
671 1341 826 1424 aptitudo
847 1341 946 1419 dicta,
963 1362 1029 1405 non
1050 1350 1163 1405 tamen
1182 1349 1233 1405 est
1256 1347 1404 1424 potestas
1418 1353 1509 1403 Sueba

253 1465 313 1506 nec
339 1446 540 1527 possibilitas
567 1445 609 1509 ad
639 1444 702 1510 hos
724 1446 859 1509 effectus
883 1446 1099 1528 complendos
1123 1455 1258 1528 propter
1281 1443 1404 1508 multas
1417 1419 1501 1534 ffi,
1515 1485 1572 1536 „p

253 1550 407 1613 rationes.
452 1549 531 1614 Non
560 1551 649 1614 enim
680 1571 780 1614 omne
804 1553 894 1632 quod
919 1551 1021 1616 habet
1045 1551 1275 1634 aptitudinem,
1301 1550 1404 1614 habet
1417 1551 1525 1601 verene

252 1652 527 1734 possibilitatem3
551 1665 588 1718 ut
612 1675 727 1719 caecus
749 1665 847 1737 aptus
870 1664 967 1719 natus
990 1656 1105 1720 estad
1128 1655 1319 1732 videndum,
1335 1675 1402 1719 non
1417 1616 1572 1742 ffifussilh‘

252 1768 364 1820 tamen
379 1768 489 1841 potest
503 1759 623 1838 videre,
635 1779 695 1822 nec
711 1761 893 1840 potentiam
906 1759 1038 1823 videndi
1053 1759 1154 1822 habet
1170 1779 1229 1842 per
1240 1767 1401 1822 naturam.
1416 1748 1573 1864 th⁶⁵⁸t¹f¹¹ss²¹

253 1861 292 1924 In
307 1863 478 1945 proposito
492 1883 570 1925 vero
582 1873 632 1926 est
644 1862 716 1926 sola
725 1865 888 1946 aptitudo,
901 1873 935 1927 et
945 1873 1057 1927 tamen
1072 1875 1151 1930 ante
1160 1863 1380 1947 privationem
1393 1883 1401 1939 ;
1415 1829 1501 1929 effic

251 1968 340 2030 unde
359 1986 426 2029 non
449 1976 499 2030 est
517 1966 630 2030 ablata
651 1969 800 2050 potentia
818 1986 877 2051 per
898 1967 1124 2032 inductionem
1147 1966 1349 2050 privationis,
1365 1976 1402 2031 ut
1415 1945 1560 2074 {ffiing
1675 2017 1680 2026 .

252 2071 285 2132 in
308 2090 417 2149 caeco,
439 2072 498 2135 sed
521 2071 711 2136 excluditur
732 2074 894 2154 potentia,
916 2084 950 2137 et
976 2072 1125 2136 similiter
1151 2080 1244 2136 actus
1266 2080 1402 2153 propter
1415 2075 1544 2128 intotheir

250 2174 385 2258 videndi
416 2176 655 2240 necessitatem.
711 2175 797 2240 Cum
828 2179 916 2240 enim
947 2197 1014 2240 non
1040 2177 1083 2239 sit
1109 2176 1204 2259 quasi
1230 2174 1402 2259 proportio
1414 2141 1545 2258 ppplure-

250 2279 379 2343 virtutis
401 2282 526 2344 activae
549 2280 582 2342 in
602 2300 741 2362 corpore
763 2290 913 2362 respectu
936 2280 1141 2345 substantiae
1160 2278 1349 2362 spiritualis,
1367 2287 1402 2342 et

251 2382 402 2447 similiter
417 2384 450 2446 in
466 2403 603 2467 corpore
618 2404 685 2448 non
700 2383 834 2448 coelesti
851 2396 1003 2467 respectu
1020 2383 1225 2448 substantiae
1240 2381 1402 2461 coelestis,

251 2487 277 2548 si
307 2487 552 2570 complerentur
580 2489 707 2570 species
737 2489 997 2552 substantiarum
1031 2488 1259 2573 spiritualium,
1290 2487 1403 2550 omnia

251 2589 366 2654 fierent
390 2591 581 2672 spiritualia,
606 2601 640 2654 et
666 2594 693 2655 si
720 2591 966 2675 complerentur
989 2593 1115 2675 species
1141 2591 1403 2656 substantiarum

251 2694 444 2760 coelestium
459 2695 652 2760 tollerentur
672 2717 789 2761 omnes
812 2709 950 2761 naturae
972 2697 1159 2782 corporales
1175 2697 1352 2770 inferiores,
1368 2705 1402 2759 et

251 2799 368 2863 fierent
382 2799 491 2864 solum
506 2801 712 2864 substantiae
726 2799 907 2878 coelestes3
930 2811 964 2866 et
984 2802 1059 2865 ideo
1082 2803 1303 2864 destrueretur
1318 2800 1402 2863 ordo

251 2905 393 2968 universi
413 2914 446 2968 et
463 2905 587 2968 mundi.
633 2905 771 2988 Propter
793 2906 883 2987 quod
906 2905 983 2968 licet
1005 2925 1049 2968 ex
1072 2904 1146 2986 lege
1168 2913 1305 2967 naturae
1328 2923 1403 2984 par·

251 3007 394 3074 ticularis
410 3009 564 3092 aptitudo
579 3009 623 3072 sit
637 3029 658 3071 a
677 3021 772 3092 parte
791 3008 996 3074 substantiae
1014 3007 1191 3092 spiritualis
1213 3008 1352 3081 activae,
1368 3015 1402 3069 et

250 3134 271 3176 a
285 3123 380 3195 parte
395 3114 600 3176 substantiae
617 3113 767 3177 coelestis
785 3114 923 3188 activae,
939 3123 973 3178 et
988 3135 1008 3178 a
1023 3123 1117 3196 parte
1134 3114 1290 3177 materiae
1308 3130 1400 3175 com-

251 3218 359 3280 munis
373 3215 577 3280 substantiae
592 3218 754 3300 spirituali
770 3227 804 3280 ct
815 3217 991 3301 corporali,
1002 3227 1036 3282 et
1051 3217 1201 3282 similiter
1215 3215 1401 3280 communis

248 3321 455 3386 substantiae
477 3321 612 3385 coelesti
635 3332 670 3386 ct
692 3340 758 3385 non
781 3320 928 3396 coelesti,
944 3333 981 3386 ut
1002 3321 1118 3386 fierent
1140 3320 1399 3384 substantiarum
1474 3355 1477 3362 ·

248 3425 467 3509 spiritualium
483 3436 519 3490 ct
534 3427 725 3491 coelestium
742 3427 879 3489 effectus
895 3427 1064 3510 completi,
1079 3436 1192 3489 tamen
1207 3445 1252 3488 ex
1268 3424 1400 3488 ordina·

249 3531 339 3594 tione
368 3532 489 3602 divina,
516 3542 550 3594 et
579 3552 624 3595 ex
654 3529 726 3614 lege
757 3541 895 3595 naturae
926 3529 1127 3609 universalis,
1152 3530 1196 3593 de
1225 3549 1291 3613 qua
1320 3526 1400 3591 facit

249 3634 422 3697 Avicenna
432 3636 635 3699 mentionem
646 3646 743 3699 sexto
755 3635 1016 3719 Metaphysicae,
1027 3635 1232 3699 abscinditur
1243 3633 1399 3715 potentia,

249 3749 283 3802 et
298 3737 484 3802 excluditur
498 3748 610 3814 actus3
641 3739 688 3802 ita
710 3741 800 3820 quod
823 3760 890 3802 non
913 3749 1054 3822 possunt
1077 3738 1282 3802 substantiae
1303 3737 1399 3818 spiri-

248 3841 354 3905 tuales
384 3861 444 3904 uec
474 3841 679 3905 substantiae
704 3841 863 3906 coelestes
891 3842 998 3907 facere
1025 3843 1084 3904 nisi
1115 3861 1191 3906 suas
1217 3839 1342 3922 species
1366 3849 1400 3901 et

249 3943 340 4009 nullo
355 3946 456 4008 modo
471 3943 639 4028 complere
653 3943 792 4009 effectus
807 3945 856 4008 eis
867 3945 991 4010 similes
1004 3947 1137 4010 nomine
1149 3955 1183 4009 et
1194 3941 1400 4017 definitionc3

248 4050 326 4131 quia
340 4059 421 4114 tunc
437 4048 552 4112 fierent
566 4049 679 4113 omnia
689 4049 872 4133 spiritualia
885 4061 919 4114 et
931 4050 1094 4128 coelestia,
1105 4059 1140 4114 et
1155 4049 1401 4113 destruerentur

249 4173 301 4216 res
316 4151 441 4217 multae
461 4167 548 4235 qnae
569 4161 646 4215 sunt
667 4153 711 4217 de
733 4154 979 4236 complemento
1002 4153 1152 4219 universi.
1196 4152 1275 4217 Non
1291 4150 1400 4215 solum

248 4259 430 4322 secundum
448 4267 575 4320 statum
590 4257 773 4340 praesentis
793 4278 916 4336 cursus,
931 4259 989 4322 sed
1012 4257 1206 4341 simpliciter
1226 4257 1290 4320 hoc
1312 4257 1400 4336 dico,

248 4363 325 4446 quia
340 4360 483 4426 finaliter
498 4359 603 4424 multa
621 4360 811 4426 auferentur
830 4362 966 4427 omnino
986 4383 1007 4426 a
1027 4382 1165 4425 numero
1185 4381 1293 4424 rerum
1314 4383 1399 4445 quae

248 4477 360 4531 tamen
390 4485 478 4528 nunc
509 4475 586 4528 sunt
615 4467 798 4530 neccssaria
828 4467 862 4528 in
894 4467 1019 4530 mundo
1049 4477 1186 4549 propter
1217 4467 1398 4548 hominem,

249 4579 383 4653 propter
405 4588 504 4651 quem
523 4567 707 4633 factasunt
728 4582 866 4635 caetera
913 4571 959 4634 Et
981 4579 1095 4634 tamen
1119 4569 1331 4634 nihilominus
1353 4591 1399 4634 ex

247 4684 365 4739 natura
394 4673 584 4757 particulari
615 4673 717 4757 ipsius
746 4674 952 4738 substantiae
976 4673 1156 4758 spiritualis
1181 4684 1215 4739 et
1240 4674 1324 4738 coeli
1347 4686 1399 4740 est
