3542 5359
619 643 735 704 PARS
759 642 921 702 PRIMA:
957 640 1045 702 CAP.
1073 642 1096 701 Ι.
1371 647 1430 715 4η

283 809 458 875 materiam
470 810 636 894 patientis,
647 820 811 893 quatenus
822 829 880 891 per
896 829 968 873 eam
985 805 1092 891 primo
1103 803 1225 870 iactam
1237 803 1342 888 possit
1354 803 1433 868 edu·

282 937 357 980 cere
375 917 418 980 de
432 915 583 999 potentia
598 914 756 979 materiae
769 912 925 978 effectum
945 910 1148 994 completum
1164 929 1264 993 quem
1284 907 1433 972 intendit.

283 1020 330 1085 Et
353 1020 429 1083 ideo
450 1021 532 1084 nulli
558 1018 697 1083 dubium
723 1028 775 1084 est
802 1019 883 1100 quin
910 1017 1038 1099 species
1064 1016 1108 1079 sit
1134 1016 1260 1099 primus
1285 1013 1431 1078 effectus.

283 1123 383 1207 Quod
406 1144 486 1188 vero
509 1125 571 1189 iste
591 1125 716 1206 primus
737 1123 874 1187 effectus
896 1121 1073 1204 cujuslibet
1096 1120 1224 1204 agentis
1242 1118 1434 1183 naturaliter

282 1228 399 1292 similis
427 1229 471 1292 sit
497 1229 527 1291 ei
553 1229 586 1291 in
613 1229 755 1293 essentia
778 1226 932 1310 specifica
962 1236 996 1290 et
1025 1236 1143 1290 natura
1173 1234 1206 1288 et
1233 1224 1434 1306 operatione,

284 1330 495 1397 manifestum
519 1343 571 1398 est
597 1353 641 1396 ex
668 1333 826 1407 dicendis,
850 1331 930 1414 quia
955 1349 1058 1412 agens
1085 1328 1226 1393 intendit
1252 1325 1434 1392 assimilare

283 1436 346 1499 sibi
364 1437 504 1520 patienS,
520 1457 560 1502 eo
582 1438 674 1520 quod
696 1437 834 1520 patiens,
858 1447 895 1500 ut
917 1434 989 1498 vult
1011 1433 1210 1499 Aristoteles
1233 1421 1268 1496 in
1285 1432 1371 1495 libro
1391 1432 1434 1496 de

285 1539 516 1618 Generatione,
538 1541 766 1606 universaliter
787 1549 837 1605 est
858 1542 892 1605 iu
915 1536 1012 1605 actu¹
1036 1538 1102 1603 tale
1128 1536 1226 1621 quale
1247 1547 1297 1601 est
1322 1556 1435 1618 agens,

283 1644 368 1709 sicut
381 1645 469 1708 idem
482 1646 580 1726 dicit;
604 1656 639 1712 et
654 1647 687 1709 in
700 1646 860 1729 principio
875 1655 926 1709 est
942 1645 1034 1709 dese
1050 1641 1224 1708 dissimile²
1234 1642 1346 1724 agenti
1357 1650 1436 1704 ante

283 1749 459 1830 actionem,
474 1760 508 1815 et
523 1771 584 1834 per
597 1750 763 1816 actionem
778 1750 816 1815 fit
831 1748 948 1824 simile,
962 1757 999 1811 ut
1017 1747 1117 1824 dicit3
1141 1757 1175 1811 et
1186 1767 1289 1831 agens
1304 1745 1433 1820 statim,

284 1855 421 1935 quando
442 1864 598 1937 operatur
619 1855 652 1918 in
676 1853 816 1938 patiens,
837 1852 999 1918 assimilat
1025 1851 1106 1916 illud
1129 1851 1167 1930 ei,
1191 1850 1325 1915 etfacit
1353 1849 1433 1912 illud

284 1958 415 2039 patiens
430 1979 502 2023 esse
517 1957 585 2023 tale
602 1958 701 2042 quale
719 1970 770 2023 est
791 1959 899 2041 ipsum
918 1978 1022 2041 agens
1043 1957 1076 2019 in
1098 1968 1185 2034 actu,
1200 1955 1285 2019 sicut
1303 1952 1435 2018 Aristo-

284 2060 368 2123 teies
387 2062 476 2127 dicit.
523 2063 570 2126 Et
592 2064 668 2128 ideo
691 2063 717 2129 si
741 2063 827 2146 ignis
850 2071 901 2126 est
923 2082 1033 2145 agens,
1051 2060 1129 2124 sacit
1152 2060 1273 2142 ignem,
1296 2059 1324 2122 si
1346 2056 1436 2123 calor

284 2163 436 2240 calorem,
461 2168 489 2230 si
510 2167 569 2232 lux
594 2167 713 2243 lucem,
737 2167 840 2231 etsie
863 2166 1089 2232 deomnibus.
1134 2163 1201 2228 Sed
1226 2163 1300 2246 plus
1325 2171 1436 2244 potest

284 2269 317 2332 in
341 2271 485 2352 primurn
507 2270 664 2337 effectum
687 2282 723 2336 et
744 2271 974 2335 immediatum
1001 2288 1102 2353 quam
1127 2269 1160 2331 in
1190 2268 1370 2332 secundum
1400 2277 1435 2330 et

285 2375 477 2453 mediatum,
506 2397 587 2457 ergo
618 2376 711 2440 illum
743 2376 888 2440 maxime
917 2374 1121 2438 assimilabit.
1177 2373 1316 2455 Propter
1344 2373 1435 2454 quod

286 2488 419 2560 oportet
442 2500 565 2561 ponere
587 2481 678 2563 quod
700 2481 814 2558 virtus,
834 2500 892 2544 seu
912 2479 1048 2561 species,
1073 2478 1161 2542 sacta
1181 2478 1224 2542 ab
1248 2489 1369 2562 agente
1391 2475 1436 2539 sit

286 2583 467 2646 consimilis
483 2586 592 2668 agenti
610 2593 735 2662 natura,
750 2583 951 2660 delinitione,
966 2595 999 2647 et
1020 2585 1053 2646 in
1071 2583 1213 2647 essentia
1232 2580 1384 2664 specifica
1402 2590 1436 2643 et

286 2687 489 2766 operatione.
536 2688 622 2752 Item
641 2690 749 2752 omnis
768 2690 940 2752 diversitas
963 2689 1005 2752 ad
1031 2688 1238 2752 identitatem
1264 2684 1437 2761 reducitur,

287 2801 320 2853 et
341 2791 483 2856 dualitas
505 2793 549 2855 ab
568 2795 696 2856 unitate
719 2794 891 2857 descendit
916 2802 949 2856 et
973 2813 1040 2856 non
1064 2813 1082 2856 e
1109 2790 1281 2864 contrario,
1305 2797 1339 2852 et
1362 2789 1438 2852 ideo

288 2894 412 2976 primus
437 2896 575 2961 effectus
605 2897 734 2981 agentis
758 2917 824 2961 nou
850 2905 961 2979 potest
984 2916 1056 2960 esse
1089 2896 1237 2959 diversus
1260 2894 1303 2957 ab
1333 2914 1373 2956 eo
1403 2892 1436 2955 in

287 3001 429 3064 essentia
448 2999 610 3083 specifica,
626 3013 663 3066 ut
682 3013 801 3084 postea
824 3012 977 3066 nascatur
999 2999 1176 3065 consimilis
1197 3006 1231 3061 et
1251 2996 1436 3062 uniformis

287 3103 375 3166 Nam
392 3108 438 3169 sic
459 3107 633 3171 diversitas
654 3117 741 3171 esset
762 3107 959 3189 principium
981 3105 1126 3184 unitatis,
1142 3105 1232 3186 quod
1251 3113 1301 3166 est
1321 3111 1438 3165 contra

286 3216 447 3274 naturam.
494 3211 580 3276 Item
595 3211 732 3275 effectus
756 3211 836 3274 lucis
856 3222 934 3275 sunt
952 3211 996 3284 hi,
1012 3209 1138 3274 scilicet
1160 3208 1286 3291 species
1308 3207 1387 3289 ejus,
1403 3215 1437 3269 et

286 3309 346 3375 lux
369 3326 528 3399 generata
550 3316 583 3378 in
607 3316 727 3386 medio,
749 3315 847 3394 calor,
871 3316 1076 3397 putrefactio,
1101 3335 1198 3391 morS,
1220 3313 1266 3376 sic
1292 3311 1437 3377 enimin

286 3437 322 3480 re
347 3421 588 3503 corrumpenda
610 3421 809 3484 ordinantur.
856 3419 924 3484 Sed
950 3441 1010 3483 nos
1033 3420 1184 3483 videmus
1206 3417 1297 3501 quod
1320 3417 1438 3482 tertius

286 3525 408 3605 gradus
423 3525 558 3589 effectus
575 3525 682 3609 magis
697 3525 800 3591 distat
817 3526 861 3589 ab
876 3534 997 3609 agente
1013 3524 1046 3587 in
1062 3535 1178 3588 natura
1194 3542 1295 3607 quam
1318 3541 1436 3585 secun·

286 3627 358 3702 dus,
374 3648 475 3709 quare
497 3631 660 3693 secundus
683 3630 790 3712 magis
813 3650 915 3712 quam
939 3629 1073 3711 primus,
1095 3628 1148 3693 vel
1170 3636 1267 3693 erunt
1291 3626 1378 3689 idem
1403 3625 1436 3688 in

286 3733 427 3796 essentia
456 3732 507 3795 vel
539 3753 683 3811 numero,
713 3743 747 3798 et
776 3734 840 3798 hoc
870 3744 920 3797 est
951 3733 1041 3816 quod
1072 3733 1281 3796 intendimus
1335 3729 1437 3794 Unde

285 3835 412 3916 species
435 3835 516 3900 lucis
537 3845 587 3899 est
610 3834 669 3899 lux
691 3837 768 3900 licet
786 3837 894 3918 primo
918 3835 1126 3920 incompleta,
1149 3845 1183 3901 et
1207 3845 1323 3917 postea
1344 3852 1436 3897 com-

287 3939 386 4020 pleta,
412 3939 446 4001 io
473 3941 591 4023 quibus
617 3949 729 4023 potest
754 3940 923 4023 compleri,
948 3951 985 4005 ut
1006 3942 1040 4005 in
1063 3939 1141 4003 luna
1163 3949 1197 4004 et
1219 3937 1331 4014 stellis,
1350 3956 1436 4021 quae

287 4053 365 4106 sunt
381 4045 543 4107 retentiva
556 4045 648 4110 lucis.

335 4147 422 4212 Item
443 4149 571 4230 species
592 4149 685 4233 ignis,
700 4149 727 4213 si
747 4170 814 4213 non
835 4159 886 4214 est
908 4148 1023 4214 similis
1045 4160 1164 4214 natura
1184 4158 1218 4211 et
1238 4145 1382 4211 essentia
1404 4153 1437 4207 et
1450 4150 1475 4200 1r
1486 4148 1592 4214 belongs

286 4249 478 4315 definitione
493 4253 570 4335 igni,
585 4264 622 4319 ut
637 4255 680 4318 sit
695 4254 728 4317 in
747 4256 865 4319 eadem
880 4255 992 4338 specie
1007 4252 1244 4340 specialissima
1262 4269 1337 4313 cum
1353 4249 1438 4332 igne,
1450 4215 1605 4346 ffiosse

285 4366 366 4420 tunc
387 4377 454 4421 non
474 4359 536 4422 erit
556 4359 589 4421 in
606 4359 718 4442 aliquo
743 4360 1023 4443 praedicamento
1039 4357 1131 4441 quod
1153 4367 1203 4421 est
1224 4351 1438 4437 impossibile,

317 4543 327 4573 ¹
343 4544 414 4607 This,
434 4545 521 4594 which
539 4545 561 4594 is
577 4545 622 4594 the
639 4546 748 4608 reading
763 4546 793 4595 oi
807 4546 848 4610 0,
866 4561 954 4595 seems
972 4545 1115 4608 preferable
1131 4551 1160 4594 to
1176 4543 1301 4605 potentin,
1314 4543 1401 4594 which
1416 4545 1439 4596 is

286 4627 341 4676 that
353 4628 383 4675 ol
391 4628 457 4689 Reg.
493 4628 531 4677 Ci
542 4629 583 4678 De
593 4629 758 4692 Gmemtrbne,
770 4629 787 4680 i.
802 4645 856 4692 cup.
868 4645 909 4680 21.

316 4703 327 4733 ¹
343 4706 398 4756 Not
408 4707 519 4766 difficile,
530 4707 632 4769 asiuJ.
