3542 5359
381 651 576 710 MORALIS
601 648 917 708 PHILOSOPHIA:
952 647 1066 706 PARS
1091 646 1276 720 QUARTA.
1344 661 1404 724 377

254 813 380 876 tissime
395 815 511 878 volunt
530 815 599 878 fieri
617 811 807 890 Christiani,
821 812 849 876 si
867 811 1015 876 Ecclesia
1030 810 1131 875 vellet
1151 809 1326 874 demittere
1346 830 1404 872 eos

255 918 288 978 in
304 939 365 981 sua
379 917 532 983 libertate
547 930 581 982 et
594 919 738 1001 gaudere
753 917 850 981 bonis
864 917 932 980 suis
948 917 980 978 in
996 934 1078 998 pace
1087 913 1107 978 ¹.
1143 913 1211 978 Sed
1225 912 1403 978 Christiani

255 1023 418 1105 principes
441 1024 497 1104 qui
524 1025 677 1087 laborant
702 1023 745 1086 ad
771 1041 885 1085 eorum
916 1020 1171 1098 conversionem,
1196 1029 1230 1081 et
1257 1019 1403 1082 maxime

255 1125 372 1189 fratres
387 1128 429 1189 de
446 1128 550 1192 domo
561 1127 746 1191 Teutonica
760 1125 877 1188 volunt
899 1146 956 1188 eos
976 1125 1132 1188 reducere
1148 1124 1180 1185 in
1199 1123 1403 1199 servitutem,

254 1231 338 1292 sicut
354 1240 479 1293 certum
495 1240 545 1294 est
558 1230 823 1294 Predicatoribus
838 1240 872 1292 et
888 1229 1072 1291 Minoribus
1087 1239 1121 1290 et
1137 1227 1210 1290 aliis
1220 1227 1298 1288 viris
1310 1227 1405 1290 bonis

255 1353 313 1414 per
338 1343 445 1396 totam
472 1334 706 1398 Alemanniam
732 1344 767 1398 et
795 1332 975 1396 Poloniam.
1023 1331 1067 1394 Et
1094 1331 1169 1394 ideo
1197 1339 1404 1412 repugnant3

254 1437 343 1500 unde
356 1449 472 1501 eontra
487 1440 678 1503 violentiam
695 1440 860 1517 resistunt,
874 1457 942 1502 non
958 1437 1075 1499 rationi
1092 1445 1202 1498 sectae
1219 1434 1371 1499 melioris.

299 1540 428 1605 Deinde
455 1562 629 1624 persuasor
650 1553 761 1606 sectae
787 1541 895 1606 fidelis
916 1541 1017 1604 habet
1041 1561 1085 1603 ex
1109 1549 1203 1622 parte
1224 1538 1402 1621 Metaphy-
1419 1551 1456 1614 (2)
1474 1550 1563 1600 secon-

253 1645 339 1707 sicae
368 1657 403 1709 et
433 1647 526 1709 istius
558 1645 725 1712 Scientiae
757 1645 894 1709 Moralis
924 1645 1012 1708 unde
1043 1663 1101 1726 per
1131 1643 1233 1706 alium
1265 1642 1402 1705 modum
1417 1615 1571 1747 fflffiff

252 1750 410 1832 arguendi
442 1753 622 1832 procedat;
658 1751 748 1834 quod
774 1751 852 1814 volo
883 1752 985 1813 modo
1013 1749 1156 1824 innuere,
1179 1746 1285 1810 donec
1311 1766 1402 1810 com·
1416 1747 1494 1797 afim

254 1852 384 1935 pleatur
419 1853 603 1939 scriptura²
635 1877 736 1938 quam
766 1855 888 1918 Vestra
926 1852 1099 1918 Celsitudo
1135 1851 1295 1932 deposcit
1356 1851 1403 1916 Et
1417 1830 1499 1865 ω’

253 1958 388 2038 quidem
416 1958 542 2024 homini
569 1962 729 2024 industrio
755 1970 789 2023 et
815 1958 1036 2024 consideranti
1058 1955 1241 2019 efficaciam
1266 1955 1402 2019 rationis

253 2073 364 2146 potest
384 2067 524 2146 proponi
547 2076 709 2148 tanquam
725 2064 922 2146 receptibile,
937 2064 1027 2145 quod
1049 2082 1168 2125 causae
1192 2081 1258 2124 non
1275 2061 1403 2124 vadunt

253 2168 285 2228 in
303 2167 479 2243 infinitum,
495 2170 651 2250 quoniam
677 2190 742 2232 non
761 2178 901 2253 possunt
923 2187 995 2230 esse
1011 2186 1071 2230 nec
1093 2163 1230 2246 intelligi
1247 2163 1401 2229 infinitae

253 2269 377 2333 Omnia
399 2274 487 2334 enim
510 2293 596 2355 quae
618 2283 696 2337 sunt
718 2285 752 2336 et
774 2293 861 2356 quae
884 2271 1113 2354 intelliguntur
1133 2278 1209 2332 sunt
1234 2268 1267 2332 in
1291 2268 1403 2350 aliquo

252 2395 390 2437 numero
411 2378 661 2457 comprehensa,
683 2388 719 2441 ut
741 2378 823 2440 dicit
838 2374 1039 2439 Aristoteles
1057 2374 1155 2437 tertio
1176 2373 1403 2454 Physicorum.

254 2479 331 2542 Non
346 2491 398 2544 est
414 2481 513 2561 igitur
527 2502 627 2546 causa
641 2493 721 2546 ante
735 2502 868 2546 causam
883 2482 917 2545 in
933 2481 1105 2544 infinitum.
1138 2478 1230 2559 Ergo
1245 2479 1400 2541 standum

252 2593 303 2645 est
318 2584 361 2646 ad
374 2585 520 2666 aliquam
540 2607 674 2650 causam
689 2589 840 2670 primam,
855 2605 941 2668 quae
962 2604 1027 2648 non
1045 2584 1147 2646 habet
1168 2603 1302 2647 causam
1324 2595 1403 2645 ante

252 2708 295 2759 se,
322 2699 354 2750 et
377 2690 488 2753 omnis
512 2689 690 2754 multitudo
712 2692 756 2754 ad
779 2692 939 2754 unitatem
964 2689 1138 2752 reducitur.
1186 2687 1231 2750 Et
1255 2689 1285 2749 in
1309 2688 1401 2749 omni

251 2811 371 2873 genere
386 2805 437 2858 est
453 2815 554 2857 unum
571 2796 714 2876 primum
730 2796 772 2858 ad
792 2796 883 2876 quod
900 2804 1030 2857 caetera
1043 2793 1249 2856 reducuntur.
1280 2791 1401 2873 Quare,

252 2897 280 2958 si
291 2897 373 2960 haec
384 2898 427 2962 sit
439 2918 537 2962 causa
548 2903 665 2981 prima,
678 2920 744 2963 non
755 2899 881 2962 habens
893 2899 992 2962 aliam
1005 2917 1138 2962 causam
1151 2910 1229 2960 ante
1240 2916 1284 2971 se,
1296 2897 1400 2959 mani-

251 2999 373 3063 festum
388 3005 542 3084 estquod
560 3025 627 3066 non
651 3004 758 3068 exivit
777 3005 810 3066 in
826 3023 901 3066 esse
922 3023 982 3086 per
996 3021 1140 3077 causam,
1157 3019 1217 3063 nec
1240 3001 1330 3063 aliud
1351 3011 1401 3063 est

252 3125 351 3168 causa
365 3107 415 3168 sui
431 3127 513 3184 esse,
528 3128 590 3170 nec
606 3107 684 3171 lacit
705 3129 742 3171 se
760 3129 833 3171 esse
848 3118 925 3189 post
941 3127 1008 3170 non
1024 3126 1106 3183 esse,
1121 3105 1199 3187 quia
1214 3116 1303 3178 tunc,
1318 3105 1398 3168 dum

252 3229 317 3272 non
338 3221 436 3286 esset,
452 3212 590 3278 haberet
604 3234 689 3291 esse,
705 3225 740 3277 ut
756 3213 878 3276 laceret
899 3233 935 3275 se
954 3231 1035 3275 esse.
1080 3210 1191 3275 Omne
1205 3211 1293 3272 enim
1310 3211 1400 3291 quod

251 3312 329 3377 facit
344 3314 433 3378 aliud
451 3337 523 3380 esse
538 3329 615 3400 post
631 3339 696 3381 non
711 3339 793 3392 esse,
808 3320 911 3381 habet
927 3336 998 3380 esse
1014 3318 1095 3379 dum
1116 3315 1179 3378 hoc
1199 3315 1296 3390 sacit;
1321 3333 1401 3398 ergo

252 3420 332 3482 nihil
343 3431 394 3484 est
409 3442 508 3485 causa
519 3424 569 3486 sui
581 3443 661 3486 esse.
686 3422 900 3504 Quapropter
910 3423 991 3485 haec
1001 3441 1101 3484 causa
1112 3421 1219 3502 prima
1231 3441 1400 3502 nunquam

250 3523 366 3588 habuit
389 3545 455 3588 non
478 3547 558 3603 esse,
573 3547 653 3610 ergo
676 3547 805 3609 semper
820 3528 892 3590 luit.
938 3525 1004 3590 Sed
1028 3527 1055 3589 si
1078 3524 1151 3602 hoc,
1168 3537 1247 3588 tunc
1270 3544 1400 3607 semper

250 3639 310 3694 est.
356 3628 525 3711 Quoniam
549 3632 655 3696 multa
676 3642 751 3695 sunt
773 3652 859 3713 quae
879 3651 1011 3713 semper
1027 3641 1132 3708 erunt,
1150 3641 1184 3695 et
1200 3639 1312 3693 tamen
1334 3649 1400 3692 non

249 3753 382 3816 semper
396 3732 535 3811 luerunt,
558 3747 594 3799 ut
617 3736 749 3818 Angeli,
772 3746 807 3799 et
829 3736 986 3813 Animae,
1009 3747 1043 3799 et
1067 3733 1215 3808 Coelum,
1233 3744 1266 3796 et
1289 3732 1400 3808 Terra,

250 3851 284 3906 et
299 3839 498 3920 hujusmodi.
545 3841 590 3904 Et
606 3843 682 3904 ideo
703 3841 785 3904 illud
806 3843 896 3923 quod
917 3860 1085 3921 nunquam
1106 3839 1224 3902 habuit
1242 3857 1307 3899 non
1329 3857 1399 3900 esse

249 3946 347 4028 longe
377 3944 503 4011 sacilius
532 3949 739 4012 conservabit
770 3967 867 4010 suum
898 3966 969 4009 esse
1000 3947 1032 4007 in
1063 3955 1244 4006 aeternum.
1297 3939 1399 4022 Quod

248 4053 351 4115 etiam
373 4071 542 4132 nunquam
565 4052 683 4115 habuit
706 4072 770 4114 non
793 4072 865 4114 esse
888 4061 939 4123 est
962 4050 1153 4132 elongatum
1178 4049 1210 4109 in
1234 4045 1398 4108 infinitum

248 4175 350 4218 anon
371 4176 463 4232 esse3
489 4167 524 4219 et
545 4157 621 4220 ideo
645 4157 847 4238 impossibile
870 4155 1032 4238 estquod
1057 4153 1153 4215 cadat
1174 4153 1206 4213 in
1231 4170 1296 4211 non
1319 4169 1398 4212 esse.

251 4261 318 4323 Res
340 4263 429 4324 enim
450 4261 582 4344 aliquae
603 4282 689 4344 quae
712 4263 885 4325 exiverunt
910 4262 943 4322 in
966 4279 1038 4323 esse
1062 4266 1201 4341 possunt
1224 4275 1290 4317 non
1317 4275 1399 4334 esse,
1453 4331 1456 4336 Ι

248 4367 327 4447 quia
357 4385 424 4429 non
458 4379 508 4429 est
537 4367 664 4430 infinita
693 4386 806 4430 earum
836 4365 1006 4448 elongatio
1035 4384 1055 4427 a
1085 4380 1151 4425 non
1181 4381 1262 4425 esse.
1309 4360 1398 4423 Nam

284 4529 289 4556 ¹
309 4531 378 4580 Such
390 4547 407 4579 a
417 4532 491 4579 word
503 4545 532 4578 as
544 4532 642 4581 sineret
653 4547 738 4581 seems
750 4540 777 4580 to
788 4531 820 4580 be
832 4530 946 4580 wanted.
998 4485 1017 4514 θ

280 4609 292 4642 ²
308 4611 428 4660 Another
444 4611 578 4661 reference
595 4619 622 4662 to
640 4613 686 4660 the
705 4612 828 4673 scriptum
849 4608 991 4672 principale
1007 4609 1093 4658 which
1112 4607 1200 4656 Bacon
1220 4607 1321 4668 always
1339 4606 1400 4668 kept

246 4691 334 4742 before
349 4693 412 4742 him.
