3542 5359
517 555 716 662 scrzlvrm
742 599 1133 660 nxpznmnvrzzrs.
1341 611 1400 677 175

668 850 895 917 anrrunux
919 849 979 916 1v.

292 1005 474 1090 Postquam
496 1015 609 1071 autem
630 1005 843 1072 conformiter
862 1004 1162 1089 impressionibus
1152 1024 1186 1067 m
1206 1023 1290 1077 aere,
1307 1005 1397 1069 iridis
1411 1024 1535 1073 ammte

245 1110 370 1176 scilicet
400 1131 540 1176 coronae
570 1119 604 1174 et
630 1111 751 1193 virgae,
778 1111 825 1172 sic
852 1110 1036 1173 invenimus
1061 1107 1188 1174 colores
1213 1119 1248 1173 et
1273 1089 1557 1204 figurasgffffim·

244 1216 363 1294 varias,
385 1216 620 1282 confirmamur
641 1224 675 1278 et
701 1214 888 1279 excitamur
910 1214 1052 1278 multum
1077 1215 1120 1278 ad
1146 1213 1441 1336 intelligendambe
1411 1221 1519 1270 relation

245 1321 417 1385 veritatem
432 1321 465 1384 in
487 1320 539 1383 his
554 1340 640 1403 quae
656 1319 689 1383 in
706 1319 799 1384 coelo
815 1320 1022 1403 contingunt
1068 1318 1114 1382 Et
1134 1318 1270 1383 ulterius
1285 1318 1395 1401 capiat
1409 1288 1554 1402 ,Ῑζζῗξοῑ

245 1426 529 1508 experimentator
543 1424 799 1488 instrumentum
809 1422 971 1498 debitum,
983 1434 1018 1488 et
1029 1421 1172 1487 inveniat
1186 1422 1394 1486 altitudinem
1408 1417 1516 1532 323?

244 1527 324 1591 solis
347 1549 446 1613 super
464 1529 646 1604 horizonta,
662 1537 696 1592 et
718 1529 934 1592 instrumento
955 1527 1117 1593 immobili
1140 1537 1296 1590 manente
1314 1547 1395 1590 con·
1408 1549 1551 1598 summitol

243 1643 353 1698 vertat
368 1653 403 1696 se
418 1633 452 1696 in
467 1635 658 1717 oppositam
674 1643 801 1718 partem
821 1643 855 1697 et
869 1633 1008 1716 aspiciat
1023 1653 1083 1715 per
1098 1630 1285 1696 foramina
1276 1640 1395 1694 rnstru-
1408 1614 1528 1664 ninbow.

245 1739 358 1812 menti,
374 1737 481 1801 donec
495 1738 608 1802 videat
622 1737 858 1820 gibbositatem
874 1737 967 1800 iridis
981 1756 1179 1819 supremam,
1195 1747 1229 1799 et
1244 1735 1396 1819 respiciat

245 1840 453 1905 altitudinem
477 1840 568 1905 iridis
590 1863 689 1925 super
711 1841 903 1915 horizonta;
933 1849 967 1904 et
989 1841 1131 1905 inveniet
1156 1841 1245 1923 quod
1272 1849 1397 1922 quanto

245 1945 296 2010 sol
316 1957 368 2011 est
387 1947 494 2024 altius,
508 1957 604 2010 tanto
624 1947 678 2010 iris
695 1956 746 2011 est
767 1943 910 2022 inferius,
924 1954 958 2009 et
976 1965 996 2008 e
1014 1965 1174 2010 converso
1183 1941 1205 2008 ¹.
1251 1946 1313 2008 Per
1333 1946 1397 2010 hoc

245 2051 306 2116 scit
326 2053 417 2134 quod
440 2052 495 2116 iris
512 2071 643 2136 semper
662 2051 764 2115 estin
784 2049 939 2134 opposito
959 2049 1049 2124 solis
1064 2060 1097 2113 et
1115 2049 1206 2132 quod
1223 2050 1311 2113 linea
1331 2069 1397 2113 una

245 2157 361 2221 transit
380 2177 438 2240 per
459 2167 608 2221 centrum
631 2154 719 2230 solis,
739 2166 772 2218 et
791 2175 849 2237 per
867 2165 1017 2218 centrum
1037 2154 1122 2218 oculi
1145 2154 1340 2235 aspicientis,
1362 2162 1397 2216 et

244 2281 303 2344 per
324 2270 471 2325 centrum
496 2261 583 2324 iridis
606 2280 709 2344 usque
731 2260 773 2322 ad
798 2259 893 2321 nadir
913 2257 999 2336 solis,
1015 2259 1105 2341 quod
1129 2269 1178 2322 est
1201 2268 1343 2340 punctus
1364 2258 1397 2320 in

244 2366 338 2430 coelo
360 2365 531 2449 oppositus
555 2375 667 2430 centro
690 2363 777 2428 solis.
824 2364 870 2428 Et
885 2364 1067 2427 secundum
1089 2364 1179 2446 quod
1202 2364 1397 2426 extremitas

244 2468 328 2532 illius
351 2469 457 2533 lineae
479 2490 593 2534 versus
615 2467 719 2532 solem
741 2469 889 2532 elevatur
911 2487 1010 2550 super
1036 2467 1250 2542 horizontem,
1272 2466 1397 2550 reliqua

245 2575 448 2655 deprimitur,
475 2593 561 2656 quae
587 2593 647 2654 per
673 2580 823 2636 centrum
851 2572 941 2636 iridis
967 2573 1091 2649 transit,
1114 2582 1148 2635 et
1174 2593 1193 2635 e
1219 2591 1396 2649 converso;

245 2676 330 2740 sicut
352 2687 403 2740 est
425 2678 467 2740 de
490 2677 602 2758 regula
625 2677 658 2739 in
680 2677 779 2740 dorso
801 2675 979 2752 astrolabii,
1002 2675 1094 2757 cujus
1117 2694 1183 2739 una
1203 2677 1397 2739 extremitas

245 2781 440 2863 deprimitur
461 2780 644 2844 secundum
667 2782 758 2862 quod
785 2779 890 2843 altera
912 2778 1070 2843 elevatur.
1115 2777 1162 2843 Et
1187 2780 1395 2859 experimen·

245 2893 333 2949 tator
359 2885 523 2968 perfectus
548 2893 661 2968 potest
691 2884 833 2965 experiri
858 2885 901 2948 ad
933 2884 1005 2955 hoc,
1033 2883 1125 2964 quod
1158 2882 1303 2946 inveniat
1334 2903 1394 2965 op·

244 2989 388 3071 positam
410 2988 621 3054 altitudinem
646 2988 736 3053 iridis
759 2997 793 3051 et
815 2986 903 3063 solis,
924 2988 1049 3052 scilicet
1071 2985 1162 3049 illam
1186 2985 1272 3050 ultra
1294 3006 1394 3068 quam

245 3113 311 3158 non
332 3103 445 3178 potest
462 3114 533 3157 esse
556 3093 647 3156 iridis
668 3093 841 3175 apparitio.
880 3092 927 3156 Et
945 3101 1025 3156 tunc
1039 3100 1171 3174 oportet
1186 3091 1395 3154 considerare

244 3198 404 3262 rationem
419 3197 604 3262 altitudinis
620 3197 823 3261 circulorum.

287 3301 573 3366 Considerandum
600 3310 651 3365 est
677 3321 756 3384 ergo
778 3301 982 3364 horizontem
1012 3321 1085 3364 esse
1110 3299 1277 3376 circulum,
1299 3311 1333 3363 et
1360 3299 1393 3362 in
1408 3320 1545 3370 Definition

242 3416 358 3470 centro
377 3405 449 3488 ejus
464 3405 583 3469 elevari
606 3425 705 3469 axem
722 3425 826 3488 usque
842 3407 875 3468 in
891 3404 1020 3468 coelum
1040 3403 1210 3469 stellatum
1225 3405 1267 3468 ad
1285 3405 1393 3469 zenith
1407 3387 1522 3503 ζξξίξαῗ

243 3511 360 3594 capitis
374 3510 571 3593 aspicientis,
587 3519 621 3573 et
637 3519 782 3574 transeat
797 3530 881 3574 unus
896 3509 1035 3573 circulus
1050 3531 1109 3593 per
1125 3509 1217 3573 illum
1233 3519 1393 3590 punctum
1407 3518 1521 3569 altitude.

242 3625 277 3680 et
299 3635 359 3697 per
381 3616 462 3678 duas
485 3624 597 3697 partes
618 3613 808 3691 horizontis,
827 3624 863 3677 ut
886 3613 914 3676 si
935 3613 1074 3677 velimus
1097 3634 1157 3697 per
1178 3613 1337 3679 orientem
1360 3623 1395 3678 et

242 3720 458 3792 occidentem,
488 3728 521 3782 et
553 3719 616 3781 sub
646 3727 733 3782 terra
758 3715 903 3781 declinet
934 3739 1039 3800 usque
1068 3720 1112 3782 ad
1144 3729 1302 3800 punctum
1333 3725 1394 3801 op-

242 3825 387 3907 positum
406 3821 516 3886 zenith
532 3822 658 3904 capitis.
704 3821 750 3886 Et
766 3821 819 3885 hic
834 3821 976 3886 circulus
992 3831 1041 3886 est
1057 3821 1197 3886 circulus
1211 3821 1394 3885 altitudinis

241 3927 358 3991 stellae
381 3925 480 4000 fixae,
503 3937 538 3991 et
564 3925 680 3989 transit
706 3947 764 4009 per
790 3946 911 4009 corpus
936 3925 1017 4008 ejus,
1039 3946 1117 3990 nam
1140 3926 1275 4008 quando
1297 3924 1394 3989 stella

241 4031 346 4094 oritur
378 4051 475 4113 super
503 4030 718 4108 horizontem,
744 4029 882 4094 dicimus
911 4031 1001 4112 quod
1031 4030 1181 4094 ascendit
1210 4028 1393 4092 secundum

240 4137 363 4218 gradus
381 4134 465 4198 illios
480 4133 593 4198 circuli
612 4134 719 4198 donec
737 4135 826 4198 venit
844 4136 886 4196 ad
906 4133 1026 4199 lineam
1047 4132 1204 4196 meridiei.
1250 4132 1296 4196 Et
1314 4141 1393 4197 tunc

241 4248 293 4304 est
308 4239 341 4302 in
358 4239 507 4302 maxima
522 4238 707 4317 altitudine,
722 4249 756 4304 et
771 4238 824 4304 hic
842 4237 982 4302 circulus
997 4239 1171 4303 intersecat
1188 4237 1392 4301 horizontem

274 4409 282 4440 ¹
298 4410 323 4471 J.
336 4411 407 4468 here,
419 4411 470 4459 and
482 4427 498 4459 n
510 4411 561 4459 lew
572 4411 639 4459 lines
651 4409 752 4459 further
762 4426 806 4470 on,
818 4410 892 4470 gives
903 4425 960 4471 ergo
970 4408 1057 4457 which
1069 4408 1171 4457 vitiata
1183 4408 1227 4455 the
1244 4408 1391 4468 reasoning.

239 4489 279 4539 Aa
290 4490 334 4539 the
344 4491 513 4539 well-known
526 4490 701 4539 abbreviation
714 4490 745 4538 os
757 4489 901 4537 econtrario
915 4489 938 4536 is
948 4488 1094 4549 accurately
1106 4487 1264 4548 interpreted
1279 4487 1305 4534 in
1318 4488 1394 4536 other

240 4577 311 4631 parts
329 4569 359 4618 oi
378 4569 422 4619 the
438 4569 523 4628 work,
540 4570 585 4618 the
602 4569 682 4618 doubt
705 4582 796 4616 occurs
811 4567 931 4616 whether
945 4565 998 4616 this
1013 4566 1085 4615 sixth
1102 4571 1160 4627 part
1176 4567 1331 4615 underwent
1346 4565 1393 4626 J.’s

240 4649 360 4711 personnl
374 4647 493 4697 revision.
