3542 5359
555 622 670 682 PARS
694 621 859 681 PRIMA:
886 621 976 680 CAP.
1004 619 1063 679 111.
1326 633 1385 696 431

280 785 337 850 Ex
353 786 429 851 his
420 786 519 868 igitur
533 786 682 868 sequitur
704 784 911 849 corollarium
915 784 1075 866 ,quod
1048 803 1117 848 srve
1137 783 1169 846 in
1189 782 1345 846 medio
1319 801 1387 845 sive
1400 785 1499 849 spectes
1510 784 1540 832 0¹

236 892 269 954 in
280 912 385 968 sensu,
394 891 464 954 sive
478 891 512 954 in
524 890 694 955 intellectu
706 891 772 953 sint
787 889 915 972 species
927 887 1135 965 universales,
1151 895 1284 972 oportet
1295 887 1386 969 quod
1400 851 1526 966 &iffi

237 995 361 1058 ibidem
377 996 443 1059 sint
459 995 586 1077 species
600 993 828 1077 singulares
798 1014 845 1056 ers
861 993 1108 1076 respondentes
1155 991 1201 1056 Et
1220 992 1297 1055 ideo
1321 1011 1387 1055 non
1401 984 1433 1032 5²⁵
1444 990 1526 1046 ΨΜ·

237 1099 388 1182 intelligo
402 1100 493 1180 quod
512 1100 546 1162 in
567 1099 738 1163 intellectu
756 1097 869 1180 aliquo
891 1107 1003 1162 creato
1023 1097 1089 1162 sint
1108 1104 1239 1160 tanturn
1260 1096 1387 1178 species

237 1203 437 1267 universales
457 1203 545 1267 fixae
567 1203 640 1266 sine
661 1202 881 1286 singularibus
899 1202 1082 1286 speciebus
1098 1212 1135 1266 ut
1162 1222 1219 1284 per
1242 1200 1387 1284 applica-

236 1309 363 1372 tionem
386 1307 564 1372 multarum
581 1307 699 1372 talium
716 1309 899 1389 specierum
920 1305 1161 1382 universalium,
1176 1324 1316 1386 quarum
1337 1285 1388 1368 res

238 1411 437 1476 universales
448 1414 515 1477 sint
527 1413 559 1474 in
570 1412 685 1495 aliquo
698 1411 867 1475 individuo
876 1410 1015 1491 alicujus
1026 1409 1156 1492 speciei,
1168 1409 1227 1474 fiat
1238 1408 1388 1492 cognitio

238 1517 281 1580 de
305 1516 364 1579 tali
388 1537 422 1579 re
446 1516 612 1600 singulari.
658 1515 858 1599 Quanquam
881 1525 916 1578 et
939 1515 1010 1598 ipsa
1039 1513 1221 1598 applicatio
1247 1522 1388 1576 nonest

239 1621 318 1683 mihi
336 1619 556 1704 intelligibilis
601 1619 670 1685 Sed
686 1620 728 1683 de
743 1620 794 1683 his
810 1618 1006 1685 tractabitur
1020 1619 1102 1684 alias
1117 1618 1184 1682 suis
1199 1617 1288 1680 locis.

282 1725 338 1787 Ex
354 1725 452 1789 dictis
468 1726 500 1788 in
515 1725 579 1789 hoc
594 1725 739 1808 capitulo
755 1735 857 1808 patet,
872 1726 964 1806 quod
980 1744 1055 1788 cum
1070 1725 1239 1805 quaeritur
1259 1722 1388 1786 univer-

239 1828 349 1892 saliter
364 1829 407 1892 de
422 1829 513 1892 omni
528 1829 638 1911 specie
654 1831 687 1892 in
708 1829 819 1896 medio
833 1849 876 1892 an
896 1830 938 1892 sit
953 1828 1140 1892 substantia
1154 1827 1205 1890 vel
1226 1826 1388 1906 accidens,

239 1933 328 1996 nulla
350 1944 401 1998 est
423 1935 585 2016 quaesti0,
600 1943 634 1998 et
655 1934 807 1997 similiter
826 1953 869 1996 an
892 1933 1018 2016 species
1041 1932 1084 1994 sit
1106 1932 1276 2013 quoddam
1298 1951 1387 1996 com-

238 2038 384 2121 positum
408 2037 460 2101 vel
484 2039 638 2122 simplex,
660 2048 694 2102 ct
717 2059 761 2102 an
791 2036 976 2101 universale
1000 2036 1053 2100 vel
1078 2035 1252 2119 singulare.
1299 2035 1388 2098 Nam

239 2143 366 2226 species
388 2142 596 2208 substantiae
622 2152 673 2206 est
702 2141 900 2218 substantia,
927 2149 960 2203 et
982 2140 1110 2221 species
1132 2139 1314 2203 accidentis
1339 2147 1389 2202 ast

239 2247 401 2324 accidens,
429 2256 464 2310 et
494 2249 620 2330 species
648 2246 825 2330 compositi
855 2253 907 2309 est
936 2243 1169 2325 compositum,
1200 2253 1233 2306 et
1263 2242 1390 2326 species

239 2351 397 2435 simplicis
426 2361 479 2414 est
508 2351 665 2434 simplex,
690 2358 728 2413 ut
758 2348 914 2412 materiae
943 2348 1071 2431 species
1099 2357 1151 2410 est
1179 2350 1326 2426 materia,
1356 2358 1390 2410 et

240 2454 365 2518 formae
388 2454 503 2531 forma,
517 2464 551 2518 et
573 2455 698 2537 species
721 2455 768 2516 rei
790 2452 982 2518 universalis
997 2461 1049 2516 est
1063 2449 1266 2530 universalis,
1288 2459 1321 2514 et
1345 2451 1391 2514 rei

240 2558 414 2641 singularis
429 2568 479 2622 est
494 2558 678 2642 singularis.
729 2557 819 2640 Quia
839 2557 984 2621 breviter
999 2556 1184 2630 dicendum,
1199 2556 1289 2638 quod
1309 2555 1392 2619 sicut

241 2683 277 2726 se
307 2662 408 2725 habet
429 2662 582 2727 accidens
604 2663 647 2727 ad
665 2662 896 2739 substantiam,
918 2670 952 2726 et
973 2659 1078 2724 forma
1100 2661 1143 2724 ad
1160 2660 1342 2736 materiam,
1358 2669 1392 2722 et

241 2767 425 2829 universale
442 2766 485 2829 ad
502 2766 676 2849 singulare,
691 2766 824 2843 scilicet,
839 2766 931 2848 quod
955 2765 1081 2829 nullum
1099 2763 1235 2828 istorum
1252 2774 1302 2828 est
1323 2763 1392 2827 sine

241 2891 302 2934 suo
332 2870 489 2954 compari,
520 2870 568 2935 sic
602 2890 638 2935 se
671 2870 772 2934 habet
806 2869 933 2953 species
962 2869 1143 2934 accidentis
1172 2868 1215 2931 ad
1245 2869 1391 2951 speciem

242 2976 454 3055 substantiae,
470 2985 504 3038 et
526 2975 652 3057 species
670 2975 827 3039 materiae
842 2974 885 3038 ad
901 2975 1045 3057 speciem
1062 2971 1197 3049 formae,
1212 2981 1246 3036 et
1266 2973 1392 3055 species

242 3080 288 3143 rei
311 3079 500 3144 universalis
526 3079 571 3143 ad
593 3079 739 3163 speciem
762 3080 807 3143 rei
827 3079 1012 3162 singularis,
1036 3078 1083 3142 ita
1103 3078 1195 3162 quod
1222 3076 1311 3142 nulla
1340 3085 1391 3140 est

242 3204 355 3247 earum
375 3184 448 3248 sine
467 3205 527 3248 sua
541 3186 640 3259 socia.

645 3378 872 3445 cinnoma
900 3376 987 3445 111¹.

288 3536 417 3599 Habito
444 3536 487 3600 de
509 3546 640 3618 agente,
661 3547 905 3618 consequenter
925 3535 1199 3601 considerandum
1223 3533 1266 3597 de
1292 3535 1392 3599 modo
1407 3543 1475 3593 How
1487 3559 1528 3591 are

242 3642 373 3720 agendi,
394 3641 485 3722 quod
510 3649 560 3704 est
584 3641 719 3703 tertium
746 3639 799 3703 hic
826 3640 1014 3723 principale,
1039 3649 1072 3703 et
1097 3639 1198 3703 habet
1222 3649 1289 3703 tres
1313 3659 1392 3703 con·
1406 3611 1501 3740 {ff

243 3743 414 3806 clusiones.
460 3742 611 3825 Quarum
629 3746 736 3828 prima
751 3745 920 3826 estquod
940 3763 1005 3806 non
1026 3753 1137 3825 potest
1157 3745 1284 3827 species
1302 3743 1393 3806 exire
1406 3741 1495 3806 &10⁶²

276 3911 286 3941 ¹
302 3913 366 3961 This
376 3913 484 3975 chapter
495 3913 617 3962 deserves
626 3913 723 3976 special
737 3914 875 3974 attention,
887 3929 916 3962 as
926 3913 1064 3976 justilying
1074 3913 1145 3961 what
1156 3912 1204 3960 has
1216 3912 1282 3960 been
1294 3912 1351 3962 said
1367 3912 1393 3960 in

243 3991 289 4041 the
300 3999 361 4039 note
373 4007 406 4039 on
417 4007 443 4053 pt
454 3993 514 4051 408,
525 3993 582 4041 that
597 3992 696 4054 though
708 3993 753 4040 the
764 3993 839 4041 word
852 3993 940 4056 speaks
951 3992 1041 4041 recalls
1053 3991 1097 4039 the
1108 3990 1187 4040 crude
1200 3990 1356 4052 philosophy
1368 3990 1397 4038 oi

243 4070 415 4130 emanatione,
426 4070 484 4118 best
496 4069 592 4118 known
604 4078 631 4119 to
643 4087 674 4119 us
685 4071 797 4134 through
808 4071 853 4120 the
864 4086 940 4134 poem
953 4071 984 4119 ol
997 4071 1139 4128 Lucretius,
1150 4070 1177 4117 in
1196 4067 1306 4117 Bacon's
1322 4068 1394 4117 mind

243 4149 263 4196 it
274 4148 325 4196 had
337 4149 429 4196 almost
440 4148 552 4209 entirely
561 4148 613 4196 lost
623 4150 680 4198 that
691 4151 867 4212 connotation,
877 4150 930 4198 and
940 4150 962 4206 is
969 4150 1033 4198 used
1042 4163 1072 4197 as
1080 4149 1124 4197 the
1132 4148 1208 4196 word
1217 4163 1273 4208 ray,
1280 4155 1393 4205 current,

242 4243 273 4275 or
289 4227 440 4275 undulation
458 4227 540 4288 might
554 4227 587 4275 be
602 4228 666 4276 used
681 4228 717 4290 by
729 4243 746 4276 a
758 4229 867 4276 modern
882 4229 1009 4288 scientist,
1024 4234 1052 4275 to
1068 4241 1177 4288 express
1193 4226 1278 4275 aetion
1296 4226 1327 4274 ot'
1342 4241 1393 4275 one

243 4307 313 4366 body
325 4322 359 4354 on
370 4306 495 4354 another:
513 4307 558 4354 the
574 4305 762 4367 multiplicatiora
773 4307 896 4370 osspeo‘es
909 4305 1065 4368 expressing
1076 4305 1120 4353 the
1132 4305 1277 4365 continuity
1289 4304 1319 4352 ol
1329 4306 1392 4353 such

242 4387 337 4444 action,
350 4384 377 4432 in
389 4385 464 4433 other
474 4385 571 4446 worda,
583 4386 629 4434 the
645 4386 816 4447 propagation
829 4401 859 4434 or
870 4385 995 4434 radiation
1010 4383 1040 4432 ol
1053 4383 1130 4432 soree.
1165 4383 1239 4431 With
1257 4384 1349 4444 regar-d
1366 4390 1394 4431 to

243 4464 288 4512 the
299 4472 358 4526 part
370 4463 446 4512 taken
458 4463 494 4524 by
505 4465 550 4512 the
561 4464 674 4512 medium
686 4465 712 4512 in
724 4465 768 4513 the
781 4464 959 4514 transmission
974 4462 1005 4512 ol
1018 4462 1097 4520 soree,
1109 4463 1129 4511 it
1140 4461 1195 4510 will
1211 4461 1244 4511 be
1258 4477 1322 4510 seen
1339 4461 1394 4510 that

243 4540 356 4591 Bacon's
371 4543 442 4590 view
458 4542 481 4590 is
497 4542 538 4591 far
551 4559 624 4591 more
643 4545 733 4606 nearly
752 4543 813 4592 ahin
832 4551 860 4592 to
878 4545 924 4591 the
940 4543 1022 4590 views
1040 4541 1070 4589 oi
1086 4541 1232 4602 Dementes,
1245 4540 1345 4604 Young,
1364 4556 1395 4589 or

244 4621 361 4682 Faraday
372 4620 433 4670 than
444 4628 474 4669 to
484 4621 529 4669 the
540 4622 664 4671 emission
678 4622 772 4684 theory
786 4621 817 4671 ol
828 4621 852 4670 N
854 4628 949 4671 ewton.
983 4619 1078 4669 Aetion
1092 4628 1119 4669 at
1133 4636 1149 4668 a
1165 4620 1282 4669 distance
1293 4635 1349 4668 was
1366 4635 1394 4668 as

243 4699 436 4749 inconeeivable
447 4707 475 4748 to
486 4700 538 4748 him
549 4707 617 4749 asto
628 4700 762 4762 Aristotle,
775 4701 827 4749 and
838 4707 866 4749 to
878 4707 944 4749 most
956 4700 1064 4748 modern
1075 4699 1222 4762 physicists
