3542 5359
372 622 705 685 PERSPECTIVAE
728 623 843 685 PARS
867 622 1028 683 PRIMA:
1060 624 1169 683 DIST.
1191 624 1246 683 IX.
1347 624 1388 701 67

279 787 347 854 Sed
369 788 397 853 si
419 784 584 855 vacuum¹
609 808 806 871 poneremus
828 786 914 853 inter
936 787 1067 852 coelum
1096 797 1131 852 et
1163 799 1296 862 terram,
1325 808 1386 852 nec
1398 796 1442 846 No

235 903 324 957 esset
346 895 486 958 densum
511 913 571 957 nec
593 912 714 956 rarum.
761 892 807 958 Et
829 902 943 957 tamen
966 892 1154 957 aestimavit
1178 892 1386 957 Democritus
1398 864 1554 979 2⁰22ss

234 996 368 1062 oculum
387 997 420 1060 in
436 1006 524 1061 terra
541 1016 639 1080 posse
653 996 765 1062 videre
781 996 951 1060 formicam
967 998 1001 1061 in
1015 996 1119 1074 coelo,
1134 1007 1172 1062 ut
1187 995 1386 1062 Aristoteles
1398 995 1555 1045 menam.

234 1100 316 1165 dicit
329 1103 476 1167 secundo
490 1103 534 1167 de
548 1101 684 1167 Anima.
728 1100 845 1185 Atque
863 1121 1006 1167 vacuum
1028 1121 1095 1165 non
1117 1101 1220 1166 habet
1240 1100 1386 1183 aliquam

234 1214 398 1284 naturam,
410 1206 497 1269 unde
508 1205 669 1288 impediat
683 1204 836 1288 speciem,
849 1226 910 1271 nec
925 1207 1015 1269 unde
1026 1205 1157 1271 resistat
1168 1205 1298 1290 speciei,
1309 1206 1388 1289 quia

235 1310 327 1374 nulla
350 1322 466 1375 natura
488 1319 539 1375 est
561 1310 616 1388 ibi,
635 1320 671 1375 ut
698 1308 899 1375 Aristoteles
919 1310 1001 1375 dicit
1021 1319 1140 1392 quarto
1161 1310 1386 1392 Physicorum.

236 1413 330 1496 Ergo
345 1414 471 1496 species
488 1414 694 1497 pertransirit
708 1435 729 1477 a
745 1411 839 1477 coelo
857 1413 901 1477 ad
924 1412 1065 1491 oculum,
1080 1423 1115 1479 et
1133 1413 1179 1477 sic
1197 1414 1387 1478 videremus

235 1513 350 1578 stellas
366 1514 436 1577 sine
451 1534 525 1578 raro
541 1524 575 1577 et
591 1514 702 1578 denso.
748 1512 936 1577 Dicendum
951 1523 1001 1578 est
1014 1523 1126 1578 autem
1142 1513 1304 1598 hic,quod
1321 1534 1387 1578 non

235 1614 423 1679 videremus
452 1614 594 1698 aliquod,
621 1614 648 1677 si
678 1602 817 1679 vacuum
853 1624 950 1678 esset.
997 1613 1064 1679 Sed
1100 1613 1164 1679 hoc
1198 1635 1265 1678 non
1300 1622 1388 1679 esset

234 1730 373 1803 propter
387 1718 532 1801 aliquam
548 1728 700 1783 naturam
716 1717 952 1800 impedientem
967 1719 1119 1803 speciem,
1132 1729 1167 1783 et
1182 1718 1388 1784 resistentem

234 1824 275 1903 ei,
290 1824 347 1887 sed
373 1833 508 1907 propter
531 1823 695 1888 defectum
717 1832 854 1887 naturae
877 1823 1101 1887 convenientis
1125 1822 1388 1907 multiplicationi

235 1927 379 2011 speciei;
402 1928 527 2012 species
553 1930 640 1994 enim
656 1936 708 1992 est
723 1948 775 1992 res
798 1927 967 2006 naturalis,
983 1937 1016 1991 et
1036 1928 1113 1993 ideo
1134 1929 1260 2011 indiget
1279 1930 1388 1994 medio

235 2031 389 2111 naturali,
411 2032 470 2097 sed
492 2033 524 2095 in
545 2053 650 2097 vacuo
670 2030 761 2097 nulla
782 2042 899 2096 natura
916 2043 977 2098 est
1022 2033 1112 2097 Nam
1134 2053 1274 2097 vacuum
1297 2044 1389 2098 recte

234 2137 452 2220 imaginatum
469 2147 519 2201 est
534 2136 605 2201 sola
621 2138 787 2220 quantitas
803 2136 1037 2201 mathematica
1052 2146 1191 2201 extensa
1206 2139 1387 2202 secundum

233 2242 356 2305 trinam
372 2241 622 2320 dimensionem,
638 2251 730 2306 stans
754 2262 814 2324 per
832 2263 869 2306 se
888 2241 960 2306 sine
976 2240 1085 2306 calido
1103 2251 1137 2305 et
1153 2242 1281 2325 frigido,
1296 2242 1387 2305 molli

235 2356 270 2410 et
284 2346 377 2422 duro,
391 2366 466 2410 raro
481 2355 516 2410 et
531 2346 645 2423 dens0,
656 2355 691 2410 et
706 2345 776 2410 sine
791 2346 881 2410 omni
900 2346 1052 2428 passione
1068 2347 1208 2411 naturali
1224 2366 1388 2431 occupans

235 2450 355 2526 locum,
372 2460 409 2515 ut
431 2461 614 2533 posuerunt
636 2450 827 2536 philosophi
849 2460 929 2515 ante
958 2450 1173 2517 Aristotelem
1203 2462 1273 2517 tam
1304 2450 1387 2516 infra

233 2554 364 2619 coelum
379 2575 479 2638 quam
498 2564 603 2619 extra.

282 2656 467 2743 Septimum
482 2680 562 2724 vero
578 2660 667 2743 quod
685 2659 829 2742 exigitur
844 2660 888 2723 ad
897 2660 1002 2724 visum
1013 2668 1064 2723 est
1077 2670 1211 2743 tempus
1226 2630 1387 2725 sensibile.
1401 2660 1540 2776 {gffim

234 2762 326 2827 Nam
337 2763 538 2829 Aristoteles
549 2765 630 2829 dicit
647 2765 730 2829 libro
739 2766 782 2829 de
794 2764 958 2828 Memoria
969 2773 1003 2827 et
1017 2762 1287 2841 Reminiscentia,
1298 2766 1386 2848 quod
1400 2792 1526 2857 Propaga-

236 2868 344 2933 omnis
360 2869 545 2934 intellectus
561 2881 674 2934 noster
689 2879 739 2934 est
760 2889 835 2934 cum
855 2867 1012 2933 continuo
1031 2879 1066 2932 et
1086 2877 1259 2951 tempore;
1282 2868 1388 2932 multo
1400 2856 1558 2987 {chfflih‘

236 2990 319 3054 ergo
335 2974 442 3056 magis
457 2994 572 3037 sensus
582 2970 604 3036 ².
650 2974 739 3037 Nam
755 2972 906 3057 operatio
928 2972 1114 3039 intellectus
1135 2983 1186 3037 est
1203 2972 1388 3055 spiritualis,
1399 2990 1469 3040 time.

235 3088 270 3142 et
286 3080 435 3159 operatio
456 3099 571 3143 sensus
595 3088 646 3143 est
668 3076 858 3163 corporalis.
905 3074 1081 3142 Caeterum
1100 3077 1129 3143 si
1152 3088 1288 3160 repente
1311 3087 1388 3142 ante

235 3182 350 3247 oculos
367 3202 418 3246 res
438 3182 614 3263 deferatur,
629 3202 696 3247 non
715 3182 846 3248 videtur
868 3183 1023 3246 distincte
1044 3192 1078 3246 et
1093 3181 1247 3265 perfecte,
1263 3192 1297 3247 et
1314 3183 1390 3248 ideo

235 3288 280 3352 ad
301 3284 519 3351 sufficientem
543 3287 650 3351 visum
674 3286 819 3370 exigitur
843 3295 975 3369 tempus
997 3286 1159 3361 sensibile,
1180 3287 1213 3351 in
1238 3308 1305 3370 quo
1331 3286 1390 3353 fiat

235 3391 396 3473 judicium
421 3393 520 3457 visus.
566 3392 668 3457 Unde
693 3390 903 3457 Ptolemaeus
921 3392 1068 3457 secundo
1083 3391 1282 3474 Opticorum
1302 3392 1390 3468 dicit,

238 3496 329 3579 quod
352 3518 403 3559 res
418 3518 505 3580 quae
524 3506 755 3578 pertranseunt
777 3496 985 3580 pyramidem
999 3496 1159 3561 visualem
1174 3497 1391 3561 aestimantur

236 3598 395 3665 velociter
410 3600 542 3678 moveri,
558 3602 643 3666 sicut
658 3608 736 3665 sunt
752 3599 881 3665 favillae
898 3600 984 3685 ignis
996 3609 1030 3665 et
1044 3621 1097 3665 res
1108 3609 1316 3665 transeuntes
1331 3621 1392 3684 per

239 3704 403 3769 foramina
418 3713 453 3770 et
467 3714 609 3787 angusta
623 3704 706 3783 loca,
721 3706 765 3769 ad
780 3724 866 3787 quae
885 3713 1039 3786 penetrat
1053 3704 1150 3767 visus
1195 3702 1284 3787 Quia
1301 3705 1389 3770 enim

238 3810 272 3873 in
287 3830 393 3893 parvo
412 3819 564 3893 tempore
586 3818 817 3892 pertranseunt
840 3808 1057 3892 pyramidem,
1074 3809 1292 3873 aestimantur
1315 3809 1390 3874 ferri

238 3912 407 3979 velociter.
454 3912 521 3979 Sed
536 3934 602 3979 non
618 3924 669 3979 est
685 3914 740 3977 ita.

270 4064 280 4093 ¹
297 4064 337 4115 Dr
349 4065 459 4128 Annua,
472 4066 498 4117 ii.
512 4080 534 4129 7,
549 4066 591 4125 36
607 4064 753 4127 ndoxmer
766 4063 814 4129 γάρ
830 4082 854 4113 τι
871 4062 917 4113 τοῦ
932 4063 1075 4127 αἰσθητικοῦ
1085 4062 1180 4126 γίνεται
1196 4062 1228 4113 τὸ
1240 4065 1306 4128 dpdr·
1339 4066 1390 4113 'Tr’

237 4143 314 4193 ebroe
324 4142 371 4203 pir
381 4140 426 4193 οὖν
437 4144 482 4193 τοῦ
494 4142 616 4207 dperphov
631 4144 758 4209 χρώματος
770 4140 897 4192 ἀδύνατον·
920 4141 1032 4193 >reiteret
1050 4142 1080 4205 δι)
1097 4141 1143 4193 tut
1159 4143 1205 4193 rori
1221 4142 1320 4206 μεταξύ,
1332 4143 1392 4192 ὥστ’

237 4222 371 4285 hunnido
387 4240 411 4272 rr
430 4220 490 4273 rim
506 4220 605 4285 μεταξύ·
622 4222 695 4272 κενοῦ
710 4220 736 4272 il
754 4221 897 4285 γινομένου,
914 4222 962 4284 οὐχ
981 4220 1018 4270 ὅτι
1038 4221 1148 4285 depende,
1162 4220 1221 4271 ἀλλ’
1240 4220 1302 4271 ὅλως
1321 4219 1392 4269 ototr

236 4302 381 4365 mnu.
405 4300 550 4353 cenatur.
563 4300 911 4364 Amerinam
940 4300 1228 4364 seemonenunpr.
1241 4299 1389 4364 sm

237 4380 271 4431 iv.
285 4396 340 4443 cap.
353 4395 378 4431 a.
420 4378 478 4429 Tne
496 4380 630 4430 reference
646 4388 674 4431 to
695 4380 859 4431 Democritus
876 4380 1053 4442 immediately
1070 4380 1197 4442 precedes
1217 4378 1262 4426 the
1281 4391 1392 4440 passage

237 4460 389 4597 quitiam,
400 4536 426 4597 J.
461 4536 494 4587 0.
509 4536 671 4587 hassensus
