3542 5359
506 607 621 667 PARS
646 606 869 667 SECUNDA:
906 606 995 666 CAP.
1023 607 1078 665 IX.
1308 622 1369 683 497

220 772 471 836 Elementorum
495 771 665 851 Euclidis;
695 773 876 856 imaginato
899 772 1020 837 circulo
1035 794 1057 835 a
1072 772 1112 851 b;
1142 772 1198 853 qui
1221 780 1370 835 transeat
1410 771 1414 779 '

220 899 279 961 per
298 876 395 959 polos
415 876 583 959 sphaerae,
598 878 692 961 cujus
708 898 792 941 unus
812 878 854 942 sit
869 877 903 940 in
919 878 1059 941 termino
1080 878 1154 940 axis
1175 876 1370 961 pyramidis.

221 982 379 1063 Sequitur
392 982 479 1045 enim
492 1001 551 1065 per
562 991 713 1047 octavam
726 983 823 1057 tertii,
834 982 925 1065 quod
943 981 999 1044 illa
1010 980 1097 1045 linea
1107 982 1193 1044 intra
1204 979 1372 1053 circulum,

220 1105 307 1166 quae
338 1086 456 1149 transit
486 1106 544 1168 per
573 1097 731 1163 centrum,
762 1088 824 1150 erit
853 1086 1002 1149 omnium
1035 1086 1234 1171 longissima,
1262 1095 1295 1148 et
1324 1082 1372 1147 sic

221 1188 358 1252 habebit
380 1188 455 1271 plus
477 1192 520 1254 de
533 1191 655 1255 virtute
678 1190 830 1274 profundi
854 1190 958 1272 ipsius
979 1190 1117 1273 agentis.
1162 1188 1276 1271 Quare
1299 1188 1373 1251 axis

223 1294 405 1377 pyramidis
419 1316 440 1357 a
454 1294 568 1376 majori
583 1296 705 1358 virtute
720 1296 909 1359 causabitur
923 1315 1025 1377 quarn
1040 1293 1124 1358 aliae
1140 1293 1256 1357 lineae.

269 1397 314 1461 Et
331 1399 429 1461 tertio
449 1398 617 1463 sciendum
632 1401 723 1481 quod
738 1399 817 1482 quia
835 1399 869 1461 hi
888 1399 970 1463 radii
989 1399 1058 1462 nati
1081 1408 1158 1462 sunt
1180 1416 1373 1460 concurrere
1387 1411 1454 1475 Rays
1465 1409 1530 1485 from

224 1503 257 1563 in
284 1512 442 1576 centrum,
466 1523 531 1580 non
562 1513 639 1566 sunt
662 1504 927 1585 aequidistantes,
949 1504 1040 1566 unde
1066 1503 1150 1566 radii
1177 1500 1301 1565 solares
1327 1475 1543 1591 ⁵l⁶iahirioiirhe

224 1608 351 1689 accepti
388 1607 614 1690 philosophice
647 1628 715 1671 non
752 1617 830 1671 sunt
862 1608 1132 1690 aequidistantes,
1162 1607 1247 1669 sicut
1276 1606 1375 1669 docet
1387 1623 1481 1673 appear

226 1710 383 1774 Euclides
398 1710 431 1773 iu
447 1710 531 1773 libro
546 1732 607 1774 suo
622 1712 665 1775 de
682 1710 833 1795 Speculis
851 1732 939 1776 nona
954 1711 1178 1794 propositione
1195 1709 1375 1772 ostendens
1387 1672 1501 1802 {fflff'

224 1816 314 1897 quod
342 1816 453 1878 lumen
476 1815 561 1890 solis,
584 1816 673 1897 quod
697 1816 786 1879 venit
810 1816 853 1880 ad
879 1837 949 1893 nos,
973 1837 1038 1879 non
1065 1826 1116 1879 est
1139 1813 1374 1895 aequidistans
1387 1804 1484 1883 strictly

226 1918 301 1982 licet
316 1928 485 2000 appareat.
532 1919 567 1983 Si
587 1930 699 1983 tamen
715 1920 890 2003 objiciatur
904 1920 994 2002 quod
1011 1921 1148 1983 umbrae
1168 1926 1245 1982 suut
1265 1917 1375 1999 aequi·
1387 1870 1510 1999 iiigkhneg

225 2023 397 2101 distantes,
408 2044 487 2105 ergo
502 2034 534 2087 et
552 2025 653 2101 radii3
676 2024 852 2089 dicendum
869 2035 929 2099 est,

225 2129 316 2209 quod
348 2128 483 2191 umbrae
514 2129 716 2192 diversarum
752 2149 860 2191 rerum
895 2138 932 2191 ut
978 2120 985 2135 ’

1388 2010 1442 2052 not.

1186 2175 1210 2217 a

110 2317 118 2327 ο
227 2233 398 2295 hominum
427 2231 479 2295 vel
510 2231 648 2295 aliarum
681 2252 788 2295 rerum
819 2232 930 2313 objec-

227 2347 336 2400 tarum
368 2346 484 2412 rectae,
515 2334 622 2398 solum
655 2347 733 2400 sunt
766 2336 931 2418 aequidis-

228 2451 337 2504 tantes
378 2440 560 2504 secundum
595 2460 739 2518 sensum,
771 2443 830 2506 sed
866 2461 933 2504 non

228 2546 410 2609 secundum
427 2544 609 2606 veritatem.
658 2545 746 2608 Nam
761 2566 844 2608 axes
860 2565 932 2607 um-

229 2646 934 2730 brarum,sicutpyramidumluminosarum,

230 2756 357 2817 vadunt
388 2754 419 2816 in
452 2764 602 2817 centrum
633 2752 721 2819 solis.
766 2754 934 2837 Quoniam

231 2860 331 2943 igitur
341 2878 518 2922 concursus
528 2858 692 2920 radiorum
703 2868 736 2921 et
745 2860 935 2923 umbrarum

231 2965 332 3028 distat
365 2984 386 3026 a
419 2962 515 3025 nobis
551 2962 647 3044 quasi
680 2982 740 3045 per
773 2962 934 3027 infinitam

231 3067 421 3131 distantiam
464 3076 615 3147 respectu
660 3066 774 3149 judicii
819 3088 936 3134 sensus

232 3172 344 3243 nostri,
382 3190 450 3233 non
493 3169 693 3253 percipimus
729 3191 938 3253 concursum,

232 3287 266 3338 et
303 3276 377 3340 ideo
411 3274 599 3357 judicamus
636 3293 708 3338 esse
743 3278 1039 3358 aequidistantes¹.
1099 3281 1188 3345 Nam
1226 3280 1287 3345 soli
1316 3282 1386 3364 fg

233 3380 315 3443 radii
341 3388 419 3441 sunt
443 3379 702 3462 aequidistantes
724 3381 767 3444 ad
793 3382 933 3464 angulos
956 3396 1076 3460 rectoS,
1097 3396 1130 3447 et
1153 3407 1171 3447 c
1196 3397 1230 3450 et
1253 3386 1279 3448 d
1301 3386 1382 3448 radii

233 3484 304 3546 noti
336 3495 412 3546 sunt
440 3503 506 3546 non
536 3503 608 3546 esse
634 3484 905 3565 aequidistantes
931 3490 1009 3571 quia
1036 3500 1179 3573 punctus
1205 3509 1385 3553 concursus

234 3608 348 3651 eorum
375 3597 426 3651 est
455 3599 553 3650 notus
580 3587 677 3652 oculo
703 3590 759 3671 qui
787 3612 892 3674 prope
920 3605 977 3658 est.
1025 3593 1093 3659 Sed
1118 3594 1173 3658 ab
1204 3614 1271 3657 non
1300 3596 1386 3658 bene

234 3700 396 3774 apparent
432 3710 497 3753 non
531 3712 602 3754 esse
634 3694 896 3773 aequidistantes
929 3698 1007 3779 quia
1039 3697 1204 3780 longiores
1233 3708 1320 3772 sunt,
1351 3707 1386 3761 et

236 3807 379 3878 punctus
406 3814 583 3858 concursus
609 3816 675 3858 non
700 3810 848 3878 apparet.
896 3800 981 3863 ltem
1007 3798 1029 3861 Ιι
1055 3811 1130 3864 ete
1154 3799 1252 3882 longe
1278 3802 1386 3863 minus

236 3898 445 3983 apparebunt
483 3918 549 3960 non
587 3919 659 3961 esse
695 3901 957 3980 aequidistantes
987 3904 1276 3986 quia·propinqui
1308 3914 1386 3967 sunt

236 4002 544 4085 aequidistantibus,
569 4011 602 4064 et
628 4004 787 4065 remotius
810 4017 1018 4071 concurrunt.
1067 4006 1177 4071 Multa
1199 4010 1285 4071 enim
1310 4019 1386 4072 sunt

236 4130 323 4191 quae
332 4107 514 4170 secundum
525 4126 655 4168 sensum
665 4117 813 4171 nostrum
825 4121 988 4192 apparent
998 4110 1234 4192 aequidistare3
1250 4124 1388 4194 propter

237 4213 309 4289 hoc,
321 4213 412 4292 quod
428 4230 625 4275 concursum
640 4230 753 4273 eorum
769 4233 835 4276 non
851 4216 1053 4297 percipimus
1069 4234 1177 4290 sensu,
1194 4224 1230 4277 ut
1246 4217 1388 4297 parietes

237 4319 357 4379 domus
368 4316 522 4377 videntur
533 4315 713 4378 secundum
729 4336 862 4381 sensum
875 4327 1026 4382 nostrum
1037 4337 1109 4380 esse
1121 4318 1389 4399 aequidistantes,

238 4421 296 4483 sed
313 4441 379 4482 non
394 4428 481 4497 sunt,
490 4438 566 4481 cum
581 4419 721 4483 tendant
732 4420 766 4481 in
781 4433 934 4485 centrum
949 4422 1073 4498 mundi,
1082 4422 1160 4503 quia
1175 4442 1274 4485 omne
1289 4443 1390 4504 grave

1117 3122 1177 3172 Fro.
1189 3137 1231 3189 9²·

695 4633 705 4663 ¹
723 4634 761 4685 ct
772 4636 824 4685 vol.
835 4638 862 4687 ii.
874 4653 899 4700 p.
916 4638 974 4687 118.

787 4745 814 4795 1<
830 4734 855 4797 k
