3542 5359
392 592 587 652 MORALIS
613 593 930 652 PHILoSOPHIA:
965 592 1079 651 PARS
1108 592 1272 653 TERTIA.
1348 607 1408 670 337

257 755 310 817 cui
326 754 453 819 nullum
468 757 593 820 bonum
609 757 801 839 malumque
815 757 859 818 sit
874 756 935 818 nisi
951 756 1059 821 bonus
1071 756 1245 839 malusque
1257 758 1409 821 animus:

258 858 386 922 honesti
409 860 526 937 cultor,
540 861 662 926 vinute
683 869 859 924 contentus
881 880 981 943 quem
1005 881 1065 924 nec
1087 860 1252 925 extollant
1275 861 1411 926 fortuita

257 983 318 1026 nec
333 962 498 1045 frangant,
513 966 569 1048 qui
581 964 707 1030 nullum
720 964 828 1046 majus
839 965 965 1027 bonum
978 961 989 1000 ¹
1007 985 1047 1029 eo
1058 965 1149 1046 quod
1165 965 1228 1029 sibi
1244 966 1315 1047 ipse
1330 965 1410 1026 dare

258 1077 370 1148 potest
385 1069 520 1140 noverit,
537 1071 589 1133 cui
608 1089 686 1133 vera
701 1067 857 1151 voluptas
877 1069 940 1132 erit
961 1068 1173 1151 voluptatum
1194 1067 1409 1148 contemptio.

259 1169 425 1253 ...Quid
447 1173 535 1235 enim
558 1171 711 1256 prohibet
742 1192 803 1236 nos
832 1173 967 1236 beatam
998 1174 1100 1236 vitam
1131 1172 1240 1237 dicere
1269 1171 1411 1235 liberum

258 1275 407 1338 animum
430 1288 463 1339 et
486 1287 631 1341 erectum
654 1288 688 1341 et
709 1277 897 1340 interritum
920 1297 959 1340 ac
985 1276 1150 1352 stabilem,
1165 1286 1262 1338 extra
1284 1284 1411 1340 metum

258 1388 354 1442 extra
376 1380 593 1462 cupiditatem
617 1381 774 1465 positum,
798 1375 881 1467 [cui]
906 1399 1008 1444 unum
1033 1381 1156 1444 bonum
1181 1381 1225 1444 sit
1246 1379 1411 1452 honestas,

259 1503 360 1545 unum
382 1485 507 1547 malum
530 1487 710 1568 turpitudo,
726 1495 856 1549 caetera
872 1483 946 1547 vilis
967 1486 1064 1550 turba
1088 1504 1206 1558 rerum,
1222 1505 1282 1548 nec
1303 1484 1411 1547 detra·

259 1587 342 1650 hens
371 1589 549 1670 quicquam
580 1590 699 1654 beatae
727 1591 817 1653 vitae
849 1609 909 1653 nec
939 1588 1106 1670 adjiciens,
1136 1589 1206 1652 sine
1235 1597 1334 1652 auctu
1371 1608 1411 1650 ac

261 1691 461 1756 detrimento
476 1693 598 1757 summi
613 1693 693 1757 boni
710 1694 845 1757 veniens
859 1713 899 1756 ac
921 1693 1087 1756 recedens.
1134 1691 1212 1756 Hoc
1233 1693 1279 1755 ita
1294 1691 1411 1755 funda-

260 1804 410 1859 mentum
431 1816 565 1862 necesse
586 1808 635 1862 est
656 1798 735 1862 velit
756 1797 840 1860 nolit
861 1806 1019 1879 sequatur
1039 1794 1187 1860 hilaritas
1207 1796 1363 1860 continua
1379 1804 1413 1859 et

260 1899 388 1963 laetitia
403 1901 472 1964 alta
490 1951 499 1966 .
516 1949 524 1964 .
540 1949 548 1963 .
563 1911 601 1966 ut
615 1923 702 1985 quae
722 1901 791 1965 suis
810 1902 956 1982 gaudeat
982 1921 1042 1964 nec
1070 1901 1198 1983 majora
1221 1899 1414 1965 domesticis

261 2005 373 2085 cupiat
390 2050 397 2065 .
414 2051 421 2065 .
438 2004 554 2070 .Hanc
569 2026 635 2069 non
647 2005 710 2069 alia
722 2027 772 2069 res
787 2005 903 2068 tribuit
915 2026 1014 2089 quam
1028 2002 1179 2068 fortunae
1190 2004 1392 2087 negligentia
1405 2025 1413 2081 ;

262 2117 334 2170 tum
356 2108 503 2173 orietur.
521 2154 528 2168 .
545 2155 553 2172 .
569 2110 661 2191 quies
684 2110 805 2175 mentis
828 2111 861 2172 in
883 2120 958 2173 tuto
981 2107 1153 2188 collocata,
1168 2118 1202 2171 et
1217 2107 1413 2186 sublimitas,

262 2211 476 2294 expulsisque
499 2214 676 2278 terroribus
706 2235 750 2278 ex
780 2213 971 2296 cognitione
1000 2213 1068 2275 veri
1098 2212 1256 2293 gaudium
1287 2213 1414 2293 grande

262 2325 295 2377 et
311 2316 498 2396 immotum,
513 2318 719 2400 comitasque
733 2328 768 2383 et
782 2317 916 2380 diffusio
931 2316 1044 2394 animi,
1059 2317 1180 2397 quibus
1196 2315 1415 2380 delectabitur

265 2439 330 2483 non
346 2429 384 2484 ut
399 2423 495 2485 bonis
510 2423 569 2486 sed
586 2431 623 2486 ut
638 2444 682 2486 ex
698 2423 786 2485 bono
802 2442 862 2484 suo
877 2419 978 2486 ortis.’

307 2523 435 2588 ‘Beata
456 2545 536 2609 ergo
550 2527 618 2590 vita
641 2537 691 2590 est
714 2526 747 2589 in
770 2535 861 2590 recto
882 2535 1041 2606 certoque
1062 2523 1187 2606 judicio
1210 2523 1358 2588 stabilita
1380 2535 1413 2589 et
1426 2533 1489 2599 Cap.
1503 2549 1525 2596 5-

263 2627 488 2693 immutabilis.
532 2629 627 2693 Tunc
650 2631 737 2694 enim
760 2649 843 2711 pura
867 2648 961 2691 mens
991 2636 1097 2692 estet
1120 2628 1228 2691 soluta
1259 2629 1414 2693 omnibus

264 2733 369 2804 malis,
393 2754 469 2796 cum
493 2754 561 2798 non
582 2745 711 2798 tantum
734 2732 950 2796 lacerationes
975 2733 1034 2796 sed
1062 2731 1163 2794 etiam
1189 2731 1415 2798 vellicationes

264 2834 427 2920 effugerit,
441 2847 567 2901 statura
589 2857 722 2920 semper
744 2837 800 2898 ubi
824 2835 982 2910 consistit,
998 2854 1037 2899 ac
1059 2835 1173 2897 sedem
1196 2855 1290 2898 suam
1313 2837 1414 2900 etiam

266 2939 350 3004 irata
365 2951 399 3004 et
415 2941 591 3004 infestante
610 2941 744 3003 fortuna
759 2936 980 3002 vindicatura?

309 3043 355 3106 Et
371 3046 461 3126 quod
480 3043 635 3128 voluptas
645 3043 788 3108 camelis
802 3063 867 3106 non
882 3042 926 3106 sit
941 3061 1109 3107 summum
1121 3041 1245 3106 bonum
1258 3043 1413 3117 ostendit,

265 3147 379 3210 dicens
410 3148 595 3232 ‘Voluptas
628 3149 672 3211 ad
702 3149 805 3211 vitam
836 3147 1063 3229 turpissimam
1088 3147 1185 3224 venit,
1217 3142 1282 3235 [at]
1312 3148 1414 3211 virtus
1428 3161 1490 3224 cap.
1505 3173 1526 3224 7.

266 3251 388 3315 malam
403 3253 506 3315 vitam
523 3272 590 3314 non
606 3252 755 3316 admittit
771 3299 779 3314 .
795 3300 803 3313 .
820 3302 827 3315 .
844 3246 1004 3337 [infelices
1028 3250 1072 3314 ob
1088 3251 1193 3332 ipsam
1209 3251 1416 3335 voluptatem

265 3350 358 3442 sunt]
382 3358 472 3438 quod
496 3376 562 3418 non
585 3355 731 3420 eveniret
752 3356 779 3418 si
803 3355 917 3418 virtuti
939 3375 974 3418 se
997 3352 1152 3436 voluptas
1174 3355 1415 3433 immiscuisset,

266 3460 345 3541 quia
358 3461 463 3524 virtus
477 3481 576 3543 saepe
591 3471 681 3525 earet
695 3480 746 3541 ea,
760 3479 930 3542 nunquam
947 3458 1085 3540 indiget.
1132 3456 1221 3540 Quid
1238 3460 1416 3540 dissimilia,

267 3565 371 3628 immo
393 3565 530 3641 diversa,
554 3563 775 3647 componitis?
820 3563 940 3626 Altum
963 3563 1124 3645 quiddam
1148 3573 1197 3627 est
1220 3564 1335 3642 virtus,
1357 3584 1416 3626 ex-

266 3667 401 3744 celsum,
415 3669 536 3750 regale,
551 3669 719 3745 invictum,
730 3667 954 3750 infatigabile5
977 3665 1132 3749 voluptas
1145 3667 1277 3745 humile,
1290 3668 1416 3745 servile,

267 3771 479 3846 imbecillum,
502 3773 675 3847 caducum,
695 3771 789 3854 cujus
810 3773 911 3836 statio
934 3792 973 3834 ac
995 3771 1200 3834 domicilium
1223 3772 1361 3836 somices
1382 3785 1416 3837 et

269 3876 413 3958 popinae
428 3887 513 3941 sunt.
559 3877 727 3943 Virtutem
742 3877 777 3940 in
792 3875 919 3958 templo
934 3876 1120 3950 convenies,
1135 3876 1169 3937 in
1183 3875 1263 3952 soro,
1279 3875 1311 3939 in
1328 3877 1417 3940 curia

268 4032 276 4045 .
293 4027 301 4042 .
318 4029 325 4042 .
341 3980 482 4045 callosas
496 3982 677 4046 habentem
693 4001 830 4056 manus;
853 3980 1062 4061 voluptatem
1080 3978 1266 4043 latitantem
1288 3981 1419 4060 saepius

267 4106 306 4149 ac
329 4087 483 4149 tenebras
501 4096 692 4168 captantem
711 4087 797 4147 circa
816 4083 935 4148 balnea
953 4104 992 4147 ac
1014 4082 1231 4146 sudatoria..
1249 4129 1256 4144 .
1273 4102 1363 4146 mero
1384 4093 1418 4146 et

268 4199 437 4272 unguento
467 4189 678 4253 madentem.'
726 4189 822 4265 ltem,
851 4187 1047 4252 ‘Summum
1077 4187 1202 4249 bonum
1232 4185 1418 4251 immortale

268 4303 319 4356 est
338 4341 345 4355 .
363 4341 372 4355 .
388 4338 396 4354 .
413 4313 473 4356 nec
496 4294 685 4357 satietatem
716 4293 819 4356 habet
850 4311 911 4356 nec
941 4289 1192 4373 poenitentiam.
1238 4288 1418 4372 Nunquam

269 4408 357 4462 recta
380 4415 473 4459 mens
496 4397 641 4468 vertitur,
664 4417 725 4460 nec
747 4397 811 4460 sibi
833 4397 912 4460 odio
935 4403 986 4460 est
1006 4441 1015 4458 .
1036 4441 1044 4456 .
1066 4441 1073 4456 .
1094 4392 1144 4456 At
1166 4392 1320 4474 voluptas
1342 4414 1418 4458 cum

301 4532 310 4560 ¹
327 4534 368 4582 cui
388 4533 487 4581 nullum
506 4531 588 4594 magis
606 4533 701 4580 bonum
723 4531 797 4583 MSS.
830 4533 861 4582 ln
882 4533 928 4580 the
945 4545 1017 4580 same
1039 4537 1171 4592 sentence,
1193 4545 1246 4578 uon
1265 4530 1315 4579 erit
1334 4531 1356 4580 is
1376 4532 1420 4581 the

270 4611 379 4673 reading
389 4611 420 4659 os
428 4612 474 4660 the
487 4610 564 4660 1158.
578 4610 618 4659 for
628 4611 738 4660 noverit

315 4707 395 4760 VOL.
412 4709 451 4760 11.
822 4709 843 4759 Ζ
