3542 5359
392 640 588 700 nonnus
612 604 930 700 Purrosoerrrn:
964 641 1078 701 unns
1103 642 1287 716 Qunam.
1357 657 1418 720 379

313 801 358 866 Et
374 814 463 868 certe
478 805 505 867 si
522 807 663 869 essentia
684 815 718 869 et
739 807 890 888 potentia
911 806 976 870 sint
999 805 1154 883 infinitae,
1170 816 1304 888 oportet
1326 805 1416 887 quod
1432 814 1534 865 Infinite

267 905 400 971 bonitas
415 908 486 989 ejus
500 911 542 973 sit
555 910 682 974 infinita
691 909 712 991 ¹,
722 911 800 993 quia
816 932 866 974 res
881 911 976 993 cujus
992 912 1134 976 essentia
1148 922 1199 976 est
1211 910 1305 975 finita
1316 910 1418 973 habet
1431 881 1585 996 &effi

268 1010 455 1077 bonitatem
471 1011 609 1078 finitam.
656 1015 748 1098 Ergo
763 1014 890 1078 infinita
908 1015 1043 1078 habebit
1063 1014 1229 1080 infinitam
1244 1037 1251 1092 3
1271 1025 1304 1079 et
1326 1014 1419 1077 aliter
1432 1012 1579 1077 plyinfinire

269 1133 332 1176 non
349 1126 400 1179 est
415 1119 587 1201 proportio
604 1119 763 1183 bonitatis
785 1121 828 1183 ad
852 1120 1029 1183 essentiam
1052 1119 1085 1182 in
1105 1119 1166 1184 hac
1187 1140 1304 1194 causa;
1327 1119 1418 1200 quod
1431 1079 1554 1192 {missi

268 1238 333 1281 non
349 1230 460 1303 potest
475 1241 547 1284 esse
561 1223 594 1285 in
609 1232 703 1286 tanta
719 1223 901 1304 majestate.
949 1224 994 1287 Et
1010 1224 1037 1285 si
1059 1223 1190 1287 bonitas
1211 1233 1297 1287 esset
1313 1222 1417 1299 finita,
1430 1212 1498 1261 dom.

266 1333 354 1386 esset
380 1325 581 1407 imperfecta,
603 1337 637 1390 et
660 1328 689 1390 ei
715 1329 793 1391 addi
821 1339 934 1410 posset
963 1327 1097 1411 aliquid,
1120 1340 1153 1392 et
1179 1327 1290 1406 minui,
1313 1337 1347 1391 et
1372 1328 1419 1389 ita

268 1437 381 1508 posset
400 1429 517 1511 subjici
536 1433 802 1497 transmutationi
813 1457 822 1507 ;
846 1443 880 1497 et
905 1433 980 1496 ideo
1000 1443 1115 1497 natum
1141 1431 1331 1496 esthabere
1352 1452 1419 1494 non

268 1550 350 1609 esse,
366 1542 404 1595 ut
425 1534 514 1617 prius
535 1537 736 1619 arguebatur
750 1536 793 1600 de
813 1535 972 1619 potentia.
1018 1534 1087 1599 Sed
1107 1537 1196 1618 quod
1221 1535 1323 1600 habet
1346 1534 1418 1598 infi-

268 1635 407 1700 nitatem
424 1639 607 1720 majestatis
623 1641 655 1704 in
672 1642 814 1705 essentia
832 1650 866 1704 et
886 1641 1036 1724 potentia
1056 1650 1091 1704 et
1114 1642 1264 1704 bonitate
1288 1660 1352 1703 non
1367 1648 1419 1702 est

269 1740 425 1822 possibile
448 1746 539 1825 quod
569 1755 677 1809 careat
704 1746 901 1829 cognitione,
928 1747 1007 1828 quia
1037 1766 1088 1808 res
1116 1766 1201 1828 quae
1228 1744 1418 1827 hujusmodi

269 1853 319 1907 est
347 1844 451 1910 habet
481 1849 668 1926 utilitatem,
699 1871 760 1914 nec
790 1860 903 1934 potest
933 1851 976 1914 ad
1009 1847 1205 1914 infinitatem
1237 1849 1420 1931 majestatis

268 1949 397 2028 deduci,
413 1961 450 2015 ut
465 1951 629 2017 elementa
643 1964 677 2018 et
694 1953 822 2036 lapides
837 1965 870 2018 et
886 1953 1093 2036 vegetabilia.

314 2054 446 2119 Deinde
475 2057 628 2122 videmus
658 2059 749 2141 quod
780 2080 832 2123 res
861 2072 1012 2123 carentes
1042 2058 1192 2142 potentia
1218 2055 1355 2128 infinita,
1383 2065 1420 2120 ut

269 2158 425 2222 animalia
447 2170 482 2224 et
506 2162 657 2226 homines
681 2173 715 2227 et
737 2164 857 2247 angeli,
880 2164 1006 2226 habent
1028 2163 1263 2246 cognitionem,
1284 2170 1420 2244 propter

269 2263 475 2328 nobilitatem
490 2287 570 2330 suae
586 2276 740 2331 naturae:
763 2289 844 2352 ergo
860 2288 936 2331 cum
958 2278 1074 2331 natura
1093 2287 1212 2330 causae
1225 2264 1296 2348 jam
1318 2285 1419 2346 quae·

269 2367 353 2431 sitae
368 2369 411 2431 sit
425 2370 569 2434 nobilior
584 2371 617 2434 in
634 2372 800 2436 infinitum
811 2393 912 2454 quam
928 2370 1053 2454 aliquid
1071 2370 1269 2452 hujusmodi,
1283 2369 1420 2433 habebit

271 2481 471 2554 potestatem
497 2477 730 2557 cognoscendi.
778 2476 844 2542 Sed
870 2497 947 2540 cum
972 2477 1084 2541 omnia
1110 2475 1176 2539 alia
1206 2496 1292 2558 quae
1322 2474 1355 2538 iu
1381 2495 1421 2537 ea

270 2587 346 2640 suut
360 2577 569 2643 inveniuntur
581 2579 715 2656 infinita,
728 2581 811 2645 haec
820 2602 920 2645 causa
932 2581 1032 2645 habet
1041 2580 1239 2663 sapientiam
1250 2578 1421 2641 infinitam.

274 2682 358 2745 Item
382 2683 409 2746 si
437 2697 524 2749 esset
546 2684 649 2764 finita,
666 2696 754 2749 esset
774 2685 974 2768 imperfecta,
998 2695 1031 2750 et
1054 2685 1203 2766 subjecta
1227 2683 1421 2747 naturaliter

270 2789 538 2852 transmutationi
554 2791 596 2853 ad
614 2789 720 2871 majus
735 2801 769 2854 et
786 2791 903 2866 minus,
919 2801 956 2854 ut
975 2799 1068 2872 patet
1084 2791 1116 2851 in
1137 2789 1277 2852 caeteris
1298 2808 1422 2870 cogno-

270 2891 444 2973 scentibus,
465 2895 550 2957 sicut
574 2915 673 2958 omne
695 2893 936 2978 imperfectum.
985 2894 1030 2958 Et
1051 2894 1126 2957 ideo
1150 2894 1256 2975 prima
1279 2893 1421 2954 mutatio

271 3016 357 3078 quae
372 3008 423 3061 est
438 2998 524 3062 circa
542 3019 614 3064 esse
637 3011 670 3064 et
688 3020 754 3063 non
769 3021 840 3063 esse
861 3009 974 3082 posset
989 2999 1042 3060 hic
1061 2998 1203 3081 reperiri,
1219 3006 1255 3059 ut
1270 2997 1421 3077 superius

271 3110 322 3164 est
343 3122 545 3184 persuasum.
592 3103 734 3187 Oportet
757 3105 857 3186 igitur
871 3104 962 3185 quod
986 3104 1030 3166 sit
1052 3102 1217 3186 sapientia
1238 3100 1367 3163 infinita
1388 3101 1421 3163 in

272 3204 333 3268 hac
362 3225 482 3283 causa;
520 3208 579 3270 sed
609 3209 636 3271 si
668 3211 818 3291 potentia
847 3208 919 3290 ejus
952 3216 1003 3271 est
1034 3206 1160 3269 infinita
1191 3214 1303 3286 potest
1334 3202 1421 3267 hunc

272 3311 434 3373 mundum
460 3312 651 3392 producere,
676 3322 710 3376 et
736 3313 806 3394 ejus
829 3312 992 3396 sapientia
1020 3309 1148 3373 infinita
1174 3309 1265 3372 novit
1292 3309 1335 3373 de
1357 3308 1421 3372 hoc

271 3415 399 3496 optime
414 3415 573 3492 ordinare,
590 3425 623 3479 et
635 3417 707 3498 ejus
724 3417 856 3481 bonitas
871 3416 1006 3498 requirit
1022 3415 1112 3497 quod
1128 3412 1194 3489 fiat,
1209 3413 1287 3494 quia
1303 3413 1421 3496 optimi

272 3527 323 3582 est
343 3521 472 3602 optima
490 3519 605 3597 lacere,
629 3530 663 3584 et
686 3541 780 3584 suam
808 3521 994 3584 bonitatem
1018 3519 1263 3583 communicare
1285 3516 1367 3593 aliis,
1390 3516 1422 3579 in

272 3635 433 3705 quantum
446 3624 603 3707 possibile
618 3635 668 3688 est
683 3625 740 3688 eis.
769 3625 859 3706 Ergo
875 3623 957 3688 haec
972 3643 1070 3686 causa
1086 3622 1245 3705 produxit
1261 3623 1421 3685 mundum

272 3730 466 3793 necessario.

317 3833 390 3896 Nisi
413 3833 585 3898 cavillator
603 3835 692 3898 dicat
713 3836 804 3916 quod
828 3833 972 3896 mundus
995 3851 1061 3894 non
1085 3832 1188 3895 exivit
1213 3833 1245 3894 in
1269 3850 1340 3894 esse
1362 3851 1422 3894 un·
1435 3840 1491 3891 The
1502 3843 1554 3890 uni·

272 3957 382 4019 quam,
397 3958 458 4000 nec
474 3938 591 4003 habuit
605 3959 672 4002 non
688 3960 770 4002 esse.
809 3937 876 4002 Sed
893 3948 972 4001 tunc
987 3944 1074 4000 esset
1091 3935 1238 3998 infinitae
1253 3935 1423 4019 potentiae
1436 3917 1591 4030 {ffia‘lf'ssffl

272 4040 356 4106 sicut
379 4041 461 4104 haec
483 4062 592 4118 causa,
615 4052 649 4106 et
674 4043 750 4105 ideo
770 4052 857 4106 esset
880 4063 941 4126 par
964 4043 993 4104 ei
1017 4051 1050 4104 et
1075 4041 1176 4114 Deus,
1200 4039 1290 4122 quod
1316 4037 1425 4102 nullus
1437 4040 1545 4154 335¹&
1546 4120 1578 4152 m

305 4209 314 4239 ¹
332 4211 421 4261 Bncon
430 4212 495 4260 does
507 4219 553 4261 not
564 4212 651 4262 attaclr
659 4213 704 4260 the
715 4213 842 4273 objectiou
851 4222 879 4261 to
885 4213 973 4261 which
981 4210 1098 4273 Aquinas
1107 4225 1171 4272 gave
1182 4211 1246 4258 suclr
1257 4210 1424 4271 prominente
1438 4187 1493 4222 ⁰⁰⁸¹

274 4291 314 4363 (S,
328 4289 354 4339 T.
363 4290 470 4351 Quaest.
482 4292 509 4339 ii,
521 4291 579 4340 Art.
590 4292 625 4339 iii*
637 4307 643 4340 ε
664 4291 709 4340 ‘Si
722 4291 795 4340 Deus
806 4298 876 4340 esset
889 4291 985 4338 nullum
993 4290 1086 4338 melum
1096 4289 1262 4338 inveniretur.
1293 4289 1426 4336 Invenitur

272 4375 358 4418 autem
370 4369 503 4418 melenriu
516 4371 621 4420 mundo.
647 4369 716 4432 Ergo
729 4371 801 4419 Deus
812 4385 866 4419 non
878 4367 935 4420 est’
963 4369 1018 4418 The
1031 4369 1105 4430 reply
1116 4369 1194 4430 being
1203 4368 1229 4415 in
1242 4369 1287 4416 the
1298 4369 1387 4416 words
1398 4367 1428 4416 ol

273 4447 312 4497 St.
320 4447 466 4510 Augustine
478 4449 562 4497 ‘Deus
574 4465 631 4498 cum
643 4449 678 4498 sit
689 4465 790 4498 summe
800 4449 894 4508 bonus,
907 4449 979 4498 nullo
991 4449 1067 4497 modo
1078 4447 1176 4497 sineret
1188 4446 1282 4508 aliquid
1294 4447 1353 4495 muli
1366 4461 1424 4496 esse

273 4527 298 4573 in
314 4527 437 4589 operibus
446 4528 510 4586 suis,
523 4529 574 4576 nisi
588 4536 658 4578 esset
669 4530 736 4577 adeo
752 4529 918 4591 omnipotens
932 4536 961 4577 et
974 4529 1057 4576 bonus
1074 4535 1103 4576 ut
1114 4527 1181 4574 bene
1194 4525 1291 4574 laceret
1302 4525 1379 4574 etiam
1392 4527 1425 4573 de

274 4604 349 4654 malo.
383 4605 444 4654 Hoc
455 4621 519 4667 ergo
534 4608 566 4655 ad
578 4606 704 4655 infinitam
717 4607 767 4655 Dei
778 4607 919 4657 bonitatem
932 4607 1045 4668 pertinet
1054 4613 1083 4654 ut
1097 4619 1157 4655 erae
1168 4603 1298 4666 permittat
1309 4604 1382 4664 male,
1398 4612 1425 4652 et

273 4703 308 4736 ex
319 4687 357 4737 eis
369 4689 455 4737 eliciat
465 4687 549 4737 bonn’
563 4689 614 4753 (Cf.
627 4689 734 4750 Quaest.
745 4691 800 4740 xix.
813 4689 871 4738 Art.
884 4690 938 4752 in).
