3542 5359
715 1453 852 1526 PARS
880 1450 1151 1526 SECUNDA

568 1636 989 1712 PHILOSOPHIAE
1018 1632 1268 1710 MORALlS
1283 1639 1308 1707 ¹.

793 1844 1020 1909 Carnunmr
1046 1843 1072 1906 1.

529 2016 583 2080 De
600 2015 673 2099 lege
687 2015 890 2106 matrimonii
906 2023 941 2078 et
956 2014 1157 2098 reipublicae
1171 2013 1346 2078 servanda

408 2169 560 2234 Secunda
582 2191 657 2252 pars
673 2170 845 2234 descendit
860 2172 903 2234 ad
919 2170 1009 2253 leges
1032 2179 1066 2233 et
1087 2177 1215 2232 statuta
1235 2167 1411 2231 hominum
1433 2163 1521 2227 inter

191 2327 219 2374 M
262 2329 268 2338 .
364 2297 407 2338 se.
453 2276 500 2339 Et
519 2275 743 2339 consideratur
762 2275 869 2357 primo
888 2274 977 2336 salus
998 2274 1164 2336 humanae
1187 2270 1309 2355 speciei
1333 2269 1520 2333 secundum

192 2341 317 2441 tallllnge
363 2378 483 2442 lineam
496 2378 716 2461 generationis
728 2397 788 2458 pro
798 2378 922 2460 populo
933 2377 1185 2459 multiplicando
1197 2376 1327 2458 legibus
1340 2374 1486 2455 ligaturo
1495 2369 1521 2434 ².

367 2482 411 2546 Et
433 2483 509 2545 ideo
531 2482 653 2545 dantur
681 2480 772 2562 leges
794 2481 939 2564 conjugii
962 2491 996 2544 et
1018 2491 1170 2545 statuunt
1193 2480 1368 2562 quomodo
1393 2475 1523 2538 habent

363 2585 432 2650 fieri
450 2596 484 2648 et
498 2585 640 2668 qualiter
653 2585 891 2668 impedimenta
905 2593 1129 2649 amoveantur.
1176 2584 1222 2646 Et
1234 2583 1414 2666 praecipue
1427 2578 1523 2662 quod

362 2711 384 2753 a
405 2689 595 2753 civitatibus
624 2688 845 2752 excludantur
865 2688 1078 2752 fornicatores
1101 2697 1135 2750 et
1164 2687 1362 2760 sodomitae,
1385 2683 1444 2765 qui
1470 2682 1524 2744 in-

365 2795 491 2857 ducunt
514 2793 712 2856 contrarium
736 2793 973 2856 constructioni
992 2792 1147 2864 civitatis
1161 2790 1321 2872 quoniam
1344 2787 1527 2850 retrahunt

364 2897 515 2960 homines
525 2897 569 2960 ah
584 2916 625 2958 eo
636 2897 726 2977 quod
744 2895 861 2958 melius
875 2905 926 2958 est
942 2895 975 2958 in
989 2895 1175 2959 civitatibus
1184 2893 1207 2972 ⁸,
1217 2891 1343 2957 scilicet
1354 2890 1528 2972 conjugio,

366 3011 404 3063 ut
420 3001 593 3063 Avicenna
608 2999 712 3062 etalii
728 2999 854 3063 volunt.

300 3151 310 3162 .
412 3103 542 3166 Deinde
563 3105 684 3165 dantur
697 3103 788 3184 loges
809 3103 991 3166 secundum
1011 3123 1095 3184 quas
1115 3102 1312 3165 ordinantur
1332 3098 1460 3163 subditi
1481 3097 1528 3159 ad

198 3209 355 3314 &md
369 3206 534 3289 praelatos
563 3214 597 3268 et
627 3207 800 3288 principes,
823 3216 857 3269 et
880 3227 900 3268 e
922 3207 1096 3285 contrario,
1118 3216 1153 3269 et
1181 3205 1269 3268 servi
1292 3205 1337 3267 ad
1367 3203 1530 3266 dominos

199 3322 345 3385 gnosum
369 3308 549 3372 secundum
565 3329 664 3372 omne
683 3329 787 3390 genus
806 3310 929 3372 servitii
949 3320 983 3372 et
1006 3310 1156 3385 dominii,
1175 3320 1210 3372 et
1231 3308 1419 3372 secundum
1442 3325 1531 3388 quas

198 3387 308 3437 “Ml
371 3413 609 3494 paterfamilias
637 3413 737 3475 debet
770 3410 902 3476 vivere⁴
925 3414 959 3475 in
988 3414 1149 3494 regimine
1174 3411 1278 3494 prolis
1304 3421 1340 3474 et
1367 3409 1532 3482 familiae,

372 3526 406 3579 et
436 3515 595 3598 magister
620 3517 663 3578 ad
688 3515 879 3598 discipulos.
937 3517 1067 3580 Deinde
1096 3526 1289 3579 statuuntur
1314 3516 1473 3578 doctores
1496 3523 1533 3576 et

372 3617 514 3681 artifices
544 3619 577 3680 in
606 3617 743 3700 singulis
777 3618 922 3682 scientiis
958 3629 992 3683 et
1021 3620 1169 3684 artibus:
1206 3629 1242 3681 et
1273 3620 1447 3701 eliguntur
1484 3637 1533 3680 ex

405 3771 412 3798 ¹
432 3770 462 3818 ln
475 3769 507 3818 D.
519 3769 571 3818 and
583 3769 615 3818 0.
628 3771 672 3818 the
683 3769 798 3830 heading
808 3770 829 3817 is
842 3770 935 3831 Incipit
946 3770 1066 3819 Secunda
1077 3771 1217 3819 Distinctio
1226 3772 1327 3818 habens
1335 3770 1388 3817 duo
1400 3769 1516 3831 capitula
1527 3784 1535 3827 ;

373 3849 513 3910 capitulum
524 3850 633 3910 primum
645 3849 678 3896 de
690 3847 749 3908 lege
761 3849 914 3896 matrimonii
927 3857 953 3896 et
965 3849 1121 3910 reipublicae
1131 3849 1267 3896 servanda
1302 3849 1341 3896 As
1349 3849 1479 3895 however
1486 3847 1536 3895 the

374 3928 499 3974 dusions
511 3927 541 3973 ol
549 3927 594 3974 the
606 3927 717 3973 seventh
730 3933 786 3987 part
799 3926 828 3974 ol
836 3928 881 3974 tlte
894 3927 966 3987 opis
977 3925 1066 3989 Hujus
1076 3943 1122 3974 are
1131 3928 1233 3988 always
1244 3927 1346 3988 spoken
1359 3925 1391 3972 oi
1398 3941 1429 3973 as
1436 3930 1535 3988 partas,

374 4006 435 4053 both
448 4006 510 4053 here
521 4004 572 4053 and
584 4005 611 4051 in
622 4005 666 4052 the
675 4003 820 4052 references
829 4004 904 4052 made
914 4011 942 4051 to
949 4003 1055 4051 umba
1061 4004 1224 4065 Philosophia
1234 4006 1261 4052 in
1270 4006 1316 4053 the
1325 4004 1401 4067 opus
1411 4003 1537 4064 Tarans,

375 4083 395 4129 it
406 4097 491 4132 seems
502 4083 560 4130 hest
571 4089 599 4130 to
609 4081 684 4129 abide
701 4081 792 4142 hythe
802 4083 877 4128 word
893 4082 992 4128 choseu
1009 4082 1045 4143 hy
1057 4081 1154 4130 Bacon.
1192 4082 1215 4132 lt
1226 4083 1281 4130 will
1299 4083 1333 4131 be
1350 4082 1539 4130 remembered

375 4161 431 4208 that
442 4161 487 4208 the
499 4159 554 4207 fillh
570 4167 626 4221 part
641 4159 811 4221 (perspectum)
826 4160 847 4205 is
862 4159 919 4206 also
930 4159 1032 4206 divided
1044 4160 1099 4206 into
1114 4160 1190 4208 three
1202 4167 1281 4222 parts.
1314 4159 1374 4207 Tne
1388 4159 1539 4221 fragments

375 4239 432 4284 that
448 4253 490 4286 are
506 4245 597 4285 extant
615 4237 644 4284 ol
657 4234 767 4284 Baeon's
783 4236 912 4297 sonum
928 4236 1075 4298 Pn'rro'pale‚
1086 4239 1193 4299 notably
1204 4239 1246 4286 his
1263 4238 1423 4286 &mmuh
1437 4237 1539 4286 Mathe

377 4317 484 4373 mnino,
497 4317 574 4364 show
585 4315 642 4363 that
656 4316 691 4363 he
701 4314 822 4362 attached
839 4321 913 4374 great
929 4315 1090 4376 importante
1103 4323 1131 4363 to
1147 4317 1245 4364 mretul
1264 4317 1391 4365 disisiom
1405 4317 1460 4365 and
1476 4317 1541 4365 sub-

377 4393 507 4441 divisions.
540 4393 597 4440 The
609 4393 749 4453 inequality
759 4393 785 4438 in
797 4391 848 4438 this
860 4398 962 4452 respect
973 4392 1003 4439 ol
1015 4393 1060 4440 the
1074 4409 1154 4440 seren
1170 4401 1242 4455 parts
1257 4394 1289 4442 ol
1301 4394 1347 4441 the
1360 4395 1437 4455 opus
1447 4395 1544 4458 Hujus

377 4467 400 4515 is
417 4470 532 4530 possrhly
544 4470 594 4517 due
612 4477 640 4516 to
654 4469 699 4516 the
710 4469 830 4516 different
845 4468 956 4529 degrees
967 4468 996 4517 oi
1010 4470 1085 4518 haste
1095 4472 1160 4518 with
1179 4472 1267 4520 which
1283 4473 1328 4520 the
1340 4473 1449 4520 various
1464 4481 1543 4535 par-ts

377 4558 447 4592 were
459 4547 572 4594 written.

411 4621 421 4647 ¹
436 4621 474 4670 So
485 4624 512 4670 in
523 4623 557 4671 all
568 4624 613 4671 the
625 4623 702 4671 ttSS.
850 4623 859 4648 ³
876 4623 988 4681 civitate,
1001 4624 1037 4673 tt.
1186 4625 1196 4653 ⁴
1214 4628 1279 4688 regi,
1293 4643 1341 4689 pro
1353 4630 1456 4690 viuere,
1468 4628 1504 4678 0.
