3542 5359
359 600 400 663 44
583 582 738 643 OPERIS
762 582 951 654 MAJORIS
975 583 1090 642 PARS
1115 580 1286 655 QUINTA.

358 746 579 833 corporalium
605 757 639 810 et
662 744 880 811 materialium
903 746 1074 810 habebunt
1095 765 1227 830 semper
1249 766 1321 809 esse
1344 745 1514 809 materiale

359 863 393 917 et
411 852 591 935 corporale,
607 852 695 915 unde
710 850 835 914 insania
851 860 902 915 est
917 850 1117 914 contrarium
1134 849 1263 913 sentire.

193 965 259 1014 How
270 964 312 1014 the
404 956 490 1022 Cum
520 977 599 1039 ergo
629 954 831 1021 Aristoteles
862 963 897 1019 et
925 954 1092 1018 Averroes
1122 955 1245 1032 dicunt,
1267 954 1358 1037 quod
1388 954 1514 1038 species

191 1045 460 1126 camposahabet
484 1082 556 1124 esse
579 1060 749 1144 spirituale
775 1061 808 1122 in
837 1060 948 1124 medio
973 1070 1007 1124 et
1031 1058 1062 1122 in
1086 1080 1194 1136 sensu,
1217 1068 1310 1142 patet
1333 1059 1423 1141 quod
1447 1079 1514 1122 non

359 1166 500 1230 sumitur
520 1165 688 1247 spirituale
710 1185 731 1227 a
753 1163 879 1248 spiritu,
895 1175 956 1227 n'ec
978 1164 1118 1246 proprie.
1165 1162 1257 1247 Ergo
1279 1162 1458 1245 aequivoce
1481 1174 1515 1225 et

359 1270 547 1353 improprie,
569 1280 602 1333 et
624 1269 688 1333 hoc
714 1277 764 1331 est
786 1288 912 1332 verum.
958 1268 1047 1331 Nam
1072 1288 1131 1350 pro
1156 1266 1334 1331 insensibili
1356 1266 1515 1331 sumitur:

360 1375 438 1457 quia
455 1374 543 1438 enim
559 1393 659 1437 omne
673 1394 749 1437 vere
764 1371 942 1456 spirituale,
958 1381 994 1435 ut
1010 1372 1111 1448 Deus,
1126 1371 1263 1454 angelus
1280 1382 1313 1435 et
1329 1372 1450 1450 anima,
1464 1381 1515 1435 est

360 1478 559 1553 insensibile,
572 1488 605 1542 et
617 1498 683 1541 non
699 1478 788 1541 cadit
803 1477 865 1540 sub
877 1496 1023 1554 sensum,
1035 1475 1109 1539 ideo
1125 1476 1348 1540 convertimus
1357 1475 1515 1540 terminos

360 1594 394 1647 et
415 1580 616 1648 insensibilia
631 1602 788 1646 vocamus
803 1581 996 1664 spiritualia.
1041 1580 1110 1645 Sed
1126 1579 1189 1644 hoc
1209 1590 1261 1645 est
1278 1579 1465 1662 aequivoce,
1481 1590 1514 1644 et

360 1697 458 1752 extra
472 1707 587 1751 verum
603 1696 637 1751 et
654 1686 822 1769 proprium
841 1705 973 1748 sensum
991 1684 1036 1748 rei
1052 1684 1240 1768 spiritualis.
1273 1683 1372 1749 Unde
1387 1685 1514 1766 species

361 1810 469 1855 rerum
492 1811 558 1856 non
581 1792 704 1855 cadunt
727 1790 789 1855 sub
812 1809 909 1853 sensu
933 1790 1007 1853 forti
1030 1798 1065 1851 et
1088 1788 1302 1871 distinguenti
1325 1798 1359 1852 et
1380 1808 1441 1872 per
1459 1809 1514 1852 se:

362 1916 438 1959 cum
458 1896 547 1959 enim
563 1894 640 1959 nihil
655 1894 697 1958 sit
711 1893 862 1959 sensibile
878 1915 937 1976 per
951 1914 987 1956 se
1005 1894 1069 1957 nisi
1089 1895 1240 1971 densum,
1255 1893 1332 1975 quia
1352 1893 1386 1957 id
1407 1892 1514 1957 solum

362 2010 476 2083 potest
497 2000 605 2063 visum
628 1999 812 2076 terminare,
832 1998 893 2061 lux
914 1996 967 2061 vel
991 1997 1116 2079 species
1138 1998 1257 2061 coloris
1283 1997 1317 2059 in
1340 2017 1417 2060 aere
1441 2018 1514 2079 per-

363 2104 478 2187 spicuo
501 2124 567 2167 non
590 2113 641 2167 est
658 2102 796 2166 visibilis
816 2123 876 2185 per
892 2123 937 2176 se,
956 2103 1014 2164 sed
1038 2123 1096 2184 per
1113 2101 1273 2179 accidens,
1291 2102 1370 2184 quia
1391 2101 1515 2166 scilicet

363 2208 500 2291 aliquod
516 2210 653 2271 densum
672 2216 722 2271 est
743 2206 829 2270 ultra
849 2226 971 2285 aerem,
986 2207 1029 2270 ad
1046 2208 1137 2288 quod
1152 2207 1242 2271 visus
1262 2204 1466 2284 terminatur,
1482 2215 1516 2268 et

363 2313 410 2377 sic
427 2312 563 2394 percipit
579 2310 785 2394 perspicuum
804 2330 875 2374 esse
891 2310 924 2374 in
939 2311 1048 2374 medio
1066 2312 1109 2374 ad
1125 2311 1214 2393 quod
1237 2331 1303 2373 non
1323 2310 1517 2373 terminatur

362 2416 460 2494 visuS,
476 2425 509 2479 et
525 2435 583 2498 per
598 2434 801 2497 consequens
817 2414 947 2478 claritas
968 2413 1049 2477 lucis
1063 2415 1095 2477 in
1111 2435 1152 2478 eo
1168 2424 1316 2497 apparet.
1361 2414 1408 2476 Et
1427 2414 1516 2478 simi-

363 2521 437 2584 liter
466 2540 541 2583 cum
572 2520 660 2583 cadit
686 2539 744 2603 per
773 2518 951 2583 fenestram
980 2520 1098 2597 radius,
1124 2519 1255 2582 videtur
1279 2538 1338 2602 per
1364 2519 1516 2582 accidens

363 2634 499 2709 propter
518 2623 657 2707 figuram
681 2624 932 2699 determinatam
955 2624 1117 2688 fenestrae
1138 2646 1159 2687 a
1179 2645 1247 2706 qua
1269 2622 1429 2706 figuratur
1447 2623 1516 2701 lux,

363 2740 398 2794 et
421 2739 557 2811 propter
575 2728 647 2793 loca
665 2748 770 2810 opaca
792 2728 947 2810 undique,
962 2738 999 2791 ut
1018 2728 1065 2792 sic
1088 2729 1279 2812 oppositum
1299 2728 1400 2810 juxta
1418 2748 1516 2791 suum

364 2835 563 2899 contrarium
580 2833 722 2915 positum
738 2832 865 2897 facilius
880 2842 1048 2915 appareat.
1086 2832 1242 2897 Similiter
1257 2833 1391 2915 quando
1407 2833 1517 2895 radius

363 2938 479 3003 solaris
502 2939 619 3003 transit
642 2958 701 3020 per
715 2938 836 3003 vitrum
854 2936 907 3000 vel
930 2956 990 3019 per
1008 2957 1157 3021 pannum
1180 2935 1306 3000 fortiter
1325 2937 1516 3013 coloratum,

365 3052 504 3125 apparet
533 3042 656 3125 species
686 3042 804 3106 coloris
834 3042 867 3104 in
897 3061 1012 3124 opac0.
1066 3040 1134 3106 Sed
1168 3041 1232 3105 hoc
1262 3049 1313 3104 est
1341 3040 1516 3123 dupliciter

365 3166 425 3228 per
447 3146 609 3219 accidens,
632 3155 704 3207 tum
730 3157 867 3228 propter
890 3146 1024 3211 nimiam
1050 3143 1233 3209 claritatem
1258 3143 1340 3209 lucis
1366 3155 1515 3227 respectu

366 3249 492 3326 coloris,
522 3258 593 3312 tum
625 3259 774 3331 respectu
809 3251 916 3333 opaci,
945 3250 1035 3332 quod
1072 3250 1136 3313 luci
1170 3250 1357 3333 opponitur.
1403 3248 1450 3312 Et
1485 3250 1517 3312 in

366 3353 559 3436 corporibus
579 3352 747 3417 stellarum
763 3354 894 3419 videtur
909 3355 1035 3437 species
1055 3353 1137 3417 lucis
1157 3353 1282 3429 solaris,
1297 3354 1357 3418 sed
1377 3374 1442 3417 non
1459 3374 1518 3435 per

366 3477 449 3535 eam,
473 3459 531 3520 sed
559 3468 695 3541 propter
718 3459 915 3523 densitatem
942 3460 1088 3541 corporis
1113 3458 1240 3536 stellae,
1261 3478 1347 3541 quae
1372 3460 1518 3522 densitas

367 3563 523 3625 terminat
541 3564 667 3639 visum;
689 3573 724 3626 et
744 3565 883 3628 densum
903 3565 1002 3628 etiam
1022 3573 1073 3628 est
1090 3584 1190 3627 causa
1207 3561 1465 3637 illuminationis,
1480 3574 1519 3627 ut

365 3668 514 3748 superius
530 3678 580 3731 est
595 3677 802 3733 annotatum.
848 3668 914 3732 His
931 3689 1009 3751 ergo
1030 3670 1159 3733 casibus
1173 3667 1303 3731 videtur
1317 3668 1445 3751 species
1461 3688 1520 3750 per

366 3772 527 3849 accidens,
556 3781 590 3835 et
626 3772 776 3837 similiter
810 3773 989 3856 aliquando
1026 3782 1161 3857 propter
1193 3771 1400 3836 debilitatem
1430 3773 1519 3835 visus

366 3875 501 3937 nimiam
520 3886 553 3938 et
568 3887 703 3959 propter
718 3876 953 3960 negligentiam
969 3878 1113 3953 videndi,
1129 3878 1213 3942 sicut
1229 3875 1262 3939 in
1277 3878 1374 3942 certis
1390 3877 1519 3941 casibus

365 3990 553 4061 exponetur
568 3980 709 4045 inferius.
749 3982 794 4045 Et
809 3982 886 4066 quia
904 3982 1012 4046 solum
1028 4002 1087 4064 per
1102 3982 1262 4057 accidens,
1278 3990 1314 4043 ut
1331 4002 1374 4044 ex
1390 3982 1519 4044 defectu

364 4086 453 4148 visus
476 4094 510 4148 et
533 4084 735 4167 negligentia
754 4088 899 4163 videndi,
919 4097 1059 4170 possunt
1081 4086 1260 4169 aliquando
1282 4086 1376 4168 quasi
1399 4105 1419 4148 a
1441 4106 1518 4149 casu

365 4188 491 4273 species
517 4189 694 4253 visibilium
724 4191 847 4273 percipi
876 4191 1136 4273 quodammodo,
1164 4191 1239 4255 ideo
1268 4210 1336 4253 non
1365 4190 1520 4254 dicuntur

364 4293 509 4358 visibiles
525 4313 585 4356 nec
600 4294 768 4359 sensibiles
783 4294 986 4377 simpliciter,
1001 4305 1035 4360 et
1053 4296 1188 4359 nomine
1208 4295 1371 4377 absoluto.
1417 4292 1518 4357 Simi-

366 4398 441 4461 liter
458 4397 489 4461 in
508 4398 725 4481 tangibilibus
743 4408 776 4462 et
796 4399 1022 4465 odorabilibus
1042 4410 1077 4465 et
1094 4400 1167 4463 aliis
1186 4401 1358 4483 speciebus
1379 4398 1520 4462 sensibi-

366 4500 455 4579 lium,
471 4521 532 4564 nec
547 4522 606 4585 per
621 4524 656 4566 se
671 4522 732 4566 nec
749 4524 809 4586 per
823 4505 977 4567 accidens
992 4504 1113 4567 accidit
1128 4524 1243 4568 sensus
1258 4502 1374 4579 decis,
1390 4514 1425 4568 et
1444 4503 1521 4566 ideo

366 4606 493 4687 species
515 4615 592 4671 sunt
615 4606 828 4673 insensibiles.
875 4607 922 4672 Et
943 4608 1021 4692 quia
1041 4607 1247 4673 insensibiles
1261 4617 1348 4687 sunt,
1362 4617 1522 4672 vocantur
