3542 5359
361 613 600 672 PERSPECTI
606 614 691 672 VAE
715 614 830 673 PARS
855 615 1080 674 SECUNDA:
1113 616 1222 674 DIST.
1241 616 1282 674 II.
1357 630 1398 690 97

246 795 379 839 causam
398 775 496 857 hujus
511 777 566 853 rei,
581 776 658 858 quia
680 786 812 859 oportet
835 777 941 861 ipsum
963 799 1003 842 ea
1022 799 1107 860 quae
1129 777 1252 860 scripta
1270 787 1348 842 sunt
1363 777 1398 840 in

247 878 309 941 hac
346 889 441 961 parte
475 883 591 962 quinta
620 880 718 963 hujus
750 883 969 964 persuasionis
1003 883 1085 947 bene
1117 883 1334 957 considerare,
1363 893 1398 946 et

249 984 396 1047 maxime
427 1005 513 1068 quae
542 985 574 1048 in
603 985 667 1049 hoc
697 985 842 1067 capitulo
872 987 916 1050 de
945 987 1053 1050 causis
1081 987 1218 1050 visionis
1247 1007 1268 1050 a
1303 998 1398 1069 parte

247 1089 426 1169 specierum
457 1090 609 1153 dicuntur
639 1099 673 1153 et
702 1091 896 1155 scribuntur.
950 1090 1087 1156 Certum
1112 1111 1191 1173 ergo
1223 1100 1282 1163 est,
1307 1092 1396 1174 quod

247 1192 367 1256 axibus
387 1193 473 1257 oculi
502 1192 577 1256 fixis
602 1215 702 1277 super
723 1217 745 1258 a
771 1195 908 1272 visibile,
923 1195 1136 1258 nihilominus
1162 1205 1275 1260 tamen
1293 1197 1397 1259 virtus

246 1297 349 1359 visiva
366 1299 473 1361 tendit
489 1298 522 1359 in
538 1319 571 1360 m
585 1299 722 1376 visibile,
737 1301 794 1363 sed
811 1300 935 1382 species
950 1301 1084 1364 veniens
1104 1300 1148 1364 ab
1162 1300 1259 1365 oculo
1274 1301 1395 1365 dextro

247 1402 353 1465 tendit
365 1402 397 1465 in
412 1404 592 1480 sinistrum,
607 1406 633 1466 si
650 1406 847 1486 procedatur
861 1404 957 1483 ultra,
969 1415 1002 1468 et
1011 1405 1161 1470 similiter
1172 1406 1297 1488 species
1310 1407 1395 1469 oculi

248 1505 368 1569 sinistri
385 1508 494 1570 tendit
511 1509 553 1571 ad
573 1509 741 1583 dextrum,
757 1528 834 1572 nam
850 1510 914 1572 hae
928 1510 1053 1591 species

249 1611 447 1675 intersecant
472 1633 509 1676 se
535 1613 568 1676 in
592 1634 625 1675 m
647 1623 780 1695 puncto,
802 1623 837 1677 et
859 1624 1054 1697 separantur
1079 1603 1153 1635 Μ

248 1715 306 1791 ita,
321 1724 358 1777 ut
373 1716 492 1779 dextra
506 1726 654 1780 transeat
669 1718 712 1780 ad
731 1709 897 1782 sinistram
914 1727 1054 1799 partem,

247 1829 283 1881 et
298 1818 429 1883 sinistra
443 1821 485 1883 ad
502 1823 666 1895 dextram,
683 1833 719 1886 ut
734 1833 827 1904 patet
848 1824 890 1886 ad
907 1841 1053 1886 sensum.

248 1921 416 2006 Quoniam
433 1946 512 2008 ergo
537 1947 569 1989 m
590 1938 729 2010 apparet
752 1930 828 2004 duo,
849 1947 982 1990 necesse
1003 1935 1055 1989 est

247 2036 286 2090 ut
307 2029 418 2111 imago
438 2051 524 2113 quae
546 2031 726 2114 respondet
748 2031 869 2096 dextro
893 2030 990 2094 oculo
1012 2030 1055 2093 sit

249 2131 335 2194 ultra
359 2154 392 2194 m
417 2134 451 2196 in
478 2146 606 2216 partem
628 2134 803 2210 sinistram,
823 2135 903 2218 quia
928 2135 1055 2218 species

246 2236 335 2300 oculi
360 2238 471 2302 dextri
495 2241 602 2303 tendit
629 2241 663 2302 in
694 2249 822 2322 partem
853 2239 953 2302 illam.
1009 2237 1056 2300 Et

247 2341 324 2404 ideo
339 2343 472 2424 quando
488 2344 601 2408 oculus
612 2343 914 2420 dexterclauditur,
924 2351 1056 2424 oportet

246 2447 336 2527 quod
368 2458 542 2511 evanescat
573 2448 684 2531 imago
718 2448 870 2525 sinistra;
908 2454 943 2510 et
976 2465 1056 2510 con-

247 2549 362 2613 similis
381 2551 465 2614 ratio
487 2564 537 2617 est
557 2553 600 2616 de
614 2552 712 2616 oculo
727 2553 860 2616 sinistro
879 2561 914 2615 et
938 2548 1083 2631 imagine
1105 2548 1236 2622 dextra,
1251 2554 1286 2610 et
1308 2547 1396 2610 istud

246 2663 340 2738 patet
355 2655 387 2717 in
404 2654 515 2737 figura

293 2759 339 2823 Et
374 2771 486 2824 tamen
515 2781 581 2825 non
619 2780 749 2844 semper
784 2758 966 2842 disparebit
1003 2758 1115 2839 imago
1147 2756 1268 2818 dextra
1301 2755 1397 2818 oculo
1409 2758 1467 2834 titis
1478 2757 1559 2871 othp-

245 2861 380 2927 sinistro
402 2865 524 2940 clauso,
548 2884 607 2928 nec
629 2866 760 2928 sinistra
785 2865 827 2927 ad
851 2856 1053 2926 clausionem
1073 2860 1183 2924 dextri
1206 2859 1313 2936 oculi;
1338 2860 1396 2921 sed
1410 2839 1470 2952 ’,ζ’ζξ
1476 2832 1540 2938 122¹,ss

246 2970 333 3032 bene
348 2970 468 3033 accidit
482 2972 572 3051 quod
588 2969 700 3033 clauso
709 2969 832 3032 dextro
844 2968 950 3044 oculo,
963 2966 1074 3048 imago
1089 2966 1209 3028 dextra
1222 2965 1399 3047 dispareat,
1410 2954 1566 3070 33ngssle

246 3083 282 3134 et
297 3071 410 3135 clauso
430 3072 561 3136 sinistro
582 3073 693 3154 imago
712 3073 842 3136 sinistra
862 3071 1054 3154 disparebit,
1070 3079 1107 3133 ut
1126 3078 1237 3152 potest
1260 3067 1398 3150 quilibet
1441 3037 1452 3083 ³

246 3176 389 3257 experiri
406 3177 447 3238 ad
465 3175 578 3240 stellas
593 3176 679 3239 fixas
696 3177 728 3238 in
746 3186 873 3239 aestate
888 3174 1123 3258 increpusculo
1134 3183 1213 3237 ante
1224 3171 1398 3236 obscuram

245 3288 391 3354 noctem,
406 3290 440 3343 et
455 3280 502 3344 ita
517 3290 630 3362 posset
646 3279 715 3344 lieri
729 3279 773 3343 de
788 3279 918 3362 ignibus
934 3280 1032 3361 longe
1047 3277 1254 3342 distantibus.

1305 1603 1392 1638 m

1185 2393 1246 2442 Fre.
1258 2408 1299 2456 43.

671 3662 897 3728 Cnmruuuu
919 3661 977 3725 lV.

293 3835 346 3898 De
367 3835 441 3914 hoc,
457 3835 547 3919 quod
572 3845 730 3919 appareat
753 3855 856 3898 unum
887 3835 956 3898 duo
987 3842 1122 3917 propter
1153 3833 1398 3914 elongationem

244 3940 365 4005 axium
403 3941 650 4021 particularium
689 3939 733 4003 ab
769 3959 835 4002 axe
871 3938 1046 4013 communi,
1076 3958 1151 4000 cum
1190 3938 1401 4021 expositione

243 4045 394 4110 omnium
412 4046 584 4109 modorum
602 4043 705 4108 situs¹
723 4054 757 4108 et
772 4043 996 4125 assignatione
1007 4062 1126 4107 causae
1140 4043 1275 4105 visionis
1294 4043 1400 4106 bonae

243 4150 298 4213 vel
318 4147 424 4213 malae
440 4150 471 4212 in
488 4148 652 4212 omnibus.

292 4333 370 4397 Non
387 4334 494 4398 solum
511 4345 561 4398 est
576 4334 750 4399 diversitas
765 4335 898 4397 visionis
917 4353 1082 4408 erroneae,
1098 4353 1139 4396 eo
1160 4331 1249 4413 quod
1269 4331 1398 4392 diversa
1411 4336 1509 4400 Depen-

243 4438 290 4504 sit
315 4439 437 4521 positio
465 4441 509 4502 rei
531 4441 620 4502 visae
645 4448 794 4521 respectu
818 4439 943 4511 axium,
964 4447 1001 4500 ut
1024 4438 1231 4510 dictumest,
1254 4433 1313 4496 sed
1335 4435 1396 4515 ipsi
1409 4402 1526 4516 med

279 4575 288 4605 ¹
306 4575 429 4624 Omnium
441 4577 575 4624 modorum
587 4575 652 4624 situs
663 4576 686 4624 is
698 4575 806 4624 omitted
818 4575 844 4622 in
851 4574 877 4634 J.
900 4573 974 4622 Silus
983 4573 1005 4621 is
1015 4573 1060 4621 the
1072 4572 1147 4620 ninth
1159 4571 1189 4620 of
1196 4571 1242 4619 the
1251 4571 1399 4620 conditione

243 4655 276 4706 of
284 4654 369 4703 vision
382 4655 495 4702 referred
507 4663 536 4703 to
547 4669 581 4702 on
594 4669 618 4717 p.
632 4669 699 4715 74⁸³
711 4653 825 4714 needing
836 4653 935 4700 further
945 4651 1119 4712 explanation.

290 4751 375 4802 VOL.
394 4751 430 4802 11.
808 4751 834 4799 H
