3542 5359
512 613 713 674 SCIENTIA
738 611 1129 672 EXPERIMENTALIS.
1335 629 1392 688 177
1468 675 1472 682 ,

242 777 327 842 inter
357 798 426 842 rem
456 777 619 843 elevatam
650 786 684 841 et
706 771 810 840 inter¹
833 775 1052 851 horizontem,
1075 784 1187 839 tamen
1208 776 1236 838 si
1260 763 1414 859 proprie'

241 881 409 965 loquendo
431 892 581 946 sumatur
609 881 751 946 altitudo
775 880 829 954 rei,
851 889 932 944 tunc
955 900 1048 944 arcus
1077 880 1186 944 circuli
1209 880 1392 945 altitudinis

241 984 329 1050 inter
358 985 562 1051 horizontem
593 985 679 1049 inter
709 1005 778 1049 rem
808 994 843 1049 et
878 984 1005 1048 radium
1035 985 1195 1056 visualern
1232 995 1283 1050 est
1320 985 1392 1069 ejus

241 1090 407 1170 altitudo;
444 1091 521 1174 quia
558 1090 674 1154 oculus
711 1110 779 1154 non
810 1099 860 1154 est
890 1089 923 1153 in
953 1098 1067 1153 centro
1097 1089 1295 1167 horizontis3
1332 1091 1392 1154 sed

241 1195 391 1278 superius
413 1195 447 1258 in
469 1215 535 1260 axe
557 1215 629 1272 suo,
647 1203 680 1258 et
702 1194 778 1257 ideo
801 1214 861 1268 res,
887 1214 974 1275 quae
996 1203 1074 1258 sunt
1096 1194 1131 1256 in
1152 1214 1228 1257 aere
1249 1204 1284 1258 et
1306 1194 1392 1272 luna,

241 1298 492 1363 considerantur
505 1299 686 1362 secundum
701 1298 891 1381 hujusmodi
902 1297 1120 1363 altitudinem.
1164 1299 1253 1362 Nam
1266 1297 1391 1363 habent

242 1402 465 1467 diversitatem
496 1412 649 1485 aspectus
679 1403 756 1485 quia
785 1423 891 1484 prope
920 1412 1042 1466 terram
1072 1412 1159 1481 sunt,
1187 1401 1246 1466 sed
1276 1400 1326 1466 sol
1356 1413 1391 1466 et

242 1516 372 1569 caetera
387 1507 563 1572 remotiora
579 1527 645 1570 non
660 1508 716 1580 sic,
733 1515 870 1590 propter
885 1507 1022 1570 nimiam
1038 1506 1264 1570 remotionem.
1300 1501 1391 1571 Nam

241 1610 407 1690 quantitas
422 1610 612 1676 elevationis
632 1612 818 1696 aspicientis
838 1631 905 1675 non
926 1611 1029 1677 habet
1050 1611 1268 1675 differentiam
1288 1612 1392 1675 sensi-

241 1714 343 1778 bilem
366 1716 409 1778 ad
440 1717 659 1782 remotionem
693 1736 867 1798 corporum
898 1715 1038 1793 illorum,
1060 1718 1121 1781 sed
1149 1716 1258 1780 solum
1290 1714 1392 1780 habet

241 1819 523 1902 comparationem
540 1822 583 1884 ad
598 1841 637 1884 ea
652 1841 737 1904 quae
752 1821 784 1884 in
802 1841 877 1884 aere
897 1830 1069 1904 apparent,
1086 1830 1122 1884 ut
1144 1831 1222 1884 sunt
1242 1831 1392 1886 cometae

242 1933 276 1988 et
306 1924 412 1988 irides.
458 1925 515 1987 Ex
538 1925 588 1988 his
617 1925 716 2006 igitur
741 1934 835 2009 patet
856 1926 949 2007 quod
971 1922 1114 1989 altitudo
1138 1925 1229 1989 iridis
1259 1925 1393 2008 proprie

241 2037 374 2111 sumpta
405 2030 466 2094 erit
496 2048 591 2093 arcus
620 2029 669 2092 sui
698 2028 810 2094 circuli
848 2027 1029 2093 altitudinis
1067 2029 1269 2110 interceptus
1307 2029 1411 2093 inter·

240 2153 429 2215 supremam
465 2133 702 2216 gibbositatem
740 2133 829 2197 iridis
873 2140 908 2198 et
944 2133 1028 2197 inter
1065 2132 1193 2196 radium
1231 2132 1391 2197 visibilem

241 2237 517 2320 aequidistantem
541 2237 715 2314 horizonti,
736 2238 825 2320 quod
842 2236 1061 2302 necessarium
1085 2246 1136 2300 est
1158 2236 1233 2300 sciri
1256 2246 1393 2320 propter

241 2342 422 2424 sequentia.

286 2446 580 2529 Experimentator
595 2447 705 2529 igitur,
714 2455 847 2528 sumpta
860 2444 1035 2511 altitudine
1046 2445 1125 2511 solis
1140 2456 1174 2511 et
1189 2445 1278 2512 iridis
1292 2466 1393 2530 super
1405 2459 1460 2509 The
1472 2460 1547 2511 mult

241 2549 456 2628 horizontem,
473 2551 615 2614 inveniet
629 2552 719 2635 quod
735 2551 853 2615 ultima
868 2551 1012 2616 altitudo
1027 2571 1093 2635 qua
1103 2561 1216 2632 potest
1231 2570 1392 2634 apparere
1403 2526 1507 2656 ffiy·

241 2654 297 2718 iris
317 2675 417 2738 super
438 2654 645 2719 horizontem
669 2665 719 2719 est
740 2653 807 2734 42²
828 2655 1002 2738 graduum,
1017 2664 1051 2719 et
1068 2654 1151 2719 haec
1171 2664 1222 2719 est
1244 2655 1392 2718 maxima

241 2759 489 2825 elevatioiridis.
512 2759 558 2824 Et
567 2759 649 2824 haec
660 2759 798 2834 elevatio
808 2761 956 2825 continet
965 2779 1078 2822 arcum
1089 2761 1174 2823 inter
1182 2760 1391 2842 suppositam

240 2863 476 2947 gibbositatem
499 2874 533 2928 et
556 2864 640 2927 inter
667 2864 796 2926 radium
819 2862 990 2938 visualenr‚
1012 2872 1047 2925 et
1076 2872 1127 2926 est
1156 2863 1290 2944 propria
1319 2862 1391 2944 ejus

240 2965 391 3042 altitudo,
407 2967 556 3050 quamvis
571 2976 703 3049 praeter
725 2986 799 3031 eam
824 2967 866 3030 sit
882 2987 987 3044 arcus,
1009 2965 1066 3049 qui
1085 2975 1136 3030 est
1155 2965 1243 3028 inter
1263 2965 1390 3029 radium

240 3079 274 3134 et
290 3071 389 3134 finem
405 3071 594 3148 horizontis,
607 3071 661 3134 vel
677 3071 759 3135 fines
775 3069 885 3134 circuli
904 3069 1102 3135 concentrici
1124 3069 1315 3145 horizontis,
1330 3089 1391 3152 per

241 3193 340 3256 quem
354 3174 471 3237 transit
487 3173 625 3237 circulus
641 3173 826 3238 altitudinis
842 3173 941 3236 iridis.
972 3172 1018 3234 Et
1031 3172 1073 3234 ad
1085 3171 1099 3209 ³
1110 3170 1194 3236 hanc
1209 3171 1392 3235 maximam

241 3275 459 3341 elevationem
478 3277 626 3360 pervenit
642 3277 706 3351 iris,
722 3277 859 3360 quando
879 3274 930 3338 sol
952 3286 1002 3341 est
1020 3276 1053 3338 in
1071 3274 1254 3350 horizonte,
1268 3275 1392 3340 scilicet

241 3380 274 3443 in
297 3389 370 3444 ortu
392 3379 445 3444 vel
468 3400 607 3457 occasu;
637 3390 671 3445 et
702 3381 803 3444 etiam
828 3382 962 3464 quando
985 3389 1036 3444 est
1065 3399 1170 3462 prope
1199 3391 1309 3444 ortum
1337 3380 1391 3444 vel

241 3504 396 3549 occasum
434 3487 497 3549 sub
527 3484 706 3563 horizonte,
745 3505 810 3549 non
850 3505 955 3568 usque
992 3486 1035 3548 ad
1072 3485 1172 3549 finem
1209 3483 1392 3566 crepusculi

241 3588 432 3672 vespertini,
454 3585 586 3671 neque⁴
610 3608 716 3671 usque
738 3591 782 3654 ad
804 3589 1000 3672 principium
1023 3588 1206 3671 crepusculi
1227 3588 1394 3667 matutini,

241 3692 301 3756 sed
323 3712 427 3776 prope
457 3703 567 3757 ortum
590 3703 648 3758 aut
671 3713 833 3770 occasum,
856 3703 894 3757 ut
923 3693 1049 3757 dictum
1080 3703 1138 3758 est
1185 3691 1231 3755 Et
1253 3692 1393 3772 tunc,si

242 3796 382 3860 materia
401 3797 511 3861 rorida
537 3798 580 3861 sit
604 3797 754 3880 superius
777 3807 976 3880 praeparata
996 3797 1030 3860 in
1049 3797 1201 3877 nubibus,
1221 3797 1393 3880 apparebit

239 3899 424 3984 gibbositas
447 3901 544 3980 iridis,
566 3901 643 3965 licet
672 3901 722 3964 sol
753 3901 796 3966 sit
819 3920 937 3984 parum
960 3901 1023 3964 sub
1046 3901 1225 3978 horizonte,
1256 3900 1392 3982 quando

241 4004 313 4085 ejus
328 4005 408 4070 radii
424 4014 563 4088 possunt
579 4005 743 4089 attingere
757 4006 800 4069 ad
815 4025 956 4088 vapores
969 4004 1055 4068 altos
1078 4005 1111 4069 in
1127 4025 1213 4082 aere,
1231 4005 1309 4070 licet
1327 4026 1393 4069 non

239 4109 284 4171 ad
313 4128 454 4192 vapores
491 4128 597 4190 prope
635 4108 854 4173 horizontem.
914 4108 960 4173 Et
990 4109 1272 4191 experimentator
1300 4107 1393 4172 novit

239 4211 383 4292 experiri
399 4214 490 4295 quod
511 4214 645 4296 quando
667 4211 717 4276 sol
738 4223 788 4278 est
809 4213 842 4276 in
866 4211 1041 4278 altitudine
1060 4229 1103 4289 42
1127 4213 1291 4295 graduum
1311 4220 1392 4275 tunc

272 4410 282 4441 ¹
298 4411 356 4460 'l'he
367 4411 503 4474 repetition
520 4411 550 4461 ol
563 4410 631 4461 inter
642 4411 669 4462 in
683 4412 736 4462 this
750 4419 882 4476 sentence,
895 4412 948 4462 and
959 4411 986 4461 in
996 4410 1109 4460 another
1119 4426 1134 4460 a
1145 4409 1197 4460 lew
1207 4410 1273 4460 lines
1283 4410 1391 4473 further,

241 4491 290 4540 isa
302 4505 420 4539 common
432 4491 587 4540 mannerisnr
600 4490 630 4540 ol
639 4490 734 4540 Bacon.

273 4565 284 4596 ¹
299 4567 395 4618 Arabis
406 4569 538 4619 numerals
549 4569 576 4617 in
589 4569 645 4619 MS.
902 4567 913 4596 ²
927 4567 953 4628 J.
965 4569 1013 4618 has
1024 4583 1079 4630 per,
1091 4568 1193 4617 instead
1204 4566 1234 4617 ol
1240 4568 1283 4618 ad.

270 4647 282 4679 ⁴
298 4647 325 4708 J.
335 4647 382 4696 has
393 4646 454 4698 licet
465 4647 507 4697 ior
521 4663 615 4710 neque.

282 4743 366 4798 vo1..
382 4745 424 4796 11.
