3542 5359
373 595 434 655 370
586 579 742 638 OPERIS
765 579 954 649 MAJORIS
978 579 1093 638 PARS
1117 579 1315 640 SEPTIMA.

374 741 632 826 subjugaverint,
659 742 724 806 hoc
749 742 898 806 fecerunt
928 745 1108 805 secundum
1137 741 1312 823 justitiam.
1359 743 1448 807 Nam
1480 741 1528 804 eis

374 846 558 911 debebatur
581 847 624 909 de
649 845 721 927 jure
740 845 962 910 haereditario
986 847 1089 910 Terra
1113 845 1355 922 Promissionis,
1372 868 1412 911 eo
1435 845 1526 929 quod

375 950 506 1014 luerunt
536 951 579 1014 de
605 952 707 1032 stirpe
736 949 795 1013 filii
826 950 921 1027 Noe;
953 961 986 1014 et
1019 950 1076 1014 filii
1105 950 1212 1014 Cham
1239 951 1429 1014 invaserunt
1453 949 1526 1013 illas

375 1056 524 1138 regiones
546 1054 679 1138 injuste,
694 1075 771 1118 cum
794 1075 861 1119 non
885 1054 1015 1119 fuerunt
1036 1057 1135 1119 datae
1158 1056 1191 1118 in
1214 1065 1337 1120 sortem
1366 1075 1480 1120 eorum
1504 1077 1526 1119 a

374 1159 545 1242 principio.
591 1159 681 1222 Nam
706 1158 873 1242 Egyptus,
904 1169 938 1222 et
964 1159 1089 1234 Africa,
1116 1168 1150 1222 et
1180 1159 1364 1242 Aethiopia
1392 1161 1526 1223 fuerunt

373 1264 473 1326 datae
495 1261 570 1326 filiis
594 1263 711 1340 Cham,
728 1274 764 1326 ut
787 1273 880 1344 patet
903 1284 948 1326 ex
971 1262 1155 1344 Scriptura,
1177 1274 1211 1327 et
1235 1284 1294 1346 per
1317 1263 1470 1342 Sanctos,
1491 1273 1526 1325 et

374 1387 434 1448 per
449 1367 621 1444 historias;
649 1379 684 1431 et
707 1367 797 1450 prius
820 1376 946 1431 tactum
971 1377 1022 1430 est
1043 1368 1085 1430 de
1107 1367 1172 1430 hoc
1183 1365 1206 1430 ¹.

204 1482 352 1534 christian.
418 1471 598 1536 Christiani
618 1492 696 1535 vero
716 1471 943 1553 spiritualibus
960 1471 1143 1552 spiritualia
1161 1482 1392 1555 comparantes
1408 1490 1525 1533 secun-

372 1578 453 1640 dum
466 1575 574 1659 legem
590 1595 694 1652 suam,
706 1585 846 1657 possunt
856 1576 1052 1658 temporalia
1063 1575 1186 1639 habere
1195 1587 1331 1658 propter
1342 1577 1524 1639 humanam

373 1679 585 1761 fragilitatem
616 1688 652 1741 ut
683 1687 859 1742 exerceant
889 1678 1070 1760 spiritualia
1101 1679 1133 1741 in
1164 1681 1226 1745 hac
1255 1681 1331 1754 vita,
1361 1690 1526 1762 quatenus

372 1787 509 1848 tandem
526 1783 720 1867 perveniant
736 1783 778 1846 ad
797 1792 975 1856 aeternam,
990 1793 1060 1846 tam
1077 1784 1292 1866 corporaliter
1306 1805 1408 1867 quam
1428 1784 1526 1865 spiri·

373 1887 514 1952 tualiter.
549 1887 595 1950 Et
611 1896 723 1951 tamen
739 1887 772 1950 in
788 1887 844 1950 illa
859 1888 971 1950 vivent
986 1888 1057 1951 sine
1074 1888 1172 1952 rebus
1191 1889 1385 1954 extrinsecis
1403 1889 1525 1971 quibus

373 1994 405 2056 in
423 1993 485 2058 hac
499 1993 567 2055 vita
582 1992 749 2073 praesenti
765 2000 905 2056 utuntur
920 1992 1079 2056 homines.
1127 1992 1215 2058 Nam
1239 2014 1358 2077 corpus
1381 1991 1524 2056 animale

372 2096 429 2162 fiet
449 2097 629 2180 spirituale,
645 2106 679 2159 et
699 2105 790 2161 totus
808 2095 910 2160 homo
932 2095 1177 2179 glorificabitur,
1193 2108 1227 2162 et
1245 2098 1334 2162 vivet
1355 2118 1430 2162 cum
1447 2097 1524 2161 Deo

372 2212 405 2266 et
421 2201 557 2285 angelis.

202 2315 317 2365 Relative
416 2306 616 2389 Principales
641 2307 740 2389 igitur
760 2317 871 2372 sectae
894 2317 972 2370 sunt
995 2307 1065 2372 hae.
1113 2307 1321 2390 Paganorum
1337 2309 1443 2391 prima
1459 2318 1522 2386 est,

201 2382 275 2496 ζζέξξ
286 2381 316 2431 ⁰f
372 2413 479 2475 minus
494 2415 536 2476 de
547 2411 621 2475 Deo
636 2385 810 2475 scientium
824 2433 832 2490 ;
853 2431 914 2475 nec
930 2410 1053 2476 habent
1070 2413 1371 2486 sacerdotium,sed
1382 2411 1523 2495 quilibet

200 2512 325 2576 religione
371 2536 431 2598 pro
447 2515 619 2580 voluntate
634 2535 695 2579 sua
712 2514 808 2599 fingit
823 2515 884 2583 sibi
902 2516 1013 2579 Deum
1029 2527 1062 2581 et
1077 2517 1157 2582 colit
1172 2519 1262 2600 quod
1278 2518 1359 2597 vult,
1374 2527 1407 2580 et
1423 2518 1523 2581 sacri-

371 2619 448 2684 ficat
471 2630 508 2685 ut
530 2620 593 2684 sibi
616 2619 735 2705 placet.
782 2620 914 2687 Deinde
936 2633 1011 2685 sunt
1029 2621 1238 2696 idololatrae,
1254 2622 1310 2704 qui
1332 2622 1523 2686 sacerdotes

368 2725 493 2789 habent
520 2735 553 2788 et
577 2744 767 2808 synagogas
791 2734 825 2788 et
848 2744 1028 2807 campanas
1054 2746 1199 2808 magnas,
1226 2727 1311 2790 sicut
1335 2724 1522 2804 Christiani,

368 2831 487 2913 quibus
516 2839 676 2894 vocantur
707 2830 749 2892 ad
782 2851 879 2893 suum
914 2829 1068 2910 officium,
1095 2842 1128 2895 et
1153 2832 1317 2895 orationes
1349 2842 1454 2894 certas
1486 2842 1523 2895 et

368 2934 527 2999 sacrificia
547 2935 776 3006 determinata,
800 2944 834 2997 et
856 2945 987 3016 ponunt
1010 2936 1121 3018 plures
1141 2936 1241 3012 Deos,
1258 2936 1384 3000 nullum
1407 2946 1522 3002 autem

367 3039 639 3123 omnipotentem.
687 3039 726 3102 In
742 3038 840 3103 tertio
855 3041 960 3121 gradu
977 3051 1054 3104 sunt
1070 3041 1211 3119 Tartari,
1224 3041 1280 3122 qui
1291 3061 1392 3104 unum
1409 3040 1522 3103 Deum

366 3143 507 3208 adorant
529 3145 790 3226 omnipotentem
817 3154 852 3207 et
877 3143 1001 3207 colunt.
1048 3145 1115 3210 Sed
1141 3145 1244 3208 nihilo
1270 3146 1379 3209 minus
1409 3147 1522 3228 ignem

365 3257 563 3312 venerantur
588 3259 622 3311 et
648 3248 748 3311 limen
778 3248 907 3311 domus
954 3248 1041 3310 Nam
1072 3251 1184 3314 omnia
1215 3252 1431 3315 transducunt
1462 3269 1523 3330 per

368 3353 503 3436 ignem;
527 3353 612 3415 unde
636 3372 687 3416 res
713 3363 920 3417 mortuorum
947 3364 980 3417 et
1006 3356 1151 3418 exennia
1178 3366 1211 3419 et
1236 3356 1370 3420 nuntios
1394 3356 1521 3418 ducunt

368 3458 454 3520 inter
482 3458 575 3538 ignes
601 3467 633 3520 et
658 3457 730 3533 alia,
753 3467 789 3520 ut
816 3455 1036 3539 purificentur.
1084 3459 1173 3523 Nam
1204 3459 1260 3522 lex
1293 3479 1408 3523 eorum
1438 3459 1522 3523 dicit

367 3561 478 3625 omnia
509 3561 637 3642 expiari
670 3582 729 3644 per
759 3562 879 3644 ignem.
926 3561 1124 3645 Quicunque
1155 3564 1255 3628 etiam
1287 3563 1394 3627 calcat
1421 3583 1523 3645 super

367 3667 467 3731 limen
494 3666 614 3729 domus
640 3666 818 3731 damnatur
840 3667 883 3729 ad
911 3677 1060 3730 mortem.
1108 3667 1153 3732 Et
1187 3668 1219 3732 in
1251 3668 1301 3731 his
1326 3667 1457 3730 duobus
1484 3679 1521 3732 et

366 3771 565 3853 quibusdam
580 3770 652 3834 aliis
670 3780 747 3834 sunt
765 3770 911 3833 bmtales
926 3771 1078 3834 multum.
1126 3773 1164 3835 In
1183 3783 1302 3855 quarto
1320 3773 1425 3854 gradu
1440 3783 1521 3836 sunt

364 3873 494 3955 ludaei,
517 3875 573 3958 qui
600 3875 673 3958 plus
699 3874 879 3937 secundum
906 3895 999 3938 suam
1024 3875 1132 3957 legem
1153 3877 1313 3941 deberent
1332 3878 1453 3941 sentire
1476 3877 1522 3941 de

366 3978 450 4055 Deo,
470 3989 505 4042 et
525 3979 684 4044 veraciter
703 3979 848 4061 aspirare
873 3977 917 4040 ad
935 3978 1102 4059 Messiam,
1122 3981 1178 4063 qui
1199 3992 1250 4046 est
1268 3981 1426 4045 Christus.
1472 3980 1521 4045 Et

316 4103 326 4115 ·
364 4084 412 4146 sic
438 4084 585 4147 fecerunt
616 4083 661 4146 illi
685 4084 742 4166 qui
771 4082 986 4164 spiritualiter
1011 4084 1119 4167 legem
1151 4086 1308 4164 sciebant,
1336 4096 1373 4150 ut
1402 4082 1520 4149 Sancti

366 4186 574 4251 Patriarchae
596 4196 630 4251 et
654 4187 851 4270 Prophetae.
897 4185 1025 4269 Quinto
1054 4189 1127 4253 loco
1152 4200 1230 4254 sunt
1255 4189 1440 4266 Christiani,
1460 4190 1525 4272 qui

365 4291 472 4372 legem
494 4290 696 4371 Judaeorum
720 4291 932 4372 spiritualiter
958 4305 1130 4375 peragunt,
1158 4304 1191 4358 et
1218 4295 1348 4358 addunt
1375 4294 1418 4358 ad
1445 4293 1520 4375 ejus

364 4395 645 4478 complementum
677 4395 778 4460 fidem
807 4396 938 4460 Christi.
986 4397 1159 4462 Postremo
1189 4400 1298 4463 veniet
1329 4399 1385 4461 lex
1418 4397 1520 4461 Anti-

363 4498 486 4575 christi,
505 4501 562 4582 qui
584 4500 753 4565 subvertet
776 4499 856 4563 alias
879 4500 969 4582 leges
992 4503 1036 4565 ad
1059 4511 1200 4585 tempuS,
1222 4504 1283 4567 nisi
1306 4504 1396 4586 quod
1420 4502 1519 4567 electi

814 4636 823 4664 ¹
840 4637 881 4686 Cl.
893 4635 945 4686 vol.
958 4637 973 4685 i.
987 4651 1012 4700 p.
1024 4639 1083 4699 316.
