3542 5359
559 613 761 673 SCIENTIA
788 612 1182 674 EXPERIMENTALIS.
1386 629 1446 692 213

286 775 461 840 accessisse
485 776 585 861 longe
608 777 693 841 ultra
716 777 808 841 cibos
829 788 864 843 et
886 787 987 860 potus
1009 798 1221 852 communes3
1244 777 1302 841 sed
1331 788 1443 842 tamen

287 880 428 944 multum
446 879 557 946 deficit
573 882 616 944 ab
632 879 835 963 aequalitate
850 880 959 963 plena.
1005 880 1137 946 Gradus
1153 881 1239 945 enim
1257 881 1353 946 multi
1368 893 1444 945 sunt

287 983 319 1045 in
347 1004 479 1050 accessu
506 986 549 1049 ad
573 984 727 1048 ultimum
752 985 983 1068 aequalitatis;
1005 988 1095 1068 quod
1119 984 1218 1050 etiam
1243 1007 1309 1050 non
1331 985 1444 1070 attigit

285 1086 442 1172 Artephii
453 1090 626 1169 medicina,
634 1090 718 1153 sicut
727 1109 787 1154 nec
798 1089 853 1153 illa
862 1110 949 1172 quae
960 1111 1021 1174 per
1028 1087 1359 1173 quingentos¹annos
1368 1091 1444 1154 lecit

285 1191 376 1254 illum
392 1193 502 1256 vivere
524 1194 581 1276 qui
601 1193 730 1258 literam
753 1193 908 1277 papalem
930 1194 1048 1257 habuit
1072 1195 1105 1256 in
1127 1192 1343 1258 attestatione
1358 1195 1443 1258 tanti

286 1295 443 1372 miraculi,
460 1298 502 1361 de
517 1318 585 1380 quo
599 1298 726 1361 dictum
743 1307 795 1361 est
810 1293 992 1381 superius⁸.
1039 1297 1111 1361 Nec
1127 1297 1248 1361 mirum
1266 1299 1294 1360 si
1311 1298 1442 1363 Aristo·

285 1399 367 1464 teles
383 1421 450 1463 non
465 1411 596 1465 tantum
612 1402 711 1481 vixit,
721 1420 783 1465 nec
799 1401 906 1479 Plato,
919 1421 980 1465 nec
993 1400 1089 1464 multi
1105 1401 1222 1464 famosi
1234 1401 1442 1485 philosophi;

284 1523 386 1586 quum
405 1505 437 1567 in
460 1506 737 1588 praedicamentis
759 1505 839 1570 dicit
863 1504 1065 1569 Aristotcles
1086 1525 1123 1569 se
1145 1504 1315 1589 ignorasse
1337 1507 1441 1588 quad·

284 1619 430 1672 raturam
445 1609 557 1673 circuli
568 1607 589 1688 ³,
599 1630 686 1693 quae
702 1630 767 1674 non
783 1611 885 1674 habet
901 1610 1185 1690 comparationem
1195 1611 1239 1674 ad
1250 1609 1440 1691 hujusmodi

284 1720 457 1776 secretum.
496 1714 542 1779 Et
556 1713 730 1778 Avicenna
746 1715 826 1779 dicit
841 1713 876 1777 in
891 1715 988 1778 tertio
1002 1713 1277 1795 Physicorum,se
1293 1715 1440 1778 nondum

283 1817 415 1882 scivisse
431 1818 736 1902 praedicamentum
753 1818 911 1896 habitus;
935 1828 969 1882 et
993 1819 1094 1881 modo
1116 1818 1258 1883 aestimo
1281 1817 1345 1882 hoc
1367 1820 1441 1883 sciri

283 1923 325 1985 de
341 1920 437 1998 sacili,
453 1931 486 1986 et
504 1923 662 1987 miramur
677 1944 735 1987 eos
751 1935 820 1988 tam
844 1933 961 2005 aperta
984 1923 1172 1987 nescivisse.
1218 1922 1335 1987 Omnis
1351 1924 1441 1986 enim

282 2024 481 2108 sapientiaa
504 2025 652 2090 Domino
676 2025 751 2090 Deo
774 2034 844 2102 est;
867 2037 901 2090 et
927 2027 1003 2090 ideo
1028 2025 1210 2109 aliquando
1234 2025 1441 2110 simplicibus

281 2128 402 2192 dantur
425 2149 510 2212 quae
534 2128 766 2193 studiosissimi
792 2139 824 2194 et
850 2129 1064 2194 famosissimi
1090 2130 1174 2194 seire
1197 2149 1264 2193 non
1288 2141 1439 2211 possunt.

283 2229 349 2295 Sed
366 2233 530 2297 medicina
546 2233 610 2297 ista
633 2233 712 2297 dare
734 2254 799 2298 non
824 2244 950 2318 potest,
971 2255 1032 2298 nec
1055 2233 1217 2317 loquitur;
1239 2234 1298 2297 sed
1315 2235 1440 2318 magni·

281 2335 363 2400 tudo
399 2339 515 2402 secreti
554 2337 713 2402 scientiae
750 2337 1020 2420 experimentalis
1050 2337 1242 2420 hujusmodi
1277 2338 1438 2420 probavit.

282 2439 378 2524 Quae
408 2461 486 2506 vero
518 2455 595 2506 sunt
625 2441 771 2506 remedia
800 2451 835 2507 et
864 2463 948 2526 quas
978 2462 1031 2506 res
1068 2442 1243 2525 accipiunt,
1274 2441 1441 2506 invenitur

283 2546 426 2608 maxime
457 2546 490 2608 in
524 2545 609 2610 libro
640 2545 849 2611 Secretorum
875 2546 1069 2611 Aristotelis
1098 2555 1132 2610 et
1163 2546 1196 2608 in
1226 2545 1440 2630 philosophia

279 2647 445 2733 Artephii,
460 2658 495 2713 et
516 2649 550 2713 in
566 2649 651 2714 libro
667 2650 710 2714 de
726 2651 941 2714 Passionibus
963 2649 1165 2730 Senectutis,
1178 2660 1212 2714 et
1236 2650 1269 2712 in
1294 2659 1437 2715 tractatu

281 2753 323 2817 de
344 2753 468 2818 Senum
486 2765 520 2818 et
544 2754 721 2819 Seniorum
747 2755 934 2836 Regimine,
956 2765 991 2818 et
1014 2754 1161 2818 inlibris
1184 2753 1289 2832 Plinii,
1305 2763 1339 2818 et
1359 2754 1438 2819 alibi

283 2851 395 2917 multis
412 2854 521 2918 modis
530 2851 555 2918 ⁴.

312 2985 318 3014 ¹
338 2993 439 3036 centum
452 2993 550 3049 sextos,
563 2986 590 3046 J.
950 2984 961 3014 ¹
978 2985 1031 3036 See
1045 3001 1072 3049 p.
1084 3000 1143 3035 nro.

311 3063 321 3093 ¹
340 3063 423 3129 careg.
439 3081 464 3115 v.
484 3067 515 3114 18
531 3063 679 3127 Ἐπιστήμης
695 3065 730 3126 μὴ
743 3063 823 3127 οὔσης,
835 3063 907 3113 ὠδὶν
920 3063 1008 3114 κωλύει
1026 3062 1159 3126 innormis
1174 3059 1247 3111 eiras·
1261 3060 1362 3112 olornl
1372 3063 1439 3114 trot

278 3141 370 3191 κύκλου
381 3142 584 3207 τετραγωισμός·
603 3142 626 3192 sl
634 3141 665 3206 pl
677 3143 746 3193 lam
758 3143 897 3206 ἐπιστητόν,
912 3142 1033 3206 ἐπιστήμη
1044 3142 1090 3202 μὶν
1105 3141 1182 3191 αὐτοῦ
1199 3142 1245 3190 nite
1258 3141 1328 3191 low
1338 3143 1438 3204 obdito,

278 3221 352 3270 cirris
374 3222 401 3271 hl
425 3221 557 3285 iaromir
577 3221 654 3274 ἔστιν.
687 3223 744 3272 ste
766 3224 922 3285 quadrature
946 3223 976 3271 ol'
993 3224 1038 3273 the
1061 3222 1149 3284 circle,
1170 3236 1201 3270 or
1220 3222 1264 3270 the
1285 3223 1392 3271 method
1412 3222 1443 3272 oi

277 3301 485 3365 approximating
501 3309 529 3350 to
545 3301 564 3350 it
579 3302 666 3351 which
683 3303 706 3352 is
723 3302 821 3364 rightly
838 3302 921 3350 called
939 3303 975 3364 by
988 3302 1044 3350 that
1062 3317 1145 3366 name,
1162 3316 1220 3350 was
1237 3301 1389 3350 discovered
1402 3302 1438 3364 by

277 3378 448 3428 Archimedes
460 3380 487 3429 in
500 3381 544 3428 the
556 3386 667 3442 century
677 3381 836 3442 succeeding
846 3381 903 3429 that
914 3380 945 3429 ol
950 3381 1084 3430 Aristotle.

309 3458 320 3489 ⁴
339 3457 451 3507 Bacon's
472 3459 578 3508 treatise
598 3457 638 3506 De
654 3458 811 3507 ntadnnds‘s
830 3458 958 3506 semduh's
974 3458 1135 3507 callentibus
1150 3473 1207 3506 was
1224 3459 1366 3508 translated
1383 3460 1438 3510 into

278 3535 386 3598 English
398 3538 424 3585 in
438 3538 502 3597 1684
513 3538 549 3599 by
560 3553 576 3586 a
588 3537 702 3586 member
713 3538 743 3585 ol'
750 3539 795 3586 the
807 3537 916 3599 College
929 3537 960 3586 ol
969 3537 1130 3600 Physicians,
1145 3538 1191 3587 Dr.
1204 3537 1319 3587 Richsrd
1331 3538 1436 3601 Brown,

277 3614 342 3664 with
359 3623 435 3664 notes
455 3631 491 3664 on
508 3615 571 3664 each
592 3616 700 3678 chapter
714 3616 803 3664 which
822 3623 869 3664 not
885 3615 985 3678 merely
1001 3617 1089 3664 throw
1105 3630 1177 3664 some
1197 3616 1262 3678 light
1279 3632 1313 3665 on
1335 3619 1380 3666 the
1400 3618 1437 3666 in·

276 3693 412 3754 gredients
424 3693 453 3743 oi
467 3693 508 3742 his
522 3694 595 3742 elsin'r
604 3694 675 3754 uffae,
687 3695 733 3743 but
743 3694 828 3754 show,
839 3694 912 3742 what
924 3694 947 3742 is
959 3709 1025 3742 even
1037 3709 1110 3742 more
1122 3694 1268 3756 important,
1280 3696 1335 3744 that
1351 3703 1379 3744 to
1394 3696 1437 3744 the

276 3771 383 3820 medical
396 3771 467 3820 rnind
480 3772 536 3821 four
547 3772 676 3821 centuries
688 3771 755 3820 alter
764 3771 854 3833 Roger
864 3770 962 3833 Bacon,
973 3771 1024 3820 and
1035 3772 1091 3820 hali
1099 3787 1115 3820 a
1128 3779 1238 3834 century
1246 3772 1312 3821 aiter
1321 3772 1436 3834 Harvey,

276 3849 349 3898 there
369 3865 425 3899 was
447 3865 481 3899 no
500 3865 517 3898 a
545 3851 628 3913 pnhn'
646 3849 781 3912 absurdity
806 3849 833 3898 in
855 3849 901 3898 the
922 3849 1086 3912 supposition
1108 3849 1163 3898 that
1184 3850 1260 3898 those
1278 3851 1438 3912 ingredients

279 3943 350 3978 were
361 3929 392 3977 oi
400 3929 484 3980 velue.

308 4006 364 4055 'l'ne
376 4007 494 4069 smazing
501 4014 572 4056 want
585 4005 615 4056 of
622 4007 750 4068 relativity
760 4007 846 4056 which
856 4007 908 4056 still
921 4007 1058 4056 continues
1070 4015 1097 4056 to
1106 4006 1194 4055 vitiste
1207 4005 1337 4056 historical
1344 4008 1435 4069 judge·

275 4093 370 4146 ments,
382 4086 434 4135 and
446 4085 588 4149 especially
601 4086 767 4147 judgements
784 4086 811 4134 in
829 4086 875 4135 the
891 4086 993 4147 history
1005 4085 1036 4134 ol
1045 4085 1157 4147 science,
1170 4091 1292 4146 suggests
1303 4101 1319 4133 a
1334 4086 1436 4134 motion

275 4165 418 4226 analogous
429 4171 455 4213 to
467 4165 522 4214 that
532 4164 639 4227 already
650 4165 728 4226 given
739 4165 766 4213 iu
777 4165 822 4214 the
834 4180 895 4213 case
906 4165 937 4213 ol
944 4164 1094 4226 Astrology.
1122 4164 1171 4212 'sill
1183 4163 1229 4212 the
1240 4163 1306 4212 laws
1318 4162 1348 4212 oi
1355 4163 1437 4225 living

274 4242 365 4292 bodies
376 4257 448 4292 were
464 4242 568 4292 studied
579 4250 605 4292 at
618 4243 664 4293 the
679 4243 751 4292 close
767 4243 797 4291 oi
810 4243 855 4291 the
869 4243 1022 4304 eighteenth
1039 4248 1149 4302 century
1161 4240 1195 4304 by
1206 4241 1307 4302 Bicbat,
1320 4241 1435 4302 Hunter,

274 4321 326 4369 and
342 4321 432 4371 others
449 4321 475 4369 in
493 4322 538 4371 the
553 4320 618 4383 light
633 4321 664 4370 oi
676 4319 795 4383 physical
808 4323 860 4370 and
875 4320 1000 4370 chemical
1017 4320 1129 4376 science,
1146 4319 1221 4368 there
1235 4334 1291 4368 was
1308 4335 1345 4368 no
1361 4327 1434 4370 ante·

275 4400 369 4448 cedent
385 4400 575 4462 improbability
592 4400 619 4448 in
634 4400 779 4461 supposing
793 4401 838 4450 the
853 4399 1001 4463 possibility
1014 4398 1044 4448 ol
1055 4397 1191 4447 indefinite
1208 4398 1389 4459 prolongation
1407 4400 1438 4447 ol

275 4477 369 4526 human
389 4477 441 4527 lise.
476 4478 567 4528 Limits
583 4493 649 4540 very
669 4478 790 4528 different
809 4478 875 4526 from
895 4479 972 4527 those
991 4477 1121 4538 imagined
1143 4476 1179 4538 by
1196 4475 1286 4525 Bscon
1306 4491 1352 4525 are
1372 4491 1434 4527 now

274 4556 433 4618 universally
445 4557 611 4619 recognized;
629 4557 675 4606 but
686 4557 706 4606 it
717 4557 804 4606 would
816 4557 848 4605 be
863 4557 923 4605 rash
935 4562 963 4604 to
978 4570 1026 4617 say
1037 4556 1094 4604 that
1108 4554 1143 4604 all
1155 4556 1203 4603 has
1215 4554 1284 4604 been
1300 4555 1369 4604 done
1380 4555 1435 4605 that

274 4650 321 4684 ean
335 4635 368 4684 be
384 4635 453 4684 done
466 4642 493 4685 to
510 4637 585 4686 reach
599 4637 679 4686 them.
715 4635 808 4700 Agnin,
822 4650 851 4684 as
866 4641 894 4683 to
911 4635 956 4684 the
971 4641 1062 4683 nature
1077 4633 1107 4682 ol
1120 4634 1165 4683 the
1182 4634 1317 4685 remedies.
1352 4633 1435 4684 What
