3542 5359
354 609 395 671 50
575 592 731 652 OPERIS
756 593 945 663 MAJORIS
970 594 1083 652 PARS
1108 594 1280 667 QUINTA.

356 759 388 823 id
411 767 469 835 est,
492 758 535 821 de
557 758 746 840 aspectibus
769 778 826 822 seu
849 759 881 821 in
905 758 1111 841 perspectiva
1133 780 1192 823 sua
1215 760 1271 842 qui
1294 759 1506 842 priusquam

356 863 509 926 Alhazen
529 863 622 926 dedit
644 861 729 925 hanc
751 862 930 939 scientiam,
952 882 1054 945 quam
1077 883 1097 926 a
1121 863 1312 927 Ptolemaeo
1334 873 1507 947 acceptam

357 966 510 1031 Alhazen
525 967 689 1049 exposuit,
702 966 772 1031 vult
787 986 847 1049 per
861 976 970 1030 totum
985 967 1104 1031 librum
1120 988 1226 1041 suum,
1242 968 1333 1050 quod
1348 968 1392 1032 ab
1411 968 1508 1031 oculo

357 1070 438 1135 fiant
462 1072 540 1134 radii
555 1070 704 1147 visuales,
726 1090 829 1153 usque
850 1072 894 1135 ad
915 1092 984 1134 rem
998 1073 1113 1135 visam.
1159 1073 1206 1136 Et
1222 1073 1348 1137 Tideus
1368 1072 1401 1136 in
1421 1072 1507 1136 libro

357 1176 566 1260 Aspectuum
582 1174 726 1239 affirmat
741 1174 814 1251 hoc,
830 1185 863 1238 et
879 1174 984 1249 infert,
995 1177 1085 1258 quod
1101 1176 1189 1242 visus
1204 1197 1372 1260 nunquam
1389 1176 1507 1241 certifi-

357 1292 446 1344 caret
468 1281 657 1344 distantiam
689 1280 773 1343 inter
802 1280 911 1362 ipsum
933 1291 968 1345 et
1001 1301 1071 1344 rem
1101 1282 1216 1356 visam,
1239 1302 1346 1364 neque
1375 1282 1507 1363 quanti·

357 1394 460 1448 tatem
477 1384 521 1448 rei
536 1385 634 1463 visae,
650 1404 758 1466 neque
780 1383 891 1448 locum
912 1393 946 1447 et
970 1386 1071 1448 situm
1095 1386 1176 1468 ejus
1193 1385 1253 1451 nisi
1272 1386 1352 1450 radii
1366 1386 1507 1449 visuales

356 1488 474 1553 fierent
494 1509 514 1552 a
531 1490 602 1553 visu
626 1508 731 1571 usque
752 1490 795 1553 ad
812 1509 880 1552 rem
898 1480 1012 1563 visam,
1028 1500 1063 1554 et
1080 1500 1206 1554 starent
1225 1510 1324 1573 super
1341 1490 1458 1571 ipsam,
1474 1500 1507 1553 et

355 1592 672 1677 comprehenderent
687 1592 894 1674 superficiem
910 1593 991 1676 ejus,
1001 1604 1035 1657 et
1047 1595 1274 1658 extremitates
1290 1594 1505 1658 continerent.

359 1697 403 1760 Et
426 1697 491 1761 hoc
513 1688 662 1761 similiter
683 1698 801 1761 asserit
822 1697 969 1779 Jacobus
992 1692 1131 1764 Alkindi
1155 1699 1189 1762 in
1212 1698 1348 1763 scientia
1371 1719 1430 1762 sua
1463 1698 1506 1761 de

356 1801 552 1884 aspectibus,
569 1809 603 1864 et
619 1800 784 1874 Euclides,
799 1811 833 1864 et
850 1822 973 1866 omncs.
1021 1802 1066 1864 Et
1082 1802 1109 1865 si
1125 1802 1279 1865 volumus
1301 1823 1361 1886 per
1376 1813 1506 1866 sanctos

356 1907 420 1970 hoc
436 1906 640 1983 confirmare,
654 1907 810 1984 dicemus,
821 1906 911 1988 quod
927 1907 990 1989 ipsi
1006 1908 1209 1971 concordant
1225 1908 1258 1970 in
1273 1907 1345 1982 hoc,
1361 1917 1394 1971 et
1411 1928 1506 1990 prae·

355 2012 450 2092 cipue
466 2000 696 2093 Augustinus3
719 2029 795 2073 nam
815 2009 889 2073 vult
911 2011 944 2073 in
963 2021 1061 2075 sexto
1078 2004 1248 2075 Musicae¹
1271 2013 1361 2094 quod
1382 2013 1507 2094 species

355 2116 442 2178 visus
464 2116 576 2177 veniat
597 2124 631 2176 et
650 2124 823 2197 vegetetur
840 2106 873 2178 in
895 2136 972 2179 aere
993 2117 1160 2198 usquead
1181 2136 1260 2179 rem.
1308 2116 1407 2180 Unde
1423 2116 1506 2179 sicut

356 2239 406 2283 res
423 2210 601 2282 inanimata
617 2218 695 2282 iacit
710 2230 803 2282 suam
819 2220 962 2301 speciem
978 2212 1202 2298 inanimatam,
1222 2221 1268 2284 sic
1289 2226 1340 2283 re's
1358 2222 1506 2284 animata

355 2322 431 2387 facit
444 2312 585 2406 speciem
598 2343 683 2405 quae
693 2322 794 2386 habet
805 2325 1056 2405 quodammodo
1067 2325 1224 2388 virtutem
1233 2325 1370 2388 animae.
1418 2323 1505 2387 Nam

292 2485 301 2493 .
355 2428 438 2492 sicut
454 2427 605 2490 sehabet
621 2446 673 2489 res
690 2426 869 2491 inanimata
883 2430 925 2491 ad
943 2443 1037 2490 suam
1054 2427 1208 2509 speciem,
1224 2448 1310 2510 quae
1324 2426 1440 2489 similis
1455 2436 1506 2489 est

355 2532 394 2605 ei,
418 2532 463 2594 sic
487 2530 647 2594 sehabet
674 2529 820 2593 animata
843 2550 894 2593 res
925 2531 967 2593 ad
999 2534 1143 2615 speciem
1173 2533 1202 2595 ei
1235 2531 1381 2594 similem.
1427 2530 1505 2593 Non

356 2648 467 2699 tamen
488 2646 623 2718 propter
644 2637 707 2698 hoc
727 2626 873 2698 medium
893 2637 982 2717 quod
1002 2645 1052 2700 est
1074 2629 1288 2701 inanimatum
1305 2635 1365 2698 erit
1380 2635 1504 2698 anima-

354 2751 436 2818 tum,
460 2740 516 2802 sed
541 2738 776 2802 assimilabitur
798 2732 946 2803 animato
968 2761 1028 2823 per
1049 2758 1143 2805 suam
1167 2740 1415 2804 similitudinem
1435 2739 1505 2822 jam

355 2854 535 2927 receptam.

775 3067 1000 3136 cinnomo
1019 3063 1083 3135 ΙΙΙ.

659 3232 698 3303 in
715 3258 782 3322 quo
798 3240 1003 3325 objectiones
1022 3241 1203 3309 solvuntur.

186 3424 316 3499 Appnept
400 3413 445 3476 Et
461 3414 487 3475 si
504 3420 620 3476 contra
642 3412 705 3476 hoc
726 3412 911 3497 allegentur
925 3414 1088 3494 Alhazen,
1109 3424 1142 3478 et
1157 3412 1329 3479 Avicenna
1344 3417 1444 3480 tertio
1464 3417 1506 3480 de

186 3498 340 3602 {lpiffi
354 3516 575 3591 Animalibus,
590 3527 623 3581 et
643 3516 809 3582 Averroes
830 3520 862 3581 in
887 3519 999 3582 libello
1021 3540 1082 3584 suo
1105 3520 1149 3583 de
1173 3519 1278 3584 Sensu
1302 3530 1335 3583 et
1356 3519 1505 3596 Sensat0‚

185 3618 342 3733 ssgt‘lleffis
355 3621 539 3703 respondeo
561 3622 651 3703 quod
676 3642 741 3685 non
765 3632 842 3686 sunt
865 3633 982 3687 contra
1005 3617 1251 3706 generationem
1270 3624 1390 3705 speciei
1407 3615 1505 3701 visus,

184 3749 256 3799 view.
356 3745 414 3788 nec
430 3734 544 3788 contra
566 3726 628 3789 hoc
646 3727 738 3807 quod
759 3716 859 3791 iaciat
884 3727 927 3792 ad
947 3728 1175 3810 operationem
1195 3727 1293 3808 visus,
1311 3730 1370 3792 sed
1391 3738 1506 3793 contra

355 3848 420 3905 eos,
443 3819 500 3911 qul
524 3839 703 3913 posuerunt
729 3831 864 3913 aliquod
889 3847 1010 3914 corpus
1033 3841 1070 3895 ut
1092 3831 1236 3915 speciem
1259 3832 1424 3895 visibilem
1453 3832 1505 3894 vel

353 4000 422 4048 view
441 3999 529 4048 which
548 3998 673 4049 Aristotle
694 4002 846 4061 condemns,
866 4002 923 4050 that
947 4001 992 4050 the
1014 4017 1065 4063 eye
1088 4002 1200 4065 projects
1222 4002 1370 4063 something
1388 4002 1453 4049 from
1474 4003 1506 4049 its

353 4079 490 4127 substance
502 4080 617 4127 towards
633 4080 677 4128 the
694 4080 784 4128 visible
802 4081 894 4140 object.
930 4079 1029 4140 Euclid,
1042 4081 1125 4142 again,
1138 4080 1163 4128 in
1175 4080 1218 4129 his
1234 4080 1328 4141 operta,
1341 4081 1392 4129 and
1404 4080 1504 4141 lheon,

354 4158 380 4205 in
393 4156 434 4205 his
445 4164 622 4217 commentary
634 4172 668 4205 on
682 4157 794 4206 Euclid's
806 4159 888 4219 work,
903 4158 984 4219 speak
995 4158 1025 4206 oi
1033 4174 1095 4219 rays
1108 4159 1200 4207 drawn
1212 4159 1277 4208 t‘rom
1289 4160 1334 4207 the
1349 4173 1400 4219 eye
1415 4167 1443 4207 to
1461 4160 1506 4206 the

354 4236 453 4296 object;
476 4251 505 4284 as
526 4251 550 4285 e.
562 4251 586 4298 g.
612 4236 638 4283 in
657 4237 703 4284 the
720 4236 777 4285 first
798 4237 827 4285 ol
845 4238 891 4285 the
911 4236 1062 4286 definitions
1080 4252 1112 4284 or
1130 4238 1289 4299 postulatee3
1315 4235 1449 4285 ὑποκείσθω
1464 4235 1508 4285 τὰς

353 4312 401 4361 ἀπὸ
413 4314 458 4362 τοῦ
472 4312 578 4374 ὄμματος
596 4314 742 4375 Ιξαγομένας
758 4313 850 4364 εὐθείας
865 4314 976 4377 γραμμὰς
990 4313 1105 4379 φέρεσθαι
1122 4314 1244 4377 διάστημα
1259 4314 1368 4377 mlum
1383 4313 1504 4378 μεγόλον.

355 4391 407 4440 But
419 4393 482 4455 they
494 4408 541 4441 use
554 4393 606 4442 this
617 4394 745 4455 language
757 4394 886 4443 ratherus
898 4402 1045 4455 geometers
1057 4394 1120 4443 than
1132 4410 1162 4443 as
1173 4394 1366 4456 physiologists.

387 4468 396 4499 ¹
415 4471 466 4519 See
478 4472 546 4533 Aug.
558 4470 705 4533 deMusr'cu,
716 4472 749 4520 vi.
765 4486 804 4532 to,
823 4472 849 4520 in
866 4471 955 4521 which
972 4471 1118 4535 Augustius
1136 4473 1229 4521 dwells
1245 4488 1279 4520 on
1297 4472 1343 4521 the
1359 4472 1465 4534 activity
1481 4472 1511 4521 of

355 4548 399 4597 the
411 4550 466 4597 soul
481 4550 588 4613 (anima)
602 4550 628 4597 in
639 4551 684 4599 the
695 4558 737 4598 act
749 4550 779 4599 os
786 4550 930 4600 sensation.
967 4550 1019 4600 But
1030 4551 1071 4601 his
1082 4550 1213 4614 langunge
1225 4551 1247 4599 is
1258 4551 1350 4615 hardly
1361 4566 1391 4600 ss
1401 4550 1509 4615 explicit

354 4640 384 4674 as
397 4626 484 4676 Bscon
497 4636 645 4690 represents
657 4628 685 4679 it.
