<?xml version="1.0" encoding="UTF-8"?>
<!DOCTYPE html PUBLIC "-//W3C//DTD XHTML 1.0 Transitional//EN"
    "http://www.w3.org/TR/xhtml1/DTD/xhtml1-transitional.dtd">
<html xmlns="http://www.w3.org/1999/xhtml" xml:lang="en" lang="en">
 <head>
  <title>
</title>
<meta http-equiv="Content-Type" content="text/html;charset=utf-8" />
  <meta name='ocr-system' content='tesseract 3.04.00' />
  <meta name='ocr-capabilities' content='ocr_page ocr_carea ocr_par ocr_line ocrx_word'/>
</head>
<body>
  <div class='ocr_page' id='page_1' title='image "./opusmajusrogerb02bridgoog_0306.png"; bbox 0 0 3542 5359; ppageno 0'>
   <div class='ocr_carea' id='block_1_1' title="bbox 415 607 1425 685">
    <p class='ocr_par' dir='ltr' id='par_1_1' title="bbox 415 607 1425 685">
     <span class='ocr_line' id='line_1_1' title="bbox 415 607 1425 685; baseline -0.004 -14"><span class='ocrx_word' id='word_1_1' title='bbox 415 613 610 673; x_wconf 81' lang='lat' dir='ltr'><em>MORALIS</em></span> <span class='ocrx_word' id='word_1_2' title='bbox 634 612 953 674; x_wconf 78' lang='lat' dir='ltr'><strong>PHILoSOPHIA:</strong></span> <span class='ocrx_word' id='word_1_3' title='bbox 979 611 1095 670; x_wconf 83' lang='lat' dir='ltr'><em>PARS</em></span> <span class='ocrx_word' id='word_1_4' title='bbox 1122 611 1287 670; x_wconf 82' lang='lat' dir='ltr'><em>TERTIA.</em></span> <span class='ocrx_word' id='word_1_5' title='bbox 1364 607 1425 685; x_wconf 87' lang='lat'><strong>287</strong></span> 
     </span>
    </p>
   </div>
   <div class='ocr_carea' id='block_1_2' title="bbox 246 767 1583 4527">
    <p class='ocr_par' dir='ltr' id='par_1_2' title="bbox 271 767 1535 1794">
     <span class='ocr_line' id='line_1_2' title="bbox 272 767 1535 860; baseline -0.006 -19"><span class='ocrx_word' id='word_1_6' title='bbox 272 778 414 860; x_wconf 88' lang='lat' dir='ltr'><strong>sapiens,</strong></span> <span class='ocrx_word' id='word_1_7' title='bbox 443 778 521 858; x_wconf 91' lang='lat' dir='ltr'><strong>quia</strong></span> <span class='ocrx_word' id='word_1_8' title='bbox 550 776 614 840; x_wconf 91' lang='lat' dir='ltr'><strong>scit</strong></span> <span class='ocrx_word' id='word_1_9' title='bbox 647 776 812 840; x_wconf 89' lang='lat' dir='ltr'><strong>neminem</strong></span> <span class='ocrx_word' id='word_1_10' title='bbox 840 775 929 839; x_wconf 87' lang='lat' dir='ltr'><strong>nasci</strong></span> <span class='ocrx_word' id='word_1_11' title='bbox 962 774 1155 857; x_wconf 87' lang='lat' dir='ltr'><strong>sapientem.</strong></span> <span class='ocrx_word' id='word_1_12' title='bbox 1217 773 1290 838; x_wconf 92' lang='lat' dir='ltr'><strong>Scit</strong></span> <span class='ocrx_word' id='word_1_13' title='bbox 1323 774 1424 835; x_wconf 92' lang='lat' dir='ltr'><strong>etiam</strong></span> <span class='ocrx_word' id='word_1_14' title='bbox 1532 767 1535 772; x_wconf 77' lang='grc'>’</span> 
     </span>
     <span class='ocr_line' id='line_1_3' title="bbox 271 877 1423 964; baseline -0.004 -19"><span class='ocrx_word' id='word_1_15' title='bbox 271 882 489 964; x_wconf 86' lang='lat' dir='ltr'><strong>paucissimos</strong></span> <span class='ocrx_word' id='word_1_16' title='bbox 515 881 606 944; x_wconf 91' lang='lat' dir='ltr'><strong>omni</strong></span> <span class='ocrx_word' id='word_1_17' title='bbox 629 901 714 945; x_wconf 90' lang='lat' dir='ltr'><strong>aevo</strong></span> <span class='ocrx_word' id='word_1_18' title='bbox 735 880 902 962; x_wconf 87' lang='lat' dir='ltr'><strong>sapientes</strong></span> <span class='ocrx_word' id='word_1_19' title='bbox 925 880 1073 955; x_wconf 90' lang='lat' dir='ltr'><strong>evadere,</strong></span> <span class='ocrx_word' id='word_1_20' title='bbox 1096 879 1174 961; x_wconf 92' lang='lat' dir='ltr'><strong>quia</strong></span> <span class='ocrx_word' id='word_1_21' title='bbox 1202 877 1423 941; x_wconf 88' lang='lat' dir='ltr'><strong>conditionem</strong></span> 
     </span>
     <span class='ocr_line' id='line_1_4' title="bbox 272 981 1424 1065; baseline -0.007 -15"><span class='ocrx_word' id='word_1_22' title='bbox 272 985 437 1050; x_wconf 87' lang='lat' dir='ltr'><strong>humanae</strong></span> <span class='ocrx_word' id='word_1_23' title='bbox 472 984 560 1048; x_wconf 89' lang='lat' dir='ltr'><strong>vitae</strong></span> <span class='ocrx_word' id='word_1_24' title='bbox 597 993 805 1065; x_wconf 85' lang='lat' dir='ltr'>perspectam</span> <span class='ocrx_word' id='word_1_25' title='bbox 843 982 955 1046; x_wconf 86' lang='lat' dir='ltr'><strong>habet.</strong></span> <span class='ocrx_word' id='word_1_26' title='bbox 1000 981 1111 1046; x_wconf 86' lang='lat' dir='ltr'><strong>Nemo</strong></span> <span class='ocrx_word' id='word_1_27' title='bbox 1152 993 1288 1046; x_wconf 88' lang='lat' dir='ltr'><strong>naturae</strong></span> <span class='ocrx_word' id='word_1_28' title='bbox 1325 1001 1424 1044; x_wconf 87' lang='lat' dir='ltr'><strong>sanus</strong></span> 
     </span>
     <span class='ocr_line' id='line_1_5' title="bbox 272 1084 1423 1169; baseline -0.006 -16"><span class='ocrx_word' id='word_1_29' title='bbox 272 1089 430 1153; x_wconf 83' lang='lat' dir='ltr'><strong>irascitur.</strong></span> <span class='ocrx_word' id='word_1_30' title='bbox 475 1087 564 1169; x_wconf 83' lang='lat' dir='ltr'><strong>Quid</strong></span> <span class='ocrx_word' id='word_1_31' title='bbox 582 1088 671 1151; x_wconf 89' lang='lat' dir='ltr'><strong>enim</strong></span> <span class='ocrx_word' id='word_1_32' title='bbox 687 1088 716 1149; x_wconf 89' lang='lat' dir='ltr'><strong>si</strong></span> <span class='ocrx_word' id='word_1_33' title='bbox 732 1087 842 1149; x_wconf 91' lang='lat' dir='ltr'><strong>mirari</strong></span> <span class='ocrx_word' id='word_1_34' title='bbox 860 1085 940 1150; x_wconf 89' lang='lat' dir='ltr'><strong>velit</strong></span> <span class='ocrx_word' id='word_1_35' title='bbox 956 1106 1021 1149; x_wconf 92' lang='lat' dir='ltr'><strong>non</strong></span> <span class='ocrx_word' id='word_1_36' title='bbox 1044 1087 1077 1148; x_wconf 90' lang='lat' dir='ltr'><strong>in</strong></span> <span class='ocrx_word' id='word_1_37' title='bbox 1096 1084 1299 1148; x_wconf 85' lang='lat' dir='ltr'><strong>silvestribus</strong></span> <span class='ocrx_word' id='word_1_38' title='bbox 1313 1084 1423 1147; x_wconf 90' lang='lat' dir='ltr'><strong>dumis</strong></span> 
     </span>
     <span class='ocr_line' id='line_1_6' title="bbox 271 1189 1423 1278; baseline -0.005 -21"><span class='ocrx_word' id='word_1_39' title='bbox 271 1214 373 1278; x_wconf 88' lang='lat' dir='ltr'><strong>poma</strong></span> <span class='ocrx_word' id='word_1_40' title='bbox 388 1194 554 1274; x_wconf 86' lang='lat' dir='ltr'><strong>pendere?</strong></span> <span class='ocrx_word' id='word_1_41' title='bbox 598 1190 690 1274; x_wconf 84' lang='lat' dir='ltr'><strong>Quid</strong></span> <span class='ocrx_word' id='word_1_42' title='bbox 706 1192 733 1253; x_wconf 94' lang='lat' dir='ltr'><strong>si</strong></span> <span class='ocrx_word' id='word_1_43' title='bbox 752 1191 893 1255; x_wconf 88' lang='lat' dir='ltr'><strong>miretur</strong></span> <span class='ocrx_word' id='word_1_44' title='bbox 916 1191 1044 1272; x_wconf 88' lang='lat' dir='ltr'><strong>spineta</strong></span> <span class='ocrx_word' id='word_1_45' title='bbox 1070 1201 1103 1253; x_wconf 93' lang='lat' dir='ltr'><strong>et</strong></span> <span class='ocrx_word' id='word_1_46' title='bbox 1126 1200 1236 1254; x_wconf 87' lang='lat' dir='ltr'><strong>sentes</strong></span> <span class='ocrx_word' id='word_1_47' title='bbox 1264 1209 1331 1252; x_wconf 91' lang='lat' dir='ltr'><strong>non</strong></span> <span class='ocrx_word' id='word_1_48' title='bbox 1351 1189 1423 1252; x_wconf 91' lang='lat' dir='ltr'><strong>utili</strong></span> 
     </span>
     <span class='ocr_line' id='line_1_7' title="bbox 271 1295 1423 1381; baseline -0.004 -20"><span class='ocrx_word' id='word_1_49' title='bbox 271 1297 384 1380; x_wconf 88' lang='lat' dir='ltr'><strong>aliqua</strong></span> <span class='ocrx_word' id='word_1_50' title='bbox 407 1296 500 1381; x_wconf 90' lang='lat' dir='ltr'><strong>fruge</strong></span> <span class='ocrx_word' id='word_1_51' title='bbox 528 1296 715 1378; x_wconf 85' lang='lat' dir='ltr'><strong>compleri?</strong></span> <span class='ocrx_word' id='word_1_52' title='bbox 762 1295 873 1359; x_wconf 89' lang='lat' dir='ltr'><strong>Nemo</strong></span> <span class='ocrx_word' id='word_1_53' title='bbox 903 1296 1054 1360; x_wconf 83' lang='lat' dir='ltr'><strong>irascitur</strong></span> <span class='ocrx_word' id='word_1_54' title='bbox 1077 1295 1133 1357; x_wconf 90' lang='lat' dir='ltr'><strong>ubi</strong></span> <span class='ocrx_word' id='word_1_55' title='bbox 1156 1296 1275 1358; x_wconf 90' lang='lat' dir='ltr'><strong>vitium</strong></span> <span class='ocrx_word' id='word_1_56' title='bbox 1305 1303 1423 1357; x_wconf 90' lang='lat' dir='ltr'><strong>natura</strong></span> 
     </span>
     <span class='ocr_line' id='line_1_8' title="bbox 272 1398 1422 1481; baseline -0.003 -17"><span class='ocrx_word' id='word_1_57' title='bbox 272 1400 431 1464; x_wconf 81' lang='lat' dir='ltr'><strong>defendit</strong></span> <span class='ocrx_word' id='word_1_58' title='bbox 478 1399 632 1464; x_wconf 87' lang='lat' dir='ltr'><strong>Placidus</strong></span> <span class='ocrx_word' id='word_1_59' title='bbox 658 1400 772 1481; x_wconf 91' lang='lat' dir='ltr'><strong>itaque</strong></span> <span class='ocrx_word' id='word_1_60' title='bbox 794 1400 927 1481; x_wconf 89' lang='lat' dir='ltr'><strong>sapiens</strong></span> <span class='ocrx_word' id='word_1_61' title='bbox 950 1409 984 1462; x_wconf 90' lang='lat' dir='ltr'><strong>et</strong></span> <span class='ocrx_word' id='word_1_62' title='bbox 1011 1418 1137 1481; x_wconf 87' lang='lat' dir='ltr'><strong>aequus</strong></span> <span class='ocrx_word' id='word_1_63' title='bbox 1159 1398 1334 1474; x_wconf 88' lang='lat' dir='ltr'><strong>erroribus,</strong></span> <span class='ocrx_word' id='word_1_64' title='bbox 1356 1418 1422 1461; x_wconf 90' lang='lat' dir='ltr'><strong>non</strong></span> 
     </span>
     <span class='ocr_line' id='line_1_9' title="bbox 271 1500 1423 1587; baseline -0.001 -20"><span class='ocrx_word' id='word_1_65' title='bbox 271 1504 386 1577; x_wconf 88' lang='lat' dir='ltr'><strong>hostis,</strong></span> <span class='ocrx_word' id='word_1_66' title='bbox 397 1505 455 1568; x_wconf 88' lang='lat' dir='ltr'><strong>sed</strong></span> <span class='ocrx_word' id='word_1_67' title='bbox 467 1512 635 1568; x_wconf 89' lang='lat' dir='ltr'><strong>corrector</strong></span> <span class='ocrx_word' id='word_1_68' title='bbox 646 1504 867 1587; x_wconf 88' lang='lat' dir='ltr'><strong>peccantium,</strong></span> <span class='ocrx_word' id='word_1_69' title='bbox 877 1500 1015 1568; x_wconf 87' lang='lat' dir='ltr'><strong>omnes¹</strong></span> <span class='ocrx_word' id='word_1_70' title='bbox 1029 1513 1099 1566; x_wconf 85' lang='lat' dir='ltr'><strong>tarn</strong></span> <span class='ocrx_word' id='word_1_71' title='bbox 1117 1504 1280 1586; x_wconf 87' lang='lat' dir='ltr'><strong>propitius</strong></span> <span class='ocrx_word' id='word_1_72' title='bbox 1295 1503 1423 1584; x_wconf 84' lang='lat' dir='ltr'><strong>aspicit.</strong></span> 
     </span>
     <span class='ocr_line' id='line_1_10' title="bbox 271 1605 1423 1692; baseline 0 -22"><span class='ocrx_word' id='word_1_73' title='bbox 271 1627 373 1690; x_wconf 89' lang='lat' dir='ltr'><strong>quarn</strong></span> <span class='ocrx_word' id='word_1_74' title='bbox 397 1628 513 1692; x_wconf 88' lang='lat' dir='ltr'><strong>aegros</strong></span> <span class='ocrx_word' id='word_1_75' title='bbox 534 1605 703 1671; x_wconf 64' lang='lat' dir='ltr'><strong>medicus)</strong></span> <span class='ocrx_word' id='word_1_76' title='bbox 749 1608 805 1670; x_wconf 87' lang='lat' dir='ltr'><strong>Ex</strong></span> <span class='ocrx_word' id='word_1_77' title='bbox 828 1607 879 1670; x_wconf 87' lang='lat' dir='ltr'><strong>his</strong></span> <span class='ocrx_word' id='word_1_78' title='bbox 903 1608 1003 1690; x_wconf 86' lang='lat' dir='ltr'><strong>igitur</strong></span> <span class='ocrx_word' id='word_1_79' title='bbox 1025 1607 1236 1672; x_wconf 90' lang='lat' dir='ltr'><strong>manifestum</strong></span> <span class='ocrx_word' id='word_1_80' title='bbox 1260 1617 1310 1670; x_wconf 92' lang='lat' dir='ltr'><strong>est</strong></span> <span class='ocrx_word' id='word_1_81' title='bbox 1334 1607 1423 1690; x_wconf 87' lang='lat' dir='ltr'><strong>quod</strong></span> 
     </span>
     <span class='ocr_line' id='line_1_11' title="bbox 272 1713 1141 1794; baseline -0.001 -18"><span class='ocrx_word' id='word_1_82' title='bbox 272 1713 494 1777; x_wconf 75' lang='lat' dir='ltr'><strong>misericordia</strong></span> <span class='ocrx_word' id='word_1_83' title='bbox 508 1722 543 1776; x_wconf 91' lang='lat' dir='ltr'><strong>et</strong></span> <span class='ocrx_word' id='word_1_84' title='bbox 557 1713 727 1776; x_wconf 87' lang='lat' dir='ltr'><strong>iracundia</strong></span> <span class='ocrx_word' id='word_1_85' title='bbox 742 1723 895 1775; x_wconf 86' lang='lat' dir='ltr'><strong>constare</strong></span> <span class='ocrx_word' id='word_1_86' title='bbox 911 1732 976 1774; x_wconf 90' lang='lat' dir='ltr'><strong>non</strong></span> <span class='ocrx_word' id='word_1_87' title='bbox 993 1722 1141 1794; x_wconf 87' lang='lat' dir='ltr'><strong>possunt.</strong></span> 
     </span>
    </p>

    <p class='ocr_par' dir='ltr' id='par_1_3' title="bbox 317 1814 1583 1899">
     <span class='ocr_line' id='line_1_12' title="bbox 317 1814 1583 1899; baseline -0.002 -19"><span class='ocrx_word' id='word_1_88' title='bbox 317 1815 478 1880; x_wconf 88' lang='lat' dir='ltr'><strong>Similiter</strong></span> <span class='ocrx_word' id='word_1_89' title='bbox 509 1825 544 1879; x_wconf 91' lang='lat' dir='ltr'><strong>et</strong></span> <span class='ocrx_word' id='word_1_90' title='bbox 568 1817 654 1881; x_wconf 89' lang='lat' dir='ltr'><strong>aliae</strong></span> <span class='ocrx_word' id='word_1_91' title='bbox 679 1816 818 1880; x_wconf 75' lang='lat' dir='ltr'><strong>virtutes</strong></span> <span class='ocrx_word' id='word_1_92' title='bbox 844 1814 1039 1899; x_wconf 86' lang='lat' dir='ltr'><strong>magnificae</strong></span> <span class='ocrx_word' id='word_1_93' title='bbox 1069 1825 1253 1899; x_wconf 86' lang='lat' dir='ltr'><strong>repugnant</strong></span> <span class='ocrx_word' id='word_1_94' title='bbox 1288 1816 1355 1879; x_wconf 90' lang='lat' dir='ltr'><strong>irae</strong></span> <span class='ocrx_word' id='word_1_95' title='bbox 1387 1825 1422 1878; x_wconf 92' lang='lat' dir='ltr'><strong>ut</strong></span> <span class='ocrx_word' id='word_1_96' title='bbox 1439 1822 1476 1899; x_wconf 75' lang='lat'><strong>¹(4)</strong></span> <span class='ocrx_word' id='word_1_97' title='bbox 1497 1823 1583 1887; x_wconf 75' lang='lat' dir='ltr'><strong>Anger</strong></span> 
     </span>
    </p>

    <p class='ocr_par' dir='ltr' id='par_1_4' title="bbox 246 1901 1576 3860">
     <span class='ocr_line' id='line_1_13' title="bbox 272 1901 1576 2004; baseline -0.001 -20"><span class='ocrx_word' id='word_1_98' title='bbox 272 1920 391 1996; x_wconf 85' lang='lat' dir='ltr'><strong>Pietas,</strong></span> <span class='ocrx_word' id='word_1_99' title='bbox 415 1920 589 1999; x_wconf 86' lang='lat' dir='ltr'><strong>Patientia,</strong></span> <span class='ocrx_word' id='word_1_100' title='bbox 612 1920 779 1985; x_wconf 89' lang='lat' dir='ltr'><strong>Gaudium</strong></span> <span class='ocrx_word' id='word_1_101' title='bbox 801 1929 836 1984; x_wconf 89' lang='lat' dir='ltr'><strong>et</strong></span> <span class='ocrx_word' id='word_1_102' title='bbox 860 1920 932 1984; x_wconf 85' lang='lat' dir='ltr'><strong>Pax</strong></span> <span class='ocrx_word' id='word_1_103' title='bbox 955 1921 1072 1984; x_wconf 89' lang='lat' dir='ltr'><strong>cordis.</strong></span> <span class='ocrx_word' id='word_1_104' title='bbox 1118 1921 1163 1984; x_wconf 86' lang='lat' dir='ltr'><strong>Et</strong></span> <span class='ocrx_word' id='word_1_105' title='bbox 1186 1921 1264 2001; x_wconf 87' lang='lat' dir='ltr'><strong>quia</strong></span> <span class='ocrx_word' id='word_1_106' title='bbox 1287 1918 1422 2002; x_wconf 91' lang='lat' dir='ltr'><strong>planum</strong></span> <span class='ocrx_word' id='word_1_107' title='bbox 1436 1901 1576 2004; x_wconf 53' lang='lat' dir='ltr'><strong>{ffiffi</strong></span> 
     </span>
     <span class='ocr_line' id='line_1_14' title="bbox 271 2022 1532 2106; baseline -0.001 -18"><span class='ocrx_word' id='word_1_108' title='bbox 271 2034 323 2088; x_wconf 72' lang='lat' dir='ltr'><strong>est</strong></span> <span class='ocrx_word' id='word_1_109' title='bbox 344 2025 388 2088; x_wconf 93' lang='lat' dir='ltr'><strong>de</strong></span> <span class='ocrx_word' id='word_1_110' title='bbox 410 2025 468 2102; x_wconf 89' lang='lat' dir='ltr'><strong>eis,</strong></span> <span class='ocrx_word' id='word_1_111' title='bbox 490 2035 525 2089; x_wconf 90' lang='lat' dir='ltr'><strong>et</strong></span> <span class='ocrx_word' id='word_1_112' title='bbox 546 2046 657 2089; x_wconf 92' lang='lat' dir='ltr'><strong>sermo</strong></span> <span class='ocrx_word' id='word_1_113' title='bbox 679 2023 803 2088; x_wconf 88' lang='lat' dir='ltr'><strong>effusus</strong></span> <span class='ocrx_word' id='word_1_114' title='bbox 824 2037 876 2088; x_wconf 89' lang='lat' dir='ltr'><strong>est</strong></span> <span class='ocrx_word' id='word_1_115' title='bbox 900 2027 943 2088; x_wconf 93' lang='lat' dir='ltr'><strong>de</strong></span> <span class='ocrx_word' id='word_1_116' title='bbox 968 2024 1041 2088; x_wconf 92' lang='lat' dir='ltr'><strong>aliis</strong></span> <span class='ocrx_word' id='word_1_117' title='bbox 1063 2044 1150 2106; x_wconf 89' lang='lat' dir='ltr'><strong>quae</strong></span> <span class='ocrx_word' id='word_1_118' title='bbox 1171 2023 1223 2087; x_wconf 93' lang='lat' dir='ltr'><strong>his</strong></span> <span class='ocrx_word' id='word_1_119' title='bbox 1245 2023 1422 2088; x_wconf 90' lang='lat' dir='ltr'><strong>virtutibus</strong></span> <span class='ocrx_word' id='word_1_120' title='bbox 1437 2022 1532 2070; x_wconf 71' lang='lat' dir='ltr'><strong>toward</strong></span> 
     </span>
     <span class='ocr_line' id='line_1_15' title="bbox 271 2103 1520 2212; baseline 0 -21"><span class='ocrx_word' id='word_1_121' title='bbox 271 2138 433 2210; x_wconf 85' lang='lat' dir='ltr'><strong>cognatae</strong></span> <span class='ocrx_word' id='word_1_122' title='bbox 447 2139 534 2207; x_wconf 83' lang='lat' dir='ltr'><strong>sunt,</strong></span> <span class='ocrx_word' id='word_1_123' title='bbox 549 2129 625 2194; x_wconf 89' lang='lat' dir='ltr'><strong>ideo</strong></span> <span class='ocrx_word' id='word_1_124' title='bbox 642 2149 709 2193; x_wconf 92' lang='lat' dir='ltr'><strong>non</strong></span> <span class='ocrx_word' id='word_1_125' title='bbox 724 2140 859 2212; x_wconf 91' lang='lat' dir='ltr'><strong>oportet</strong></span> <span class='ocrx_word' id='word_1_126' title='bbox 880 2131 914 2192; x_wconf 90' lang='lat' dir='ltr'><strong>in</strong></span> <span class='ocrx_word' id='word_1_127' title='bbox 934 2129 982 2192; x_wconf 88' lang='lat' dir='ltr'><strong>eis</strong></span> <span class='ocrx_word' id='word_1_128' title='bbox 997 2129 1174 2193; x_wconf 89' lang='lat' dir='ltr'><strong>immorari.</strong></span> <span class='ocrx_word' id='word_1_129' title='bbox 1220 2129 1329 2191; x_wconf 89' lang='lat' dir='ltr'><strong>Pietas</strong></span> <span class='ocrx_word' id='word_1_130' title='bbox 1343 2149 1422 2192; x_wconf 91' lang='lat' dir='ltr'><strong>vero</strong></span> <span class='ocrx_word' id='word_1_131' title='bbox 1436 2103 1520 2152; x_wconf 65' lang='lat' dir='ltr'><strong>peace.</strong></span> 
     </span>
     <span class='ocr_line' id='line_1_16' title="bbox 271 2231 1422 2315; baseline -0.002 -19"><span class='ocrx_word' id='word_1_132' title='bbox 271 2253 356 2314; x_wconf 88' lang='lat' dir='ltr'><strong>quae</strong></span> <span class='ocrx_word' id='word_1_133' title='bbox 371 2235 414 2296; x_wconf 92' lang='lat' dir='ltr'><strong>ad</strong></span> <span class='ocrx_word' id='word_1_134' title='bbox 429 2233 543 2298; x_wconf 92' lang='lat' dir='ltr'><strong>omnia</strong></span> <span class='ocrx_word' id='word_1_135' title='bbox 558 2233 658 2311; x_wconf 88' lang='lat' dir='ltr'><strong>valet,</strong></span> <span class='ocrx_word' id='word_1_136' title='bbox 672 2235 853 2298; x_wconf 87' lang='lat' dir='ltr'><strong>secundum</strong></span> <span class='ocrx_word' id='word_1_137' title='bbox 866 2231 1096 2310; x_wconf 70' lang='lat' dir='ltr'><strong>Aristotelem,</strong></span> <span class='ocrx_word' id='word_1_138' title='bbox 1111 2233 1238 2296; x_wconf 89' lang='lat' dir='ltr'><strong>tollitur</strong></span> <span class='ocrx_word' id='word_1_139' title='bbox 1253 2253 1311 2315; x_wconf 92' lang='lat' dir='ltr'><strong>per</strong></span> <span class='ocrx_word' id='word_1_140' title='bbox 1326 2232 1422 2309; x_wconf 89' lang='lat' dir='ltr'><strong>iram,</strong></span> 
     </span>
     <span class='ocr_line' id='line_1_17' title="bbox 270 2337 1418 2422; baseline 0.002 -25"><span class='ocrx_word' id='word_1_141' title='bbox 270 2339 350 2420; x_wconf 77' lang='lat' dir='ltr'><strong>quia</strong></span> <span class='ocrx_word' id='word_1_142' title='bbox 371 2338 502 2402; x_wconf 89' lang='lat' dir='ltr'><strong>animus</strong></span> <span class='ocrx_word' id='word_1_143' title='bbox 525 2338 671 2402; x_wconf 91' lang='lat' dir='ltr'><strong>iracundi</strong></span> <span class='ocrx_word' id='word_1_144' title='bbox 694 2340 816 2422; x_wconf 88' lang='lat' dir='ltr'><strong>impius</strong></span> <span class='ocrx_word' id='word_1_145' title='bbox 836 2349 888 2404; x_wconf 85' lang='lat' dir='ltr'><strong>est</strong></span> <span class='ocrx_word' id='word_1_146' title='bbox 909 2349 942 2402; x_wconf 92' lang='lat' dir='ltr'><strong>et</strong></span> <span class='ocrx_word' id='word_1_147' title='bbox 962 2337 1109 2410; x_wconf 88' lang='lat' dir='ltr'><strong>crudelis,</strong></span> <span class='ocrx_word' id='word_1_148' title='bbox 1127 2350 1262 2419; x_wconf 90' lang='lat' dir='ltr'><strong>propter</strong></span> <span class='ocrx_word' id='word_1_149' title='bbox 1281 2337 1418 2400; x_wconf 91' lang='lat' dir='ltr'><strong>nimium</strong></span> 
     </span>
     <span class='ocr_line' id='line_1_18' title="bbox 270 2441 1421 2526; baseline -0.002 -22"><span class='ocrx_word' id='word_1_150' title='bbox 270 2441 438 2506; x_wconf 88' lang='lat' dir='ltr'><strong>vindictae</strong></span> <span class='ocrx_word' id='word_1_151' title='bbox 452 2442 662 2507; x_wconf 85' lang='lat' dir='ltr'><strong>desiderium.</strong></span> <span class='ocrx_word' id='word_1_152' title='bbox 708 2442 754 2506; x_wconf 91' lang='lat' dir='ltr'><strong>Et</strong></span> <span class='ocrx_word' id='word_1_153' title='bbox 768 2444 859 2526; x_wconf 92' lang='lat' dir='ltr'><strong>quod</strong></span> <span class='ocrx_word' id='word_1_154' title='bbox 874 2442 1071 2525; x_wconf 90' lang='lat' dir='ltr'><strong>patientiam</strong></span> <span class='ocrx_word' id='word_1_155' title='bbox 1092 2441 1190 2505; x_wconf 91' lang='lat' dir='ltr'><strong>tollat</strong></span> <span class='ocrx_word' id='word_1_156' title='bbox 1205 2453 1238 2504; x_wconf 88' lang='lat' dir='ltr'><strong>et</strong></span> <span class='ocrx_word' id='word_1_157' title='bbox 1254 2443 1421 2523; x_wconf 82' lang='lat' dir='ltr'><strong>gaudium,</strong></span> 
     </span>
     <span class='ocr_line' id='line_1_19' title="bbox 272 2545 1422 2629; baseline 0 -21"><span class='ocrx_word' id='word_1_158' title='bbox 272 2554 306 2608; x_wconf 91' lang='lat' dir='ltr'><strong>et</strong></span> <span class='ocrx_word' id='word_1_159' title='bbox 320 2565 439 2629; x_wconf 90' lang='lat' dir='ltr'><strong>pacem</strong></span> <span class='ocrx_word' id='word_1_160' title='bbox 454 2547 572 2620; x_wconf 91' lang='lat' dir='ltr'><strong>cordis,</strong></span> <span class='ocrx_word' id='word_1_161' title='bbox 588 2545 800 2611; x_wconf 90' lang='lat' dir='ltr'><strong>manifestum</strong></span> <span class='ocrx_word' id='word_1_162' title='bbox 817 2557 869 2611; x_wconf 91' lang='lat' dir='ltr'><strong>est</strong></span> <span class='ocrx_word' id='word_1_163' title='bbox 883 2569 892 2626; x_wconf 89' lang='lat'>;</span> <span class='ocrx_word' id='word_1_164' title='bbox 914 2557 948 2610; x_wconf 89' lang='lat' dir='ltr'><strong>et</strong></span> <span class='ocrx_word' id='word_1_165' title='bbox 961 2547 1036 2609; x_wconf 92' lang='lat' dir='ltr'><strong>ideo</strong></span> <span class='ocrx_word' id='word_1_166' title='bbox 1051 2555 1160 2609; x_wconf 90' lang='lat' dir='ltr'><strong>totum</strong></span> <span class='ocrx_word' id='word_1_167' title='bbox 1177 2547 1300 2608; x_wconf 90' lang='lat' dir='ltr'><strong>bonum</strong></span> <span class='ocrx_word' id='word_1_168' title='bbox 1315 2545 1422 2609; x_wconf 78' lang='lat' dir='ltr'><strong>aufert</strong></span> 
     </span>
     <span class='ocr_line' id='line_1_20' title="bbox 272 2649 1420 2733; baseline -0.001 -22"><span class='ocrx_word' id='word_1_169' title='bbox 272 2657 306 2711; x_wconf 91' lang='lat' dir='ltr'><strong>et</strong></span> <span class='ocrx_word' id='word_1_170' title='bbox 328 2649 505 2733; x_wconf 86' lang='lat' dir='ltr'><strong>extinguit,</strong></span> <span class='ocrx_word' id='word_1_171' title='bbox 528 2661 562 2714; x_wconf 89' lang='lat' dir='ltr'><strong>et</strong></span> <span class='ocrx_word' id='word_1_172' title='bbox 585 2671 686 2713; x_wconf 90' lang='lat' dir='ltr'><strong>omne</strong></span> <span class='ocrx_word' id='word_1_173' title='bbox 714 2661 847 2715; x_wconf 91' lang='lat' dir='ltr'><strong>scutum</strong></span> <span class='ocrx_word' id='word_1_174' title='bbox 877 2662 993 2714; x_wconf 88' lang='lat' dir='ltr'><strong>contra</strong></span> <span class='ocrx_word' id='word_1_175' title='bbox 1023 2651 1257 2713; x_wconf 90' lang='lat' dir='ltr'><strong>adversitatem</strong></span> <span class='ocrx_word' id='word_1_176' title='bbox 1291 2649 1420 2730; x_wconf 91' lang='lat' dir='ltr'><strong>frangit.</strong></span> 
     </span>
     <span class='ocr_line' id='line_1_21' title="bbox 246 2735 1420 2836; baseline -0.001 -21"><span class='ocrx_word' id='word_1_177' title='bbox 246 2735 362 2816; x_wconf 63' lang='lat' dir='ltr'><strong>&#39;Nam</strong></span> <span class='ocrx_word' id='word_1_178' title='bbox 392 2755 473 2816; x_wconf 92' lang='lat' dir='ltr'><strong>dum</strong></span> <span class='ocrx_word' id='word_1_179' title='bbox 503 2755 606 2818; x_wconf 90' lang='lat' dir='ltr'><strong>homo</strong></span> <span class='ocrx_word' id='word_1_180' title='bbox 636 2756 831 2836; x_wconf 89' lang='lat' dir='ltr'><strong>patientiam</strong></span> <span class='ocrx_word' id='word_1_181' title='bbox 861 2765 896 2818; x_wconf 91' lang='lat' dir='ltr'><strong>et</strong></span> <span class='ocrx_word' id='word_1_182' title='bbox 918 2753 1221 2836; x_wconf 86' lang='lat' dir='ltr'><strong>gaudium·mentis</strong></span> <span class='ocrx_word' id='word_1_183' title='bbox 1243 2762 1277 2816; x_wconf 91' lang='lat' dir='ltr'><strong>et</strong></span> <span class='ocrx_word' id='word_1_184' title='bbox 1304 2772 1420 2834; x_wconf 88' lang='lat' dir='ltr'><strong>pacem</strong></span> 
     </span>
     <span class='ocr_line' id='line_1_22' title="bbox 271 2857 1420 2933; baseline -0.001 -14"><span class='ocrx_word' id='word_1_185' title='bbox 271 2867 370 2930; x_wconf 86' lang='lat' dir='ltr'><strong>tenet,</strong></span> <span class='ocrx_word' id='word_1_186' title='bbox 388 2857 467 2921; x_wconf 92' lang='lat' dir='ltr'><strong>nihil</strong></span> <span class='ocrx_word' id='word_1_187' title='bbox 484 2858 588 2933; x_wconf 87' lang='lat' dir='ltr'><strong>timet,</strong></span> <span class='ocrx_word' id='word_1_188' title='bbox 604 2860 637 2921; x_wconf 91' lang='lat' dir='ltr'><strong>in</strong></span> <span class='ocrx_word' id='word_1_189' title='bbox 659 2858 751 2922; x_wconf 91' lang='lat' dir='ltr'><strong>nullo</strong></span> <span class='ocrx_word' id='word_1_190' title='bbox 775 2858 936 2933; x_wconf 91' lang='lat' dir='ltr'><strong>turbatur,</strong></span> <span class='ocrx_word' id='word_1_191' title='bbox 956 2857 1112 2920; x_wconf 91' lang='lat' dir='ltr'><strong>incuriam</strong></span> <span class='ocrx_word' id='word_1_192' title='bbox 1137 2877 1203 2918; x_wconf 90' lang='lat' dir='ltr'><strong>non</strong></span> <span class='ocrx_word' id='word_1_193' title='bbox 1226 2857 1338 2932; x_wconf 90' lang='lat' dir='ltr'><strong>sentit,</strong></span> <span class='ocrx_word' id='word_1_194' title='bbox 1362 2858 1420 2919; x_wconf 90' lang='lat' dir='ltr'><strong>sed</strong></span> 
     </span>
     <span class='ocr_line' id='line_1_23' title="bbox 271 2949 1420 3044; baseline -0.003 -20"><span class='ocrx_word' id='word_1_195' title='bbox 271 2949 512 3044; x_wconf 79' lang='lat' dir='ltr'><strong>possessionem</strong></span> <span class='ocrx_word' id='word_1_196' title='bbox 541 2963 643 3026; x_wconf 92' lang='lat' dir='ltr'><strong>animi</strong></span> <span class='ocrx_word' id='word_1_197' title='bbox 666 2963 717 3026; x_wconf 92' lang='lat' dir='ltr'><strong>sui</strong></span> <span class='ocrx_word' id='word_1_198' title='bbox 740 2972 865 3040; x_wconf 90' lang='lat' dir='ltr'><strong>nactus,</strong></span> <span class='ocrx_word' id='word_1_199' title='bbox 899 2961 1056 3044; x_wconf 90' lang='lat' dir='ltr'><strong>quicquid</strong></span> <span class='ocrx_word' id='word_1_200' title='bbox 1080 2971 1218 3025; x_wconf 84' lang='lat' dir='ltr'><strong>vocatur</strong></span> <span class='ocrx_word' id='word_1_201' title='bbox 1244 2962 1420 3024; x_wconf 88' lang='lat' dir='ltr'><strong>adversum</strong></span> 
     </span>
     <span class='ocr_line' id='line_1_24' title="bbox 271 3064 1422 3150; baseline -0.001 -22"><span class='ocrx_word' id='word_1_202' title='bbox 271 3066 441 3148; x_wconf 90' lang='lat' dir='ltr'><strong>despiciet.</strong></span> <span class='ocrx_word' id='word_1_203' title='bbox 481 3064 537 3129; x_wconf 91' lang='lat' dir='ltr'><strong>Sic</strong></span> <span class='ocrx_word' id='word_1_204' title='bbox 558 3067 656 3150; x_wconf 87' lang='lat' dir='ltr'><strong>igitur</strong></span> <span class='ocrx_word' id='word_1_205' title='bbox 675 3088 711 3130; x_wconf 91' lang='lat' dir='ltr'><strong>se</strong></span> <span class='ocrx_word' id='word_1_206' title='bbox 730 3067 841 3149; x_wconf 92' lang='lat' dir='ltr'><strong>ipsum</strong></span> <span class='ocrx_word' id='word_1_207' title='bbox 865 3065 968 3130; x_wconf 91' lang='lat' dir='ltr'><strong>homo</strong></span> <span class='ocrx_word' id='word_1_208' title='bbox 991 3065 1176 3140; x_wconf 91' lang='lat' dir='ltr'><strong>iracundus,</strong></span> <span class='ocrx_word' id='word_1_209' title='bbox 1192 3072 1260 3128; x_wconf 83' lang='lat' dir='ltr'><strong>tarn</strong></span> <span class='ocrx_word' id='word_1_210' title='bbox 1284 3086 1304 3128; x_wconf 91' lang='lat' dir='ltr'><strong>a</strong></span> <span class='ocrx_word' id='word_1_211' title='bbox 1327 3073 1422 3146; x_wconf 88' lang='lat' dir='ltr'><strong>parte</strong></span> 
     </span>
     <span class='ocr_line' id='line_1_25' title="bbox 270 3160 1422 3256; baseline -0.001 -24"><span class='ocrx_word' id='word_1_212' title='bbox 270 3170 402 3232; x_wconf 87' lang='lat' dir='ltr'><strong>animae</strong></span> <span class='ocrx_word' id='word_1_213' title='bbox 417 3160 518 3253; x_wconf 88' lang='lat' dir='ltr'><strong>quam</strong></span> <span class='ocrx_word' id='word_1_214' title='bbox 539 3172 693 3254; x_wconf 82' lang='lat' dir='ltr'><strong>corporis,</strong></span> <span class='ocrx_word' id='word_1_215' title='bbox 707 3172 847 3236; x_wconf 85' lang='lat' dir='ltr'><strong>destruit</strong></span> <span class='ocrx_word' id='word_1_216' title='bbox 862 3191 922 3256; x_wconf 89' lang='lat' dir='ltr'><strong>per</strong></span> <span class='ocrx_word' id='word_1_217' title='bbox 937 3171 1028 3248; x_wconf 91' lang='lat' dir='ltr'><strong>iram,</strong></span> <span class='ocrx_word' id='word_1_218' title='bbox 1043 3169 1075 3232; x_wconf 91' lang='lat' dir='ltr'><strong>in</strong></span> <span class='ocrx_word' id='word_1_219' title='bbox 1099 3168 1163 3232; x_wconf 91' lang='lat' dir='ltr'><strong>hoc</strong></span> <span class='ocrx_word' id='word_1_220' title='bbox 1182 3169 1272 3252; x_wconf 90' lang='lat' dir='ltr'><strong>quod</strong></span> <span class='ocrx_word' id='word_1_221' title='bbox 1289 3169 1358 3250; x_wconf 90' lang='lat' dir='ltr'><strong>ipsa</strong></span> <span class='ocrx_word' id='word_1_222' title='bbox 1374 3169 1422 3231; x_wconf 89' lang='lat' dir='ltr'><strong>ira</strong></span> 
     </span>
     <span class='ocr_line' id='line_1_26' title="bbox 271 3273 1420 3359; baseline -0.001 -22"><span class='ocrx_word' id='word_1_223' title='bbox 271 3273 341 3355; x_wconf 86' lang='lat' dir='ltr'><strong>agit</strong></span> <span class='ocrx_word' id='word_1_224' title='bbox 357 3275 390 3336; x_wconf 91' lang='lat' dir='ltr'><strong>in</strong></span> <span class='ocrx_word' id='word_1_225' title='bbox 408 3275 576 3357; x_wconf 90' lang='lat' dir='ltr'><strong>proprium</strong></span> <span class='ocrx_word' id='word_1_226' title='bbox 599 3275 794 3357; x_wconf 85' lang='lat' dir='ltr'><strong>subjectum,</strong></span> <span class='ocrx_word' id='word_1_227' title='bbox 815 3276 935 3340; x_wconf 86' lang='lat' dir='ltr'><strong>tollens</strong></span> <span class='ocrx_word' id='word_1_228' title='bbox 953 3275 1109 3359; x_wconf 90' lang='lat' dir='ltr'><strong>quicquid</strong></span> <span class='ocrx_word' id='word_1_229' title='bbox 1132 3273 1298 3338; x_wconf 85' lang='lat' dir='ltr'><strong>laudabile</strong></span> <span class='ocrx_word' id='word_1_230' title='bbox 1313 3285 1363 3336; x_wconf 88' lang='lat' dir='ltr'><strong>est</strong></span> <span class='ocrx_word' id='word_1_231' title='bbox 1388 3274 1420 3336; x_wconf 94' lang='lat' dir='ltr'><strong>in</strong></span> 
     </span>
     <span class='ocr_line' id='line_1_27' title="bbox 270 3375 1422 3462; baseline 0.002 -22"><span class='ocrx_word' id='word_1_232' title='bbox 270 3397 319 3440; x_wconf 90' lang='lat' dir='ltr'><strong>eo.</strong></span> <span class='ocrx_word' id='word_1_233' title='bbox 366 3377 434 3443; x_wconf 88' lang='lat' dir='ltr'><strong>Sed</strong></span> <span class='ocrx_word' id='word_1_234' title='bbox 448 3397 515 3441; x_wconf 92' lang='lat' dir='ltr'><strong>non</strong></span> <span class='ocrx_word' id='word_1_235' title='bbox 530 3379 637 3443; x_wconf 88' lang='lat' dir='ltr'><strong>solum</strong></span> <span class='ocrx_word' id='word_1_236' title='bbox 654 3381 702 3442; x_wconf 94' lang='lat' dir='ltr'><strong>sic</strong></span> <span class='ocrx_word' id='word_1_237' title='bbox 717 3381 836 3445; x_wconf 87' lang='lat' dir='ltr'><strong>accidit</strong></span> <span class='ocrx_word' id='word_1_238' title='bbox 851 3381 1017 3444; x_wconf 87' lang='lat' dir='ltr'><strong>iracundis</strong></span> <span class='ocrx_word' id='word_1_239' title='bbox 1037 3375 1226 3462; x_wconf 89' lang='lat' dir='ltr'><strong>periculum,</strong></span> <span class='ocrx_word' id='word_1_240' title='bbox 1249 3381 1352 3441; x_wconf 90' lang='lat' dir='ltr'><strong>immo</strong></span> <span class='ocrx_word' id='word_1_241' title='bbox 1373 3377 1422 3442; x_wconf 90' lang='lat' dir='ltr'><strong>ira</strong></span> 
     </span>
     <span class='ocr_line' id='line_1_28' title="bbox 270 3481 1422 3566; baseline -0.002 -20"><span class='ocrx_word' id='word_1_242' title='bbox 270 3482 386 3564; x_wconf 88' lang='lat' dir='ltr'><strong>agitati</strong></span> <span class='ocrx_word' id='word_1_243' title='bbox 410 3492 444 3544; x_wconf 90' lang='lat' dir='ltr'><strong>et</strong></span> <span class='ocrx_word' id='word_1_244' title='bbox 463 3482 534 3566; x_wconf 84' lang='lat' dir='ltr'><strong>jam</strong></span> <span class='ocrx_word' id='word_1_245' title='bbox 557 3481 702 3547; x_wconf 88' lang='lat' dir='ltr'><strong>furentes</strong></span> <span class='ocrx_word' id='word_1_246' title='bbox 725 3485 758 3548; x_wconf 92' lang='lat' dir='ltr'><strong>in</strong></span> <span class='ocrx_word' id='word_1_247' title='bbox 781 3485 973 3560; x_wconf 88' lang='lat' dir='ltr'><strong>vindictam,</strong></span> <span class='ocrx_word' id='word_1_248' title='bbox 989 3505 1025 3548; x_wconf 90' lang='lat' dir='ltr'><strong>se</strong></span> <span class='ocrx_word' id='word_1_249' title='bbox 1047 3484 1138 3566; x_wconf 91' lang='lat' dir='ltr'><strong>ipsos</strong></span> <span class='ocrx_word' id='word_1_250' title='bbox 1161 3484 1251 3547; x_wconf 90' lang='lat' dir='ltr'><strong>omni</strong></span> <span class='ocrx_word' id='word_1_251' title='bbox 1275 3481 1422 3565; x_wconf 91' lang='lat' dir='ltr'><strong>periculo</strong></span> 
     </span>
     <span class='ocr_line' id='line_1_29' title="bbox 270 3587 1421 3670; baseline -0.001 -21"><span class='ocrx_word' id='word_1_252' title='bbox 270 3587 357 3650; x_wconf 86' lang='lat' dir='ltr'><strong>vitae</strong></span> <span class='ocrx_word' id='word_1_253' title='bbox 372 3597 557 3670; x_wconf 86' lang='lat' dir='ltr'><strong>exponunt,</strong></span> <span class='ocrx_word' id='word_1_254' title='bbox 572 3599 606 3651; x_wconf 89' lang='lat' dir='ltr'><strong>et</strong></span> <span class='ocrx_word' id='word_1_255' title='bbox 622 3599 765 3652; x_wconf 91' lang='lat' dir='ltr'><strong>mortem</strong></span> <span class='ocrx_word' id='word_1_256' title='bbox 781 3609 848 3651; x_wconf 90' lang='lat' dir='ltr'><strong>non</strong></span> <span class='ocrx_word' id='word_1_257' title='bbox 862 3589 1028 3664; x_wconf 89' lang='lat' dir='ltr'><strong>timentes,</strong></span> <span class='ocrx_word' id='word_1_258' title='bbox 1043 3588 1196 3652; x_wconf 89' lang='lat' dir='ltr'><strong>manibus</strong></span> <span class='ocrx_word' id='word_1_259' title='bbox 1212 3588 1421 3650; x_wconf 89' lang='lat' dir='ltr'><strong>inimicorum</strong></span> 
     </span>
     <span class='ocr_line' id='line_1_30' title="bbox 269 3689 1422 3776; baseline 0.001 -25"><span class='ocrx_word' id='word_1_260' title='bbox 269 3707 345 3752; x_wconf 87' lang='lat' dir='ltr'><strong>cum</strong></span> <span class='ocrx_word' id='word_1_261' title='bbox 362 3691 489 3771; x_wconf 90' lang='lat' dir='ltr'><strong>impetu</strong></span> <span class='ocrx_word' id='word_1_262' title='bbox 504 3709 540 3754; x_wconf 91' lang='lat' dir='ltr'><strong>se</strong></span> <span class='ocrx_word' id='word_1_263' title='bbox 556 3702 738 3774; x_wconf 90' lang='lat' dir='ltr'><strong>opponunt,</strong></span> <span class='ocrx_word' id='word_1_264' title='bbox 752 3689 873 3776; x_wconf 87' lang='lat' dir='ltr'><strong>gladiis</strong></span> <span class='ocrx_word' id='word_1_265' title='bbox 888 3711 1036 3776; x_wconf 88' lang='lat' dir='ltr'><strong>pugnare</strong></span> <span class='ocrx_word' id='word_1_266' title='bbox 1052 3692 1157 3773; x_wconf 85' lang='lat' dir='ltr'><strong>parati</strong></span> <span class='ocrx_word' id='word_1_267' title='bbox 1173 3703 1205 3755; x_wconf 91' lang='lat' dir='ltr'><strong>et</strong></span> <span class='ocrx_word' id='word_1_268' title='bbox 1222 3691 1422 3767; x_wconf 88' lang='lat' dir='ltr'><strong>incumbere,</strong></span> 
     </span>
     <span class='ocr_line' id='line_1_31' title="bbox 269 3791 846 3860; baseline 0.005 -3"><span class='ocrx_word' id='word_1_269' title='bbox 269 3803 306 3857; x_wconf 89' lang='lat' dir='ltr'><strong>ut</strong></span> <span class='ocrx_word' id='word_1_270' title='bbox 323 3793 404 3858; x_wconf 92' lang='lat' dir='ltr'><strong>dicit</strong></span> <span class='ocrx_word' id='word_1_271' title='bbox 421 3791 550 3858; x_wconf 87' lang='lat' dir='ltr'><strong>Seneca</strong></span> <span class='ocrx_word' id='word_1_272' title='bbox 566 3794 651 3858; x_wconf 90' lang='lat' dir='ltr'><strong>libro</strong></span> <span class='ocrx_word' id='word_1_273' title='bbox 667 3793 846 3860; x_wconf 59' lang='lat' dir='ltr'><strong>secundol.</strong></span> 
     </span>
    </p>

    <p class='ocr_par' dir='ltr' id='par_1_5' title="bbox 268 3897 1572 4401">
     <span class='ocr_line' id='line_1_32' title="bbox 314 3897 1572 3983; baseline 0 -21"><span class='ocrx_word' id='word_1_274' title='bbox 314 3897 360 3962; x_wconf 89' lang='lat' dir='ltr'><strong>Et</strong></span> <span class='ocrx_word' id='word_1_275' title='bbox 382 3898 416 3960; x_wconf 90' lang='lat' dir='ltr'><strong>ln</strong></span> <span class='ocrx_word' id='word_1_276' title='bbox 439 3899 537 3962; x_wconf 90' lang='lat' dir='ltr'><strong>tertio</strong></span> <span class='ocrx_word' id='word_1_277' title='bbox 554 3900 652 3964; x_wconf 80' lang='lat' dir='ltr'><strong>refert</strong></span> <span class='ocrx_word' id='word_1_278' title='bbox 667 3902 757 3983; x_wconf 91' lang='lat' dir='ltr'><strong>quod</strong></span> <span class='ocrx_word' id='word_1_279' title='bbox 775 3897 1006 3982; x_wconf 83' lang='lat' dir='ltr'><strong>Cambysem³</strong></span> <span class='ocrx_word' id='word_1_280' title='bbox 1024 3920 1137 3983; x_wconf 90' lang='lat' dir='ltr'><strong>regem</strong></span> <span class='ocrx_word' id='word_1_281' title='bbox 1154 3899 1255 3961; x_wconf 89' lang='lat' dir='ltr'><strong>nimis</strong></span> <span class='ocrx_word' id='word_1_282' title='bbox 1270 3898 1421 3962; x_wconf 89' lang='lat' dir='ltr'><strong>deditum</strong></span> <span class='ocrx_word' id='word_1_283' title='bbox 1435 3913 1572 3978; x_wconf 75' lang='lat' dir='ltr'><strong>Enmples</strong></span> 
     </span>
     <span class='ocr_line' id='line_1_33' title="bbox 268 3980 1565 4094; baseline 0.002 -31"><span class='ocrx_word' id='word_1_284' title='bbox 268 4000 345 4064; x_wconf 90' lang='lat' dir='ltr'><strong>vino</strong></span> <span class='ocrx_word' id='word_1_285' title='bbox 376 4000 582 4086; x_wconf 88' lang='lat' dir='ltr'><strong>Praexaspes</strong></span> <span class='ocrx_word' id='word_1_286' title='bbox 611 4024 697 4068; x_wconf 90' lang='lat' dir='ltr'><strong>unus</strong></span> <span class='ocrx_word' id='word_1_287' title='bbox 734 4025 778 4068; x_wconf 90' lang='lat' dir='ltr'><strong>ex</strong></span> <span class='ocrx_word' id='word_1_288' title='bbox 815 4005 993 4070; x_wconf 87' lang='lat' dir='ltr'><strong>carissimis</strong></span> <span class='ocrx_word' id='word_1_289' title='bbox 1024 4003 1182 4068; x_wconf 89' lang='lat' dir='ltr'><strong>monebat</strong></span> <span class='ocrx_word' id='word_1_290' title='bbox 1220 4012 1256 4067; x_wconf 93' lang='lat' dir='ltr'><strong>ut</strong></span> <span class='ocrx_word' id='word_1_291' title='bbox 1293 4001 1421 4084; x_wconf 87' lang='lat' dir='ltr'><strong>parcius</strong></span> <span class='ocrx_word' id='word_1_292' title='bbox 1435 3980 1565 4094; x_wconf 57' lang='lat' dir='ltr'><strong>ffoffin&#39;</strong></span> 
     </span>
     <span class='ocr_line' id='line_1_34' title="bbox 268 4105 1517 4191; baseline 0 -23"><span class='ocrx_word' id='word_1_293' title='bbox 268 4105 406 4181; x_wconf 90' lang='lat' dir='ltr'><strong>biberet,</strong></span> <span class='ocrx_word' id='word_1_294' title='bbox 420 4117 552 4188; x_wconf 90' lang='lat' dir='ltr'><strong>turpem</strong></span> <span class='ocrx_word' id='word_1_295' title='bbox 568 4128 641 4172; x_wconf 90' lang='lat' dir='ltr'><strong>esse</strong></span> <span class='ocrx_word' id='word_1_296' title='bbox 658 4108 771 4173; x_wconf 88' lang='lat' dir='ltr'><strong>dicens</strong></span> <span class='ocrx_word' id='word_1_297' title='bbox 786 4110 983 4175; x_wconf 89' lang='lat' dir='ltr'><strong>ebrietatem</strong></span> <span class='ocrx_word' id='word_1_298' title='bbox 999 4109 1032 4170; x_wconf 91' lang='lat' dir='ltr'><strong>in</strong></span> <span class='ocrx_word' id='word_1_299' title='bbox 1049 4128 1136 4191; x_wconf 89' lang='lat' dir='ltr'><strong>rege,</strong></span> <span class='ocrx_word' id='word_1_300' title='bbox 1154 4126 1254 4188; x_wconf 92' lang='lat' dir='ltr'><strong>quern</strong></span> <span class='ocrx_word' id='word_1_301' title='bbox 1271 4106 1421 4170; x_wconf 91' lang='lat' dir='ltr'><strong>omnium</strong></span> <span class='ocrx_word' id='word_1_302' title='bbox 1434 4126 1517 4175; x_wconf 69' lang='lat' dir='ltr'><strong>anger.</strong></span> 
     </span>
     <span class='ocr_line' id='line_1_35' title="bbox 268 4207 1420 4295; baseline 0 -23"><span class='ocrx_word' id='word_1_303' title='bbox 268 4211 355 4273; x_wconf 93' lang='lat' dir='ltr'><strong>oculi</strong></span> <span class='ocrx_word' id='word_1_304' title='bbox 400 4231 563 4294; x_wconf 90' lang='lat' dir='ltr'><strong>auresque</strong></span> <span class='ocrx_word' id='word_1_305' title='bbox 600 4221 822 4295; x_wconf 89' lang='lat' dir='ltr'><strong>sequerentur.</strong></span> <span class='ocrx_word' id='word_1_306' title='bbox 878 4213 928 4278; x_wconf 88' lang='lat' dir='ltr'><strong>At</strong></span> <span class='ocrx_word' id='word_1_307' title='bbox 966 4213 1020 4276; x_wconf 93' lang='lat' dir='ltr'><strong>ille</strong></span> <span class='ocrx_word' id='word_1_308' title='bbox 1057 4211 1278 4294; x_wconf 89' lang='lat' dir='ltr'><strong>objurgatoris</strong></span> <span class='ocrx_word' id='word_1_309' title='bbox 1316 4207 1420 4272; x_wconf 90' lang='lat' dir='ltr'><strong>filium</strong></span> 
     </span>
     <span class='ocr_line' id='line_1_36' title="bbox 268 4308 1420 4401; baseline 0.002 -25"><span class='ocrx_word' id='word_1_310' title='bbox 268 4308 478 4401; x_wconf 88' lang='lat' dir='ltr'><strong>[procedere]</strong></span> <span class='ocrx_word' id='word_1_311' title='bbox 501 4315 588 4378; x_wconf 89' lang='lat' dir='ltr'><strong>ultra</strong></span> <span class='ocrx_word' id='word_1_312' title='bbox 610 4315 712 4381; x_wconf 89' lang='lat' dir='ltr'><strong>limen</strong></span> <span class='ocrx_word' id='word_1_313' title='bbox 732 4317 838 4399; x_wconf 86' lang='lat' dir='ltr'><strong>jubet,</strong></span> <span class='ocrx_word' id='word_1_314' title='bbox 852 4327 933 4382; x_wconf 91' lang='lat' dir='ltr'><strong>tunc</strong></span> <span class='ocrx_word' id='word_1_315' title='bbox 956 4317 1098 4381; x_wconf 86' lang='lat' dir='ltr'><strong>intendit</strong></span> <span class='ocrx_word' id='word_1_316' title='bbox 1120 4335 1232 4380; x_wconf 87' lang='lat' dir='ltr'><strong>arcum</strong></span> <span class='ocrx_word' id='word_1_317' title='bbox 1255 4325 1289 4377; x_wconf 89' lang='lat' dir='ltr'><strong>et</strong></span> <span class='ocrx_word' id='word_1_318' title='bbox 1311 4313 1420 4395; x_wconf 82' lang='lat' dir='ltr'><strong>ipsum</strong></span> 
     </span>
    </p>

    <p class='ocr_par' dir='ltr' id='par_1_6' title="bbox 350 4464 767 4527">
     <span class='ocr_line' id='line_1_37' title="bbox 350 4464 767 4527; baseline 0.014 -15"><span class='ocrx_word' id='word_1_319' title='bbox 350 4464 520 4527; x_wconf 82' lang='lat' dir='ltr'><strong>¹siclfSS.;</strong></span> <span class='ocrx_word' id='word_1_320' title='bbox 536 4467 624 4516; x_wconf 79' lang='lat' dir='ltr'><strong>omnia</strong></span> <span class='ocrx_word' id='word_1_321' title='bbox 634 4468 692 4526; x_wconf 79' lang='lat' dir='ltr'><strong>ista,</strong></span> <span class='ocrx_word' id='word_1_322' title='bbox 705 4467 767 4518; x_wconf 84' lang='lat' dir='ltr'><strong>Seu.</strong></span> 
     </span>
    </p>
   </div>
   <div class='ocr_carea' id='block_1_3' title="bbox 349 4542 1262 4689">
    <p class='ocr_par' dir='ltr' id='par_1_7' title="bbox 349 4542 1262 4689">
     <span class='ocr_line' id='line_1_38' title="bbox 349 4542 1262 4610; baseline 0 -18"><span class='ocrx_word' id='word_1_323' title='bbox 349 4542 359 4572; x_wconf 89' lang='lat'><strong>¹</strong></span> <span class='ocrx_word' id='word_1_324' title='bbox 377 4543 449 4592; x_wconf 84' lang='lat' dir='ltr'><strong>Here</strong></span> <span class='ocrx_word' id='word_1_325' title='bbox 461 4543 565 4594; x_wconf 81' lang='lat' dir='ltr'><strong>follows</strong></span> <span class='ocrx_word' id='word_1_326' title='bbox 576 4562 591 4595; x_wconf 82' lang='grc' dir='ltr'>ι</span> <span class='ocrx_word' id='word_1_327' title='bbox 602 4547 740 4608; x_wconf 87' lang='lat' dir='ltr'><strong>repetition</strong></span> <span class='ocrx_word' id='word_1_328' title='bbox 752 4548 784 4595; x_wconf 91' lang='lat' dir='ltr'><strong>of</strong></span> <span class='ocrx_word' id='word_1_329' title='bbox 790 4549 835 4597; x_wconf 87' lang='lat' dir='ltr'><strong>the</strong></span> <span class='ocrx_word' id='word_1_330' title='bbox 847 4556 919 4610; x_wconf 82' lang='lat' dir='ltr'><strong>story</strong></span> <span class='ocrx_word' id='word_1_331' title='bbox 931 4546 961 4595; x_wconf 92' lang='lat' dir='ltr'><strong>of</strong></span> <span class='ocrx_word' id='word_1_332' title='bbox 970 4545 1090 4609; x_wconf 82' lang='lat' dir='ltr'><strong>Hippias,</strong></span> <span class='ocrx_word' id='word_1_333' title='bbox 1101 4545 1155 4594; x_wconf 92' lang='lat' dir='ltr'><strong>told</strong></span> <span class='ocrx_word' id='word_1_334' title='bbox 1167 4559 1191 4606; x_wconf 90' lang='lat' dir='ltr'><strong>p.</strong></span> <span class='ocrx_word' id='word_1_335' title='bbox 1205 4545 1262 4592; x_wconf 69' lang='lat' dir='ltr'><strong>abo</strong></span> 
     </span>
     <span class='ocr_line' id='line_1_39' title="bbox 350 4622 743 4689; baseline 0.008 -17"><span class='ocrx_word' id='word_1_336' title='bbox 350 4622 743 4689; x_wconf 49' lang='lat' dir='ltr'><strong>&#39;stmffiwfflmu</strong></span> 
     </span>
    </p>
   </div>
   <div class='ocr_carea' id='block_1_4' title="bbox 0 0 1776 5359">
    <p class='ocr_par' dir='ltr' id='par_1_8' title="bbox 0 0 1776 5359">
     <span class='ocr_line' id='line_1_40' title="bbox 0 0 1776 5359; baseline 0 1"><span class='ocrx_word' id='word_1_337' title='bbox 0 0 1776 5359; x_wconf 95' lang='lat' dir='ltr'><strong> </strong></span> 
     </span>
    </p>
   </div>
  </div>
 </body>
</html>
