3542 5359
384 2460 580 2508 Motion

380 2525 540 2575 ofthe

384 2591 619 2640 medium.

399 4126 447 4170 1¹·

395 4202 407 4234 τ

395 4265 443 4302 Ίτ·

399 4274 452 4366 hi

397 4470 459 4514 5¹⁴*

447 4202 492 4234 1
459 4204 678 4302 isi-on
724 4207 937 4271 visus:
987 4225 1240 4288 ponens
1279 4208 1661 4290 exemplum
1707 4210 1792 4272 de
1838 4208 2104 4270 homine
2141 4207 2254 4288 qui
2293 4207 2526 4289 aspicit
2571 4227 2706 4270 rem
2742 4205 3030 4287 aliquam

499 4322 576 4366 ,ιτῑι
572 4320 707 4368 nos
729 4331 794 4373 m
841 4331 975 4374 uno
1025 4311 1188 4388 loco,
1243 4322 1309 4375 et
1366 4312 1421 4374 si
1476 4312 1740 4374 oculum
1801 4323 2064 4375 moveat
2125 4311 2339 4394 digito
2392 4331 2514 4373 suo
2570 4309 3032 4392 constringens

399 4399 547 4430 'ii-[251.

713 618 827 677 124
1183 601 1495 660 OPERIS
1543 601 1917 672 MAJORJS
1966 601 2194 661 PARS
2247 602 2587 675 QUINTA.

709 785 749 826 a
781 785 932 827 vera
961 762 1551 847 comprehensione
1581 764 1875 828 visibilis.
1968 764 2151 847 Ergo
2190 765 2409 847 posita
2449 764 2777 828 densitate
2816 765 3015 829 medii

714 867 1189 950 proportionali
1234 869 1589 934 distantiae
1632 869 1975 934 stellarum
2017 869 2520 933 scintillantium
2562 868 3015 933 scintillarent.

715 972 914 1056 Quod
963 994 1094 1036 non
1141 974 1428 1039 creditur
1473 994 1617 1038 esse
1664 994 1913 1039 verum.
2004 974 2096 1037 Et
2141 973 2473 1038 Averroes
2530 975 2884 1057 respondet
2929 974 3013 1037 ad

711 1076 841 1139 hoc
873 1078 939 1140 in
969 1077 1265 1141 secundo
1300 1077 1484 1143 Coeli
1519 1088 1587 1142 et
1623 1078 1896 1142 Mundi:
1948 1098 2101 1142 nam
2134 1078 2300 1142 bene
2323 1079 2491 1155 vult,
2512 1080 2693 1160 quod
2728 1078 3018 1141 densitas

716 1181 914 1245 medii
962 1181 1162 1247 faciat
1206 1182 1291 1245 ad
1340 1182 1875 1248 scintillationem
1924 1191 1990 1246 et
2040 1192 2416 1261 tremorem,
2462 1183 2686 1246 dicens
2729 1183 2909 1265 quod
2963 1181 3015 1245 si

713 1283 810 1349 sol
866 1286 1090 1349 tremit
1143 1286 1359 1350 solum
1414 1288 1476 1350 in
1532 1307 1768 1351 occasu
1823 1297 1891 1351 et
1942 1297 2112 1361 ortu,
2158 1296 2258 1350 est
2302 1295 2573 1370 propter
2618 1287 3015 1363 densitatem

716 1389 933 1453 medii.
1026 1388 1100 1454 Si
1141 1400 1365 1453 autem
1411 1392 1672 1474 ubique,
1704 1402 1861 1455 tunc
1898 1401 1998 1454 est
2043 1401 2315 1474 propter
2357 1390 2810 1454 fortitudinem
2859 1390 3020 1453 lucis

715 1495 931 1579 magis
960 1515 1162 1576 quam
1198 1496 1263 1558 in
1296 1494 1435 1558 aliis
1467 1496 1769 1579 planetis,
1861 1495 2025 1560 Vult
2063 1517 2221 1578 ergo
2262 1496 2443 1578 quod
2486 1495 2778 1558 densitas
2819 1495 3018 1558 medii

715 1609 1026 1681 operetur
1054 1601 1142 1663 ad
1173 1609 1544 1663 tremorem.
1639 1600 1729 1664 Et
1762 1601 1915 1663 ideo
1948 1601 2097 1664 licet
2120 1600 2355 1684 vulgus
2386 1599 2514 1663 hoc
2547 1609 2765 1681 neget,
2795 1610 3020 1662 tamen

717 1702 844 1767 hoc
877 1723 1008 1767 non
1049 1715 1150 1768 est
1189 1704 1668 1787 improbabile:
1723 1715 1791 1768 et
1822 1706 1975 1769 ideo
2017 1704 2251 1769 stellae
2292 1705 2504 1787 magis
2551 1704 2911 1768 scintillant
2955 1705 3019 1766 in

717 1818 865 1872 ortu
899 1819 966 1872 et
996 1829 1250 1887 occasu,
1281 1830 1413 1872 non
1446 1809 1660 1873 solum
1695 1832 1783 1873 ex
1821 1831 2019 1874 causa
2052 1809 2347 1894 superius
2379 1810 2571 1882 dicta,
2603 1810 2718 1872 sed
2753 1818 3021 1891 propter

718 1912 1214 1996 spissitudinem
1243 1915 1442 1977 medii
1463 1915 1789 1998 vaporosi,
1808 1915 1965 1996 quia
1999 1913 2358 1978 multitudo
2382 1933 2700 1997 vaporum
2726 1913 3022 1976 abundat

722 2017 786 2080 in
838 2019 1059 2082 medio
1105 2018 1273 2083 circa
1320 2018 1467 2083 illas
1512 2020 1721 2096 horas,
1769 2040 1852 2083 eo
1900 2020 2081 2101 quod
2127 2019 2225 2082 sol
2276 2017 2489 2082 elevat
2529 2027 2686 2080 tunc
2724 2034 3023 2100 vaporeS,

720 2131 789 2186 et
821 2141 952 2185 non
985 2124 1316 2186 consumit
1346 2125 1517 2188 sicut
1549 2124 1613 2187 in
1648 2124 1959 2196 meridie3
2009 2133 2282 2207 propter
2313 2121 2438 2185 hoc
2471 2123 2653 2203 quod
2687 2121 2849 2185 radii
2881 2121 3023 2202 ejus

719 2237 877 2290 sunt
921 2226 1173 2290 debiles
1228 2228 1292 2290 in
1343 2237 1492 2290 ortu
1544 2237 1613 2290 et
1659 2248 1913 2305 occasu,
1965 2247 2045 2291 eo
2089 2227 2269 2309 quod
2318 2228 2565 2290 cadunt
2618 2226 2701 2289 ad
2744 2224 3024 2307 angulos

721 2328 1029 2411 obliquos
1060 2351 1258 2413 super
1288 2330 1724 2408 horizontem,
1756 2340 1830 2394 ut
1862 2332 1928 2393 in
1963 2332 2290 2414 prioribus
2319 2330 2624 2395 habitum
2660 2340 2777 2394 est.

812 2433 1014 2516 Quod
1062 2434 1114 2496 si
1163 2435 1524 2517 spissitudo
1577 2435 1779 2499 medii
1830 2456 1960 2499 non
2011 2435 2251 2499 faceret
2313 2436 2460 2512 hoc,
2511 2442 2737 2517 potest
2795 2441 3022 2496 tamen

728 2547 948 2601 motus
998 2539 1197 2600 medii
1252 2538 1382 2602 hoc
1432 2541 1706 2622 operari,
1753 2541 1926 2605 sicut
1973 2539 2219 2603 ibidem
2267 2538 2465 2602 docet
2511 2539 2636 2602 hoc
2675 2537 3023 2600 Averroes,

723 2642 900 2705 Nam
936 2643 1228 2705 medium
1267 2653 1369 2706 est
1420 2643 1484 2706 in
1526 2645 1844 2708 continuo
1888 2654 2091 2721 motu,
2123 2653 2189 2706 et
2234 2644 2385 2706 ideo
2430 2641 2681 2726 species
2724 2640 2815 2704 rei
2861 2642 3022 2703 dum

722 2747 898 2811 cadit
943 2746 1007 2809 in
1051 2766 1248 2810 unam
1289 2760 1564 2830 partem,
1597 2759 1898 2812 remanet
1942 2749 2005 2810 in
2051 2769 2129 2811 ea
2178 2755 2360 2810 mota
2405 2768 2446 2810 a
2491 2747 2640 2810 loco
2684 2766 2831 2822 suo,
2864 2744 3023 2808 dum

723 2850 974 2933 reliqua
1007 2871 1158 2933 pars
1190 2852 1499 2915 succedat
1538 2852 1604 2914 in
1646 2851 1863 2916 locum
1909 2853 2161 2934 primae
2203 2851 2422 2933 partis,
2454 2861 2522 2914 et
2561 2851 2711 2914 ideo
2750 2860 3026 2931 utraque

723 2955 925 3018 habet
987 2954 1274 3037 speciem
1337 2956 1683 3035 visibilem,
1744 2966 1813 3020 et
1875 2955 2121 3020 faciunt
2180 2956 2549 3018 necessario
2594 2954 2720 3018 sibi
2781 2953 3026 3016 similoe

725 3061 974 3143 species
1009 3061 1072 3121 in
1104 3059 1295 3121 oculo
1327 3061 1586 3138 eodem,
1620 3070 1686 3123 et
1721 3060 1784 3123 in
1819 3060 2094 3124 diversis
2126 3058 2267 3139 ejus
2300 3059 2620 3141 partibuS,
2644 3069 2710 3122 et
2738 3058 2800 3120 in
2827 3077 3027 3119 nervo

725 3164 1100 3226 communi:
1148 3165 1317 3225 sicut
1360 3164 1534 3226 idem
1581 3163 1912 3227 Averroes
1958 3165 2153 3227 docet
2195 3183 2314 3246 per
2344 3162 2729 3244 exemplum
2765 3162 2828 3224 in
2863 3161 3028 3223 libro

725 3268 812 3329 de
860 3265 1071 3329 Sensu
1126 3278 1194 3331 et
1246 3266 1530 3330 Sensato
1583 3270 1668 3331 de
1722 3269 1942 3350 specie
1993 3269 2151 3331 solis
2205 3270 2488 3332 cadente
2537 3287 2736 3349 super
2787 3286 3026 3349 aquam

728 3380 1001 3434 motam.
1094 3370 1248 3433 Non
1294 3372 1467 3435 enim
1511 3372 1736 3435 statim
1783 3373 2215 3436 absconditur
2243 3374 2495 3455 species
2526 3393 2565 3435 a
2597 3381 2785 3454 parte
2827 3381 3027 3443 mota,

727 3476 842 3539 sed
901 3486 1124 3540 manet
1175 3475 1239 3538 in
1292 3497 1371 3539 ea
1425 3478 1508 3540 ad
1564 3487 1831 3560 tempus
1888 3480 2098 3541 donec
2161 3477 2411 3559 reliqua
2471 3498 2624 3559 pars
2679 3477 2905 3540 veniat
2965 3476 3029 3537 in

724 3578 941 3643 locum
983 3601 1198 3658 suum,
1229 3589 1296 3643 et
1341 3591 1499 3646 tunc
1543 3590 1822 3663 utraque
1855 3580 2011 3645 facit
2047 3582 2333 3665 speciem
2370 3582 2436 3643 in
2478 3590 2700 3664 partes
2733 3580 3027 3663 ejusdem

727 3684 896 3748 oculi
945 3695 1012 3748 et
1057 3686 1235 3748 nervi
1275 3687 1494 3767 optici,
1530 3696 1595 3749 et
1639 3687 1732 3750 sic
1762 3687 2025 3749 videtur
2055 3687 2289 3750 eadem
2331 3706 2432 3749 res
2472 3685 2718 3767 habere
2760 3685 3028 3747 diversi-

726 3799 929 3852 tatem
977 3792 1140 3854 situs
1185 3790 1517 3870 continue,
1562 3801 1628 3854 et
1676 3792 1827 3854 ideo
1881 3801 2178 3854 tremere.
2274 3791 2363 3854 Et
2416 3791 2589 3854 hanc
2635 3789 3028 3853 sententiam

725 3892 1053 3975 approbat
1070 3890 1092 3928 ¹
1116 3893 1534 3959 Ptolemaeus
1557 3896 1619 3958 in
1642 3898 1937 3959 secundo
1964 3895 2352 3978 Opticorum
2377 3915 2629 3978 ponens
2648 3892 3030 3975 exemplum

727 3997 855 4061 hoc
887 3999 972 4062 de
1004 4018 1177 4080 aqua
1210 4007 1412 4073 mota,
1444 4009 1510 4062 et
1541 4002 1626 4062 de
1661 4000 1885 4062 medio
1919 4010 2120 4063 moto,

817 4100 1037 4166 Afsert
1085 4113 1150 4165 et
1198 4102 1532 4167 Averroes
1575 4105 1844 4168 tertiam
1900 4124 2189 4179 causam,
2241 4112 2512 4187 propter
2555 4102 3029 4166 abscissionem

731 4425 885 4479 tunc
929 4416 1180 4479 videbit
1228 4436 1364 4478 rem
1415 4416 1479 4477 in
1526 4415 1658 4478 alio
1703 4417 1853 4480 loco
1898 4425 2168 4500 propter
2217 4417 2582 4479 motionem
2635 4415 2827 4492 oculi,
2878 4413 3033 4496 quia

732 4536 862 4582 non
896 4519 1121 4602 figitur
1152 4521 1403 4603 species
1437 4520 1524 4583 rei
1567 4521 1630 4583 in
1675 4541 1804 4584 uno
1848 4521 1995 4584 loco
2037 4531 2234 4595 cert0,
2268 4521 2386 4583 sed
2423 4521 2489 4582 in
2529 4519 2846 4602 pluribus.
2943 4518 3033 4580 Et

1516 4652 1530 4681 ¹
1571 4656 1699 4707 Ptol.
1730 4657 1917 4720 Ophi-a,
1945 4673 2032 4720 pp.
2057 4671 2121 4718 54
2157 4671 2241 4718 55.
