3542 5359
374 637 438 681 220
609 623 765 683 OPERIS
790 621 980 693 MAJORIS
1005 621 1119 683 PARS
1144 621 1292 683 SEXTA.

376 784 531 850 scientiae
553 787 733 850 secundum
753 807 799 864 se,
812 784 881 868 jam
906 787 1043 851 cuilibet
1061 795 1155 870 patet
1176 787 1268 868 quod
1286 785 1458 850 utilissima
1479 793 1531 849 est

376 890 458 953 haec
473 890 611 954 scientia
631 901 706 973 post
724 891 894 966 moralem,
906 899 940 955 et
958 891 1066 974 primo
1078 890 1139 972 ipsi
1156 889 1343 973 theologiae
1358 890 1531 954 absolutae

377 1003 512 1076 propter
534 1014 665 1057 sensum
690 995 848 1058 literalem
873 1004 906 1059 et
929 995 1145 1077 spiritualem,
1163 995 1196 1056 in
1220 994 1339 1077 quibus
1360 995 1431 1078 ipsa
1451 1013 1531 1056 con-

376 1099 472 1162 sistit.
519 1095 678 1180 Superius
700 1098 786 1162 enim
809 1097 959 1163 habitum
982 1109 1033 1161 est
1057 1100 1147 1181 quod
1167 1098 1302 1162 literalis
1321 1119 1437 1163 sensus
1454 1118 1532 1163 con·

376 1202 461 1266 sistit
485 1203 518 1264 in
533 1201 673 1265 veritate
694 1215 917 1267 creaturarum
934 1223 993 1286 per
1014 1201 1222 1265 definitiones
1237 1212 1272 1266 et
1294 1200 1531 1285 descriptiones

376 1325 489 1370 earum
507 1306 734 1388 exprimenda,
746 1317 780 1370 et
795 1306 944 1370 similiter
959 1307 1111 1371 habitum
1128 1316 1178 1371 est
1194 1306 1284 1389 quod
1300 1315 1530 1389 argumentum

378 1430 442 1473 non
458 1411 590 1492 attingit
610 1411 652 1474 ad
671 1409 756 1475 hanc
776 1411 960 1488 veritatem,
977 1412 1034 1475 sed
1058 1410 1274 1491 experientia.
1320 1409 1532 1493 Quapropter

377 1513 458 1577 haec
474 1513 609 1577 scientia
621 1524 698 1596 post
710 1514 869 1579 moralem
887 1514 1035 1578 maxime
1049 1515 1143 1579 dabit
1154 1515 1325 1578 veritatem
1343 1513 1532 1597 Scripturae

377 1617 548 1694 literalem,
574 1627 610 1682 ut
637 1638 695 1700 per
721 1619 954 1684 convenientes
983 1619 1216 1702 adaptationes
1242 1629 1276 1682 et
1302 1619 1532 1682 similitudines

377 1721 596 1786 extrahantur
610 1743 724 1786 sensus
741 1723 933 1806 spirituales,
944 1734 1080 1806 propter
1095 1723 1329 1806 proprietatem
1343 1722 1533 1807 Scripturas

377 1846 489 1890 sacrae
503 1834 537 1890 et
551 1828 731 1892 secuudum
748 1828 819 1891 vias
834 1838 1024 1892 sanctorum
1041 1837 1074 1891 et
1089 1828 1238 1891 omniurn
1254 1828 1451 1908 sapientum.

423 1930 555 1994 Deinde
581 1940 618 1994 ut
648 1931 786 1996 refertur
814 1934 858 1997 ad
885 1932 1123 2016 rempublicam
1151 1931 1299 1996 fidelium
1329 1932 1420 1995 valet
1450 1931 1532 1996 haee

377 2033 520 2106 scientia,
549 2045 586 2098 ut
613 2043 738 2099 tactum
770 2046 820 2099 est
847 2036 879 2099 in
912 2035 1094 2100 futurorum
1123 2037 1344 2119 praesentium
1375 2046 1409 2099 et
1438 2056 1533 2120 prae·

377 2139 549 2202 teritorum
584 2139 772 2221 cognitione
802 2140 946 2224 speciali,
972 2151 1073 2222 atque
1104 2142 1136 2202 in
1167 2159 1305 2223 operum
1333 2141 1531 2204 mirabilium

378 2241 584 2306 exhibitione
598 2263 659 2325 pro
676 2243 825 2308 Ecclesia
840 2252 874 2307 et
892 2244 1086 2325 Republica,
1096 2253 1134 2307 ut
1150 2253 1406 2327 promoveantur
1420 2244 1533 2308 omnia

378 2348 513 2429 negotia
535 2346 636 2423 utilia,
657 2358 691 2411 et
714 2349 938 2432 impediantur
960 2349 1123 2414 contraria
1142 2359 1212 2413 tam
1232 2351 1266 2412 in
1287 2350 1401 2431 paucis
1429 2367 1530 2431 quam

379 2449 411 2512 in
436 2449 657 2528 multitudine,
676 2451 760 2516 sicut
784 2453 1067 2535 exemplificatum
1090 2464 1150 2518 est.
1198 2453 1243 2517 Et
1263 2454 1291 2517 si
1312 2455 1531 2537 procedamus

379 2555 421 2617 ad
446 2554 692 2618 conversionem
714 2554 905 2635 infidelium,
924 2568 1018 2642 patet
1042 2559 1132 2641 quod
1155 2556 1245 2621 valet
1269 2559 1401 2621 duobus
1422 2557 1529 2621 modis

377 2657 621 2741 principalibus,
640 2661 697 2742 qui
721 2661 844 2726 habent
867 2682 978 2726 ramos
1000 2661 1154 2741 infinitos,
1178 2671 1339 2745 quantum
1363 2663 1531 2745 persuasio

378 2762 453 2826 fidei
471 2763 660 2828 notabiliter
669 2763 738 2828 fieri
754 2775 865 2849 potest
877 2787 937 2850 per
946 2767 1117 2831 scientiam
1130 2766 1232 2845 hanc;
1247 2788 1314 2830 non
1327 2769 1531 2851 argumentis

376 2868 435 2931 sed
452 2867 616 2951 operibus
633 2871 723 2951 quod
744 2870 859 2936 fortius
879 2879 940 2936 est.
988 2872 1135 2956 Neganti
1156 2873 1243 2936 enim
1258 2872 1430 2935 veritatem
1447 2870 1532 2952 fidei,

376 2973 454 3054 quia
471 2972 652 3055 intelligere
673 2995 745 3038 eam
767 2996 834 3040 non
852 2976 972 3053 valeat,
992 2997 1174 3060 proponam
1196 2997 1328 3040 cursum
1349 2976 1530 3041 naturalem

377 3095 484 3138 rerum
508 3077 550 3140 ad
572 3076 721 3157 invicem,
736 3079 820 3143 sicut
839 3079 1124 3162 exemplificatum
1145 3080 1214 3145 fuit.
1261 3080 1421 3145 Similiter
1438 3081 1529 3164 quod

376 3179 446 3242 sine
466 3180 621 3244 violentia
639 3180 783 3246 humana
802 3184 929 3247 dolium
949 3183 1127 3268 frangatur,
1149 3194 1183 3248 et
1202 3185 1317 3248 vinum
1339 3195 1530 3249 contentum

376 3289 442 3346 stet
465 3282 635 3347 immobile
657 3304 716 3366 per
740 3296 806 3349 tres
832 3288 902 3351 dies
929 3308 997 3352 non
1024 3287 1148 3362 fluens3
1178 3299 1213 3353 et
1238 3291 1329 3372 quod
1356 3309 1471 3353 aurum
1497 3300 1532 3352 et

376 3395 549 3468 argentum
577 3387 610 3450 in
638 3391 813 3473 marsupio,
836 3402 869 3456 et
896 3392 981 3456 ensis
1007 3392 1041 3454 in
1067 3393 1194 3473 vagina,
1218 3404 1461 3470 consumantur,
1485 3393 1532 3456 eis

377 3492 410 3553 in
428 3490 548 3573 quibus
563 3493 775 3559 continentur
792 3496 934 3575 illaesis;
958 3506 993 3560 ut
1014 3495 1141 3560 Seneca
1163 3499 1260 3562 docet
1277 3498 1309 3560 in
1326 3497 1409 3561 libro
1425 3497 1457 3561 N
1460 3509 1532 3561 atu·

378 3595 496 3659 ralium
513 3594 756 3677 Quaestionum
768 3599 801 3678 1;
828 3609 862 3664 et
883 3602 976 3684 quod
999 3621 1077 3664 aves
1094 3603 1151 3684 qui
1172 3611 1333 3666 vocantur
1353 3600 1533 3684 halcyones

378 3719 470 3762 mare
493 3707 755 3784 tempestuosum
778 3705 811 3767 in
835 3704 999 3788 profunda
1022 3704 1144 3787 hyeme
1166 3714 1288 3788 cogant
1308 3706 1478 3788 quiescere
1498 3717 1533 3770 et

377 3824 414 3867 se
437 3803 601 3868 retrahere
624 3808 737 3883 donec,
760 3829 824 3873 ova
847 3811 983 3874 fecerint
1006 3819 1039 3874 et
1063 3809 1171 3875 foetus
1198 3811 1426 3894 produxerint,
1449 3811 1533 3875 sicut

377 3908 519 3972 Basilius
534 3921 569 3973 et
581 3910 783 3977 Ambrosius
799 3915 831 3977 in
851 3915 1099 3992 Hexaemeron,
1112 3927 1145 3979 et
1160 3915 1348 3999 philosophi
1363 3926 1397 3980 et
1412 3926 1533 3999 poetae

376 4015 532 4079 scribunt.
580 4015 675 4080 Haec
698 4019 786 4081 enim
808 4029 841 4083 et
857 4019 908 4084 his
923 4019 1040 4083 similia
1060 4019 1183 4084 debent
1201 4021 1370 4084 hominem
1388 4041 1532 4099 movere,

376 4129 409 4183 et
436 4119 480 4182 ad
502 4121 726 4204 receptionem
749 4123 933 4186 divinarum
956 4124 1136 4188 veritatum
1159 4124 1315 4189 excitare.
1362 4124 1530 4208 Quoniam

377 4224 404 4286 si
426 4224 460 4286 in
480 4224 645 4289 vilissimis
667 4227 825 4291 creaturis
848 4229 1056 4309 reperiuntur
1076 4229 1241 4308 veritates,
1257 4229 1375 4312 quibus
1398 4239 1532 4312 oportet

377 4326 474 4391 subdi
497 4328 685 4412 superbiam
709 4330 892 4395 intellectus
912 4329 1073 4396 humani²
1093 4341 1130 4395 ut
1153 4333 1266 4397 credat
1286 4353 1343 4396 eas
1365 4333 1441 4398 licet
1464 4352 1533 4397 non

378 4430 550 4515 intelligat,
582 4443 639 4496 aut
670 4435 879 4518 injuriabitur
911 4437 1040 4500 veritati
1071 4436 1242 4511 infallibili,
1269 4447 1396 4519 quanto
1426 4437 1533 4521 magis

410 4571 418 4600 ¹
437 4571 546 4631 Seneca,
558 4573 616 4623 Nat.
631 4573 732 4635 Quaest.
747 4575 772 4626 ii.
789 4592 827 4639 19.
862 4577 962 4627 Seneca
974 4577 996 4627 is
1008 4576 1135 4640 speaking
1147 4577 1176 4626 of
1185 4578 1229 4628 the
1241 4577 1330 4627 effecte
1342 4577 1372 4626 of
1378 4577 1516 4641 lightning.

411 4648 421 4678 ¹
437 4648 544 4699 interius
554 4650 700 4727 humanam,
712 4652 737 4713 J.
