3542 5359
755 1409 893 1483 PARS
922 1410 1137 1485 TERTIA

579 1600 1002 1675 PHILOSOPHIAE
1032 1598 1319 1674 MORALIS¹.

808 1793 1035 1860 CnP1ruru1u
1061 1795 1086 1858 1.

473 1949 526 2014 De
541 1949 699 2033 regimine
714 1950 858 2015 hominis
874 1949 907 2014 in
923 1950 1173 2033 comparatione
1188 1950 1231 2013 ad
1248 1970 1284 2013 se
1300 1950 1419 2033 ipsum.

193 2117 354 2168 Relationos
410 2104 525 2169 Tertia
545 2127 622 2169 vero
642 2127 718 2188 pars
741 2106 907 2171 Scientiae
930 2106 1068 2170 Moralis
1089 2116 1122 2170 et
1146 2105 1260 2170 Civilis
1283 2117 1336 2171 est
1356 2105 1399 2168 de
1422 2103 1523 2168 mori·

193 2184 332 2301 ξξξξςξξὲ
367 2208 430 2273 bus
457 2209 631 2291 cujuslibet
658 2230 818 2292 personae
844 2212 1027 2274 secundum
1055 2231 1100 2288 se,
1125 2223 1162 2274 ut
1190 2210 1348 2273 honestas
1372 2209 1461 2272 vitae
1488 2207 1522 2268 in

366 2312 515 2394 quolibet
539 2312 708 2390 habeatur,
732 2323 765 2377 et
788 2316 960 2398 turpitudo
983 2314 1138 2378 vitiorum
1163 2313 1366 2396 relinquatur
1389 2319 1523 2394 propter

367 2414 511 2479 suturam
534 2415 723 2481 felicitatem
746 2427 780 2481 et
800 2418 970 2482 horrorem
994 2428 1148 2483 aeternae
1171 2439 1306 2500 poenae
1354 2416 1400 2479 Et
1429 2415 1522 2497 quod

366 2521 447 2584 haec
473 2522 574 2586 debet
598 2542 669 2586 esse
697 2523 794 2586 tertia
818 2543 895 2606 pars
922 2532 1014 2606 patet
1042 2524 1220 2600 evidenter,
1247 2521 1404 2604 quoniam
1430 2520 1522 2603 quod

367 2624 422 2688 illa
440 2646 515 2707 pars
530 2646 615 2708 quae
632 2627 779 2691 continet
797 2627 924 2690 cultum
942 2627 1005 2690 Dei
1021 2627 1063 2692 sit
1080 2627 1188 2708 prima
1207 2624 1343 2707 planum
1362 2633 1423 2703 est,
1438 2623 1523 2687 sicut

367 2728 569 2793 declaratum
592 2739 652 2792 est.
699 2731 828 2794 Bonum
852 2741 966 2794 autem
990 2751 1167 2795 commune
1194 2729 1410 2813 praeponitur
1432 2727 1523 2792 bono

367 2833 507 2916 privato,
521 2843 559 2897 ut
574 2833 775 2898 Aristoteles
797 2835 878 2899 dicit
896 2831 1025 2918 primo²
1046 2833 1306 2917 Metaphysicae.
1353 2830 1421 2896 Sed
1445 2851 1524 2916 pars

367 2941 567 3019 praecedens
589 2938 713 3001 bonum
733 2938 834 3003 habet
852 2958 1052 3017 commune;
1075 2960 1152 3021 pars
1172 2940 1235 3001 ista
1255 2938 1379 3000 bonum
1399 2936 1522 3000 exhor-

366 3050 458 3105 tatur
473 3043 649 3124 privatum.
696 3043 825 3107 Caritas
855 3045 943 3107 enim
976 3043 1124 3107 maxima
1154 3043 1256 3106 virtus
1286 3050 1346 3121 eut,
1377 3050 1410 3106 et
1440 3041 1523 3103 haec

367 3146 538 3209 ordinatur
562 3148 604 3209 ad
626 3148 750 3210 bonum
774 3167 959 3223 commune,
975 3156 1009 3210 et
1025 3147 1096 3210 Pax
1120 3158 1155 3211 et
1172 3145 1306 3227 Justitia
1324 3165 1398 3208 eam
1419 3142 1523 3206 comi-

366 3257 480 3313 tantur
489 3274 497 3324 ;
517 3269 603 3331 quae
615 3251 754 3314 virtutes
770 3254 937 3316 excedunt
953 3271 1062 3316 mores
1076 3250 1280 3332 singularum
1297 3269 1524 3333 personarum.

367 3352 457 3416 Nam
470 3352 570 3417 homo
582 3362 632 3416 est
650 3354 771 3416 animal
784 3354 916 3429 sociale,
929 3364 962 3418 et
974 3356 1017 3418 de
1032 3375 1091 3418 sua
1107 3353 1310 3438 proprietate
1322 3363 1383 3430 est,
1392 3362 1429 3416 ut
1442 3353 1524 3416 dicit

367 3456 540 3520 Avicenna
564 3457 681 3538 quinto
703 3459 746 3521 de
766 3457 901 3536 Anima,
917 3467 954 3522 ut
970 3478 1036 3521 non
1057 3458 1147 3522 vivat
1166 3457 1257 3520 solus
1277 3457 1363 3521 sicut
1386 3457 1522 3519 brutum

367 3559 490 3624 animal
505 3562 597 3642 quod
613 3561 676 3623 sibi
696 3559 756 3624 soli
772 3561 805 3624 in
822 3563 890 3624 vita
910 3583 970 3625 sua
988 3561 1116 3626 sufficit.
1164 3561 1210 3625 Et
1230 3561 1305 3625 ideo
1324 3561 1415 3644 leges
1434 3580 1522 3643 quae

367 3664 520 3729 ordinant
536 3663 704 3728 hominem
721 3665 763 3728 ad
781 3665 971 3749 proximum
988 3676 1067 3730 sunt
1083 3665 1234 3747 majores.

198 3783 307 3832 Graeco-
412 3767 458 3831 Et
470 3768 675 3830 secundum³
686 3767 904 3833 Aristotelem
915 3781 949 3832 et
962 3768 1156 3844 Averroem,
1168 3767 1298 3832 decimo
1312 3765 1523 3850 Metaphysi-

197 3848 317 3963 22:293„
368 3892 435 3952 cae,
451 3872 502 3934 vir
522 3873 659 3936 eremita
675 3872 733 3953 qui
753 3892 819 3936 non
839 3882 985 3955 estpars
1007 3873 1161 3947 civitatis,
1176 3873 1235 3934 sed
1256 3871 1319 3935 sibi
1341 3871 1402 3933 soli
1416 3879 1524 3945 vacat,

196 3977 275 4028 socon
367 3997 433 4039 non
456 3985 508 4039 est
530 3976 636 4040 bonus
660 3997 767 4058 neque
790 3974 906 4040 malus.
952 3975 998 4039 Et
1013 3974 1143 4038 Tullius
1166 3977 1199 4038 in
1222 3974 1307 4039 libro
1329 3976 1372 4038 de
1395 3973 1525 4040 Officiis

197 4045 272 4096 ‘tm'
367 4081 468 4144 verba
503 4079 649 4143 Platonis
682 4077 847 4144 recitans⁴
877 4079 958 4143 dicit
993 4078 1162 4161 praeclare
1200 4078 1361 4162 scriptum
1396 4099 1469 4142 esse
1502 4101 1525 4144 a

400 4235 409 4266 ¹
430 4235 460 4282 In
477 4234 508 4281 D.
521 4233 572 4282 and
585 4232 626 4295 0.,
640 4234 684 4281 the
696 4233 810 4293 heading
825 4231 854 4294 is,
870 4231 964 4295 lncipit
975 4232 1063 4281 Tertia
1077 4233 1214 4282 Distinctio
1225 4233 1325 4281 habens
1339 4233 1388 4282 tria
1403 4233 1524 4295 capitula.

370 4313 400 4362 ln
415 4310 449 4360 lt.
463 4312 536 4360 there
548 4311 571 4359 is
584 4326 618 4358 no
631 4311 745 4372 heading
754 4318 781 4359 at
792 4310 833 4358 all.

400 4389 411 4422 ²
427 4389 492 4437 'lhis
514 4403 598 4437 seems
621 4389 665 4436 the
687 4388 755 4450 right
777 4388 901 4449 reading;
920 4387 953 4439 Ο.
973 4388 1024 4437 and
1048 4388 1081 4435 D.
1098 4389 1163 4437 have
1184 4389 1303 4451 septimo.
1338 4387 1455 4452 Perhaps
1477 4389 1526 4439 the

368 4467 504 4517 reference
516 4467 540 4515 is
552 4474 580 4515 to
591 4463 650 4516 Mer.
662 4467 678 4514 i.
692 4481 717 4524 a,
730 4471 742 4525 t
754 4468 778 4514 6.

400 4543 411 4573 ¹
427 4545 548 4606 eundem,
559 4560 607 4608 pro
617 4545 766 4603 secundum,
779 4542 811 4593 Ο.

401 4621 410 4652 l
428 4622 539 4672 recitans
552 4659 559 4673 .
571 4655 578 4670 .
591 4659 598 4674 .
611 4621 688 4686 quod,
704 4621 755 4682 M.;
773 4636 881 4671 narrans
892 4621 955 4671 dicit
966 4621 1043 4681 clare,
1056 4621 1087 4670 D.
1100 4629 1126 4671 et
1138 4621 1171 4672 Ο.
