3542 5359
422 615 749 677 PERSPECTIVAE
773 617 888 676 PARS
913 618 1073 676 PRIMA:
1106 620 1215 679 DIST.
1246 620 1278 679 V.
1387 634 1428 696 33

271 779 411 861 quando
428 800 495 843 non
510 780 647 843 veniunt
661 780 786 863 species
806 802 826 843 a
847 780 981 845 duobus
998 780 1103 845 oculis
1126 783 1169 845 ad
1192 801 1294 845 unum
1316 779 1428 844 locum

273 882 305 944 in
323 902 426 946 nervo
447 882 625 959 communi,
640 882 772 948 videtur
793 902 859 947 una
880 904 932 948 res
949 885 1044 947 duae.
1090 882 1136 947 Et
1152 883 1215 948 hoc
1231 892 1331 966 patet,
1349 884 1428 966 quia

273 987 359 1051 situs
385 987 545 1051 naturalis
572 987 743 1051 oculorum
767 998 925 1063 mutatur,
948 998 987 1052 ut
1012 988 1040 1050 si
1072 997 1279 1070 supponatur
1304 988 1429 1069 digitus

273 1091 369 1155 alteri
385 1089 484 1154 oculo
499 1100 558 1153 aut
573 1089 763 1173 obliquetur
778 1090 969 1173 aliqualiter
988 1112 1008 1154 a
1029 1090 1104 1155 loco
1123 1111 1191 1168 suo,
1207 1102 1287 1155 tunc
1302 1091 1429 1175 species

272 1196 395 1259 ambae
410 1215 476 1259 non
491 1197 628 1257 veniunt
643 1196 686 1258 ad
703 1216 805 1259 unum
822 1194 932 1259 locum
952 1196 984 1257 in
1000 1215 1101 1260 nervo
1113 1198 1291 1272 communi,
1300 1205 1334 1258 et
1349 1206 1429 1259 tunc

274 1300 406 1363 videtur
429 1320 492 1363 una
517 1320 568 1363 res
591 1301 696 1375 duae3
720 1301 804 1364 sicut
828 1300 948 1363 accidit
972 1301 1015 1364 de
1040 1299 1139 1377 lusco,
1158 1301 1214 1383 qui
1238 1321 1304 1365 non
1328 1299 1429 1364 habet

274 1404 375 1467 situm
395 1403 602 1469 consimilem
621 1403 791 1469 oculorum
811 1414 961 1488 respectu
983 1404 1073 1467 nervi
1094 1405 1290 1482 communis,
1303 1414 1337 1469 et
1353 1405 1430 1468 ideo

275 1528 408 1571 suorum
435 1510 607 1573 oculorum
638 1510 775 1592 species,
795 1509 855 1572 nisi
877 1508 1056 1592 diligenter
1077 1520 1193 1574 caveat
1215 1519 1248 1573 et
1271 1508 1430 1573 rectificet

276 1613 377 1675 situm
401 1633 525 1691 eorum,
547 1614 681 1678 venient
703 1615 744 1677 ad
769 1612 842 1677 loca
862 1614 993 1677 diversa
1016 1612 1050 1676 in
1072 1633 1173 1677 nervo
1194 1613 1374 1689 communi,
1395 1622 1431 1676 et

276 1716 353 1781 ideo
378 1718 410 1780 ei
437 1718 570 1802 saepius
595 1729 735 1801 apparet
763 1738 866 1781 unum
897 1719 974 1782 duo.
1021 1717 1089 1782 Sed
1121 1717 1314 1782 naturaliter
1341 1716 1429 1783 oculi

276 1822 362 1885 bene
377 1822 554 1903 compositi
572 1834 605 1887 et
621 1823 692 1886 sani
708 1821 835 1887 habent
849 1823 951 1886 situm
966 1820 1169 1886 consimilem
1180 1831 1331 1905 respectu
1341 1822 1429 1886 nervi

275 1925 473 2003 communis,
488 1935 522 1990 et
538 1927 612 1991 ideo
630 1928 756 2010 species
777 1928 863 1992 duae
878 1927 1016 1990 veniunt
1035 1926 1078 1989 ad
1099 1927 1241 1990 eundem
1264 1926 1374 1990 locum
1396 1927 1429 1988 in

275 2052 317 2094 eo
333 2040 367 2093 et
383 2029 468 2093 fiunt
484 2051 559 2105 una
576 2042 612 2093 ut
628 2032 674 2095 sic
690 2052 749 2114 per
766 2051 865 2095 unam
881 2032 1026 2112 speciem
1043 2041 1077 2095 et
1092 2051 1194 2094 unum
1212 2031 1356 2093 sentiens
1372 2028 1430 2093 liat

272 2134 434 2217 judicium
451 2154 554 2197 unum
570 2135 613 2199 de
629 2155 663 2197 re
680 2156 753 2199 una
800 2136 846 2199 Et
858 2134 1066 2217 experientia
1078 2136 1184 2207 docet,
1195 2134 1286 2217 quod
1295 2134 1431 2217 quando

274 2237 419 2301 laeditur
445 2258 563 2301 nervus
588 2239 785 2312 communis,
808 2238 989 2301 destruitur
1011 2238 1095 2302 visio
1117 2238 1151 2301 in
1174 2236 1287 2313 oculis,
1306 2246 1340 2300 et
1362 2256 1430 2300 non

273 2342 458 2406 destruitur
479 2342 583 2405 virtus
608 2342 640 2406 in
665 2363 765 2407 nervo
788 2343 966 2416 communi,
992 2352 1127 2424 propter
1148 2342 1329 2406 laesionem
1352 2362 1431 2406 ocu-

274 2446 393 2510 lorum.
441 2446 486 2509 Et
502 2446 639 2529 quando
654 2458 787 2511 curatur
798 2467 918 2511 nervus
930 2448 1125 2522 communis,
1135 2445 1172 2511 fit
1183 2448 1266 2512 visio
1279 2446 1312 2509 in
1327 2446 1432 2511 oculis

273 2550 373 2627 sanis,
392 2558 427 2613 et
449 2552 587 2633 quando
609 2551 695 2615 oculi
717 2561 883 2628 sanantur,
899 2552 1020 2615 iterum
1042 2550 1080 2614 fit
1101 2551 1194 2625 visio,
1210 2561 1346 2635 propter
1368 2551 1431 2614 hoc

273 2656 367 2737 quod
383 2655 490 2718 virtus
505 2656 538 2717 in
555 2675 655 2719 nervo
670 2656 838 2720 communi
859 2656 921 2719 suit
939 2655 1039 2734 salva,
1054 2666 1088 2720 et
1108 2676 1175 2719 non
1196 2656 1378 2719 destruitur
1397 2654 1431 2717 in

274 2779 376 2822 nervo
392 2758 573 2823 communi.

702 3000 930 3067 Cnmausuu
956 3002 1018 3066 ΙΙΙ.

660 3190 713 3255 De
736 3191 855 3257 ultimo
877 3191 1052 3257 sentiente.

321 3392 492 3476 Quoniam
520 3402 634 3457 autem
658 3391 809 3456 Alhazen
837 3392 927 3472 dicit,
950 3390 1043 3473 quod
1069 3392 1158 3456 istud
1181 3389 1336 3455 ultimum
1359 3408 1595 3460 sen-minor

272 3499 362 3562 tiens
381 3508 433 3561 est
455 3497 488 3560 in
508 3496 663 3561 anteriori
685 3507 780 3580 parte
801 3497 937 3574 cerebri,
960 3496 1128 3559 videretur
1152 3496 1198 3557 sic
1219 3495 1325 3571 alicui,
1341 3496 1431 3576 quod
1445 3476 1570 3605 ffiin

272 3611 365 3665 esset
395 3620 511 3666 sensus
543 3600 739 3679 communis,
761 3611 795 3665 et
827 3600 1032 3684 imaginatio,
1055 3597 1107 3663 vel
1138 3600 1324 3681 phantasia,
1346 3619 1434 3682 quae
1445 3608 1488 3657 the
1498 3622 1553 3683 eye,

274 3713 355 3769 sunt
387 3704 421 3767 in
456 3704 608 3769 anteriori
642 3705 787 3782 cerebro,
815 3714 852 3768 ut
884 3704 976 3787 prius
1000 3704 1126 3767 dictum
1153 3714 1223 3767 est:
1256 3705 1434 3787 praecipue
1446 3673 1603 3803 ppettzeptm-

274 3828 354 3873 cum
379 3808 425 3872 ibi
448 3808 574 3873 dictum
595 3808 648 3886 sit,
662 3811 753 3891 quod
778 3829 843 3873 non
869 3807 1055 3891 completur
1071 3807 1234 3888 judicium
1254 3808 1297 3870 de
1321 3807 1435 3890 aliquo
1447 3803 1585 3917 Ψθξῡὲῦῑ,

276 3912 422 3977 sensibili
457 3922 635 3995 antequam
669 3913 780 3975 veniat
811 3912 939 3996 species
972 3912 1014 3975 ad
1046 3930 1180 3973 sensum
1212 3930 1433 3975 communem.
1445 3876 1527 3984 phrug
1537 3882 1603 3982 sitm

278 4016 348 4081 Sed
371 4016 549 4081 dicendum
576 4024 627 4080 est
650 4017 741 4099 quod
768 4014 922 4079 ultimum
946 4016 1091 4079 sentiens
1113 4024 1319 4098 potestesse
1343 4016 1434 4099 origo
1447 4000 1604 4130 gffiffl‘

277 4121 426 4185 omnium
442 4140 609 4197 sensuum,
625 4129 659 4185 et
673 4120 719 4185 sic
735 4141 801 4185 non
817 4119 964 4203 loquitur
982 4119 1035 4183 hic
1053 4120 1096 4183 de
1117 4118 1236 4183 ultimo
1255 4120 1434 4185 sentiente:

278 4226 342 4289 hoc
357 4226 446 4288 enim
462 4234 513 4288 est
528 4244 644 4289 sensus
659 4224 840 4289 communis
856 4226 890 4288 in
905 4223 1060 4289 anteriori
1080 4225 1214 4289 cerebri.
1259 4223 1370 4287 Aliter
1384 4233 1436 4287 est

277 4328 432 4393 ultimum
454 4328 604 4392 sentiens
625 4329 813 4410 specialiter
835 4330 867 4390 in
886 4329 969 4403 visu,
989 4326 1042 4391 uel
1066 4328 1191 4405 auditu,
1211 4327 1263 4390 vel
1285 4327 1436 4401 odoratu,

278 4432 332 4496 vel
359 4432 442 4511 aliis,
465 4432 633 4515 loquendo
656 4432 700 4496 de
724 4453 790 4495 uno
817 4452 915 4496 sensu
939 4430 1136 4515 particulari,
1158 4441 1192 4495 et
1214 4431 1262 4492 sic
1284 4429 1436 4493 ultimum

278 4536 425 4601 sentiens
448 4547 500 4601 est
523 4556 642 4601 nervus
663 4536 846 4601 communis
869 4536 902 4600 in
923 4535 994 4599 visu
1016 4545 1168 4616 respectu
1191 4535 1332 4597 duorum
1355 4552 1436 4596 ocu·

278 4640 397 4719 lorum,
411 4642 468 4724 qui
484 4649 563 4705 sunt
578 4640 807 4719 instrumenta,
821 4660 908 4723 quae
923 4641 1031 4724 primo
1046 4638 1263 4702 immutantur
1277 4658 1298 4701 a
1312 4636 1438 4719 visibili,

323 4756 406 4809 VOL.
422 4756 461 4808 ll.
845 4759 871 4809 D
