3542 5359
338 619 401 699 326
557 621 714 680 OPERIS
737 620 927 690 MAJORIS
952 619 1066 679 PARS
1090 617 1289 678 SEPTIMA.

339 791 504 867 peccant;
537 783 571 846 in
600 803 756 848 venerem
786 803 827 848 ac
856 782 1030 846 libidinem
1060 781 1284 864 projectorum
1315 778 1491 844 inhonesta

341 889 436 954 tabes
456 897 516 951 est.
535 889 741 955 ...Deinde
764 888 852 953 inter
865 908 983 952 omnes
1003 887 1157 952 convenit
1177 885 1301 950 nullam
1324 905 1391 949 rem
1409 885 1494 948 bene

341 1013 440 1076 posse
467 993 612 1056 exerceri
636 995 679 1057 ab
702 992 839 1057 homine
861 999 1024 1076 'occupato
1036 1013 1044 1068 ;
1076 1012 1142 1056 non
1167 990 1401 1072 eloquentiam,
1428 1008 1495 1052 non

342 1097 495 1160 liberales
523 1097 724 1179 disciplinas,
754 1097 890 1179 quando
921 1097 1088 1161 districtus
1118 1096 1248 1160 animus
1281 1092 1360 1160 nihil
1396 1091 1496 1156 altius

342 1202 468 1284 recipit,
492 1212 526 1266 et
552 1201 666 1264 omnia
687 1199 780 1266 velut
806 1199 970 1264 inculcata
997 1200 1130 1284 respuit.
1188 1198 1280 1262 Nihil
1308 1199 1418 1262 minus
1443 1207 1496 1260 est

342 1305 483 1369 hominis
505 1308 658 1388 occupati
681 1325 783 1388 quam
804 1306 933 1369 vivere:
965 1303 1085 1368 nullius
1108 1304 1152 1368 rei
1175 1303 1336 1368 difficilior
1357 1301 1496 1366 scientia

343 1420 401 1472 est.
449 1407 653 1473 Professores
668 1407 807 1472 aliarum
821 1410 943 1472 artium
958 1407 1059 1492 vulgo
1082 1406 1243 1490 multique
1257 1417 1342 1470 sunt.
1388 1405 1497 1488 Quas-

343 1513 421 1576 dam
445 1532 523 1575 vero
548 1508 609 1599 [ex
631 1508 699 1599 his]
724 1513 818 1595 pueri
841 1512 1024 1576 admodum
1048 1512 1095 1576 ita
1118 1512 1304 1594 percepisse
1325 1509 1386 1574 visi
1408 1517 1497 1585 sunt,

343 1627 379 1679 ut
400 1615 501 1679 etiam
525 1616 715 1699 praecipere
734 1625 891 1699 possent:
914 1617 1023 1680 vivere
1041 1627 1114 1681 tota
1131 1617 1199 1680 vita
1214 1616 1410 1680 discendum
1425 1621 1498 1685 est,

344 1730 379 1784 et
394 1721 484 1802 quod
501 1722 608 1802 magis
624 1721 761 1785 fortasse
778 1721 947 1795 mirabere,
956 1731 1029 1784 tota
1041 1721 1110 1784 vita
1125 1719 1319 1784 discendum
1334 1728 1386 1784 est
1402 1719 1498 1782 mori.

344 1823 412 1886 Tot
433 1824 573 1887 maximi
593 1824 652 1887 viri
671 1824 794 1888 relictis
812 1825 968 1887 omnibus
988 1824 1243 1906 impedimentis,
1263 1842 1339 1888 cum
1362 1821 1499 1900 divitiis,

344 1925 462 1992 officiis
476 1928 770 2010 voluptatibusque
791 1928 1043 2005 renuntiassent,
1060 1928 1122 1992 hoc
1138 1948 1241 1992 unum
1259 1929 1290 1990 in
1308 1937 1498 1992 extremam

344 2051 449 2114 usque
464 2041 608 2097 aetatem
625 2043 763 2116 egerunt
778 2042 815 2096 ut
830 2033 939 2096 vivere
954 2034 1083 2096 scirent.
1132 2032 1246 2096 Plures
1257 2043 1370 2097 tamen
1386 2051 1429 2094 ex
1446 2030 1500 2094 his

345 2138 494 2200 nondum
511 2157 548 2199 se
563 2137 647 2201 scire
667 2135 808 2201 confessi
822 2138 891 2201 vita
912 2137 1074 2201 abierunt.
1091 2183 1098 2196 .
1116 2184 1123 2199 .
1140 2183 1147 2198 .
1167 2137 1283 2220 Magni
1303 2135 1500 2200 mihicrede

346 2248 379 2302 et
404 2260 505 2323 supra
531 2239 695 2304 humanos
723 2261 848 2305 errores
873 2241 1051 2304 eminentis
1077 2241 1138 2305 viri
1168 2251 1220 2305 est
1249 2239 1330 2304 nihil
1361 2260 1406 2304 ex
1436 2259 1500 2302 suo

345 2353 496 2426 tempore
526 2344 652 2409 dilabi¹
679 2344 794 2408 sinere.
841 2345 886 2410 Et
914 2346 989 2409 ideo
1019 2347 1090 2428 ejus
1118 2346 1185 2410 vita
1215 2345 1407 2429 longissima
1437 2353 1500 2416 est,

346 2447 424 2530 quia
446 2456 742 2531 quantumcunque
765 2451 883 2531 patuit,
906 2459 1015 2514 totum
1039 2451 1100 2532 ipsi
1123 2451 1260 2514 vacavit.
1307 2449 1397 2512 Nihil
1422 2448 1500 2512 inde

346 2551 507 2616 incultum
534 2553 746 2634 otiosumque
772 2548 935 2640 [vacavit]
967 2553 1047 2617 nihil
1076 2555 1139 2617 sub
1163 2554 1229 2618 alio
1260 2552 1331 2618 fuit.
1380 2553 1501 2633 Neque

347 2655 436 2718 enim
469 2656 648 2738 quicquam
683 2654 828 2740 reperit²
858 2658 997 2741 dignum
1028 2659 1117 2742 quod
1149 2678 1223 2722 curn
1256 2667 1408 2741 tempore
1438 2676 1501 2720 suo

347 2770 552 2841 permutaret
568 2772 679 2826 custos
697 2762 768 2843 ejus
783 2763 994 2843 parcissimus
1004 2762 1026 2824 ³.
1066 2763 1183 2844 Itaque
1202 2762 1283 2827 satis
1298 2761 1343 2824 illi
1359 2761 1439 2836 luit;
1461 2760 1502 2823 iis

348 2883 426 2926 vero
449 2884 583 2929 necesse
605 2876 656 2930 est
683 2865 834 2942 defuisse,
857 2887 901 2929 ex
933 2886 1073 2949 quorum
1097 2867 1166 2930 vita
1191 2866 1332 2930 multum
1357 2864 1502 2950 populus

348 2966 445 3045 tulit,’
468 2968 543 3051 plus
555 2969 637 3032 vitia
659 2969 844 3035 detraxere.
862 3017 869 3030 .
888 3015 896 3031 .
915 3017 922 3031 .
939 2970 1141 3052 ‘Dispunge,
1158 2971 1302 3053 inquam,
1317 2980 1352 3034 et
1367 2989 1503 3034 recense

348 3071 437 3133 vitae
452 3081 531 3136 tuae
546 3073 618 3135 dies
627 3097 636 3150 3
657 3073 785 3138 videbis
798 3093 922 3156 paucos
937 3075 1119 3139 admodum
1135 3084 1168 3140 et
1181 3073 1343 3139 reiculos⁴
1360 3073 1450 3155 apud
1466 3084 1503 3138 te

350 3175 538 3239 resedisse.
563 3223 571 3238 .
595 3223 602 3238 .
625 3175 677 3240 At
704 3177 759 3240 ille
780 3179 836 3260 qui
860 3177 986 3241 nullum
1011 3199 1078 3242 non
1101 3190 1235 3260 tempus
1259 3179 1292 3242 in
1319 3199 1398 3244 usus
1422 3197 1502 3242 suos

350 3276 484 3354 confert,
502 3279 559 3361 qui
586 3299 704 3344 omnes
730 3282 801 3344 dies
826 3291 986 3364 tanquam
1008 3282 1135 3347 vitam⁶
1157 3283 1296 3360 ordinat,
1319 3303 1378 3347 nec
1405 3291 1504 3365 optat

350 3382 528 3444 crastinum
554 3400 615 3446 nec
640 3384 757 3448 timet:
790 3385 954 3450 fortunam
977 3386 1047 3468 jam
1072 3398 1110 3453 ut
1132 3387 1223 3451 volet
1247 3388 1398 3462 ordinat3
1432 3387 1504 3450 vita

349 3483 419 3564 jam
436 3484 469 3546 in
484 3495 559 3548 tuto
573 3495 633 3549 est.
679 3486 769 3552 Huic
790 3489 887 3570 adjici
907 3499 1027 3572 potest,
1044 3491 1174 3555 detrahi
1197 3490 1288 3554 nihil.
1335 3491 1381 3554 Et
1403 3489 1504 3572 adjici

350 3588 396 3650 sic
411 3589 693 3668 quemadmodum
709 3602 821 3655 saturo
840 3591 911 3672 jam
927 3603 961 3657 et
983 3593 1082 3677 pleno
1097 3594 1222 3678 aliquid
1242 3595 1317 3668 cibi,
1333 3596 1424 3677 quod
1442 3615 1504 3657 nec

350 3690 524 3771 desiderat,
553 3693 652 3775 capit.
713 3693 791 3757 Non
813 3706 865 3760 est
888 3697 1002 3780 itaque
1024 3701 1115 3780 quod
1138 3719 1342 3782 quemquam
1366 3707 1505 3781 propter

350 3814 451 3858 canos
472 3805 531 3859 aut
549 3817 647 3879 rugas
664 3807 760 3880 putes
779 3800 836 3862 diu
854 3800 979 3864 vixisse
985 3824 995 3876 3
1019 3822 1086 3866 non
1107 3803 1163 3868 ille
1181 3803 1237 3866 diu
1253 3803 1349 3882 vixit,
1364 3804 1424 3868 sed
1444 3802 1504 3866 diu

350 3896 422 3961 fuit.
480 3897 569 3980 Quid
600 3901 686 3964 enim
720 3903 747 3963 si
778 3901 871 3966 illurn
903 3902 1044 3968 multum
1076 3916 1172 3988 putes
1202 3907 1375 3990 navigasse
1401 3926 1505 3988 quem

351 4021 449 4065 saeva
479 4011 660 4085 tempestas
690 4025 710 4067 a
741 4016 839 4086 portu
869 4018 1050 4090 exceptum
1081 4008 1145 4076 huc
1176 4021 1210 4075 et
1241 4011 1319 4074 illuc
1349 4011 1435 4085 tulit,
1463 4031 1505 4074 ac

351 4105 476 4168 vicibus
498 4118 670 4172 ventorum
693 4129 737 4174 ex
760 4110 891 4173 diverso
912 4111 1091 4177 furentium
1115 4135 1174 4198 per
1196 4116 1315 4180 eadem
1338 4117 1447 4197 spatia
1467 4115 1506 4178 in

352 4207 466 4271 orbern
500 4211 593 4291 egit?
654 4211 730 4277 Non
770 4212 826 4277 ille
861 4213 1005 4280 multum
1043 4219 1219 4300 navigavit,
1256 4220 1316 4284 sed
1360 4218 1506 4282 multum

349 4310 495 4391 jactatus
516 4322 577 4377 est.

184 4405 327 4526 tqleeqfietpe
398 4396 529 4461 ‘Mirari
556 4399 648 4463 soleo
672 4421 747 4466 cum
772 4402 872 4467 video
898 4403 1027 4488 aliquos
1048 4417 1181 4492 tempus
1204 4419 1366 4491 petentes,
1390 4420 1423 4474 et
1447 4431 1507 4475 eos

184 4537 277 4598 0²1¹·8·
386 4557 528 4620 ¹delibari,
541 4562 689 4615 inSenece.
794 4565 945 4630 ’respexit
959 4569 991 4620 D.
1005 4579 1031 4620 et
1043 4570 1075 4621 0.
1170 4571 1376 4639 'peritissimus
1391 4575 1473 4626 MSS.

387 4636 396 4662 ⁴
414 4637 544 4698 ridiculos,
557 4639 592 4688 D.
603 4648 630 4689 et
641 4639 674 4691 0.
1035 4649 1046 4677 ⁸
1063 4665 1148 4712 unum,
1162 4650 1195 4702 Ο.
