3542 5359
446 585 641 645 MORALIS
666 582 985 642 PHILOSOPHIA:
1017 583 1133 642 PARS
1156 581 1305 642 PRIMA.
1386 597 1446 659 237

296 751 422 824 nandis,
432 750 483 814 vel
497 749 754 814 obscurioribus¹
768 748 965 827 erudiendis,
973 747 1026 811 vel
1035 747 1167 811 vatibus
1176 746 1383 829 inspirandis,
1392 746 1445 808 vel

294 856 433 918 caeteris
445 876 560 936 quaea
573 856 647 919 Deo
657 856 867 920 dinoscimus.
898 853 994 936 Quae
1002 862 1120 915 cuncta
1130 850 1264 915 coelesti
1276 851 1446 914 voluntate

295 970 330 1022 et
346 961 478 1023 numine
493 970 526 1024 et
541 962 747 1034 auctoritate,
763 960 821 1022 sed
839 957 1045 1041 Angelorum
1068 957 1260 1032 ministerio,
1275 955 1445 1039 obsequio,

295 1073 329 1126 et
353 1085 455 1147 opera
482 1063 550 1128 fieri
577 1065 805 1129 arbitrandum
830 1073 890 1128 est.
938 1063 994 1125 Ex
1024 1061 1086 1125 hac
1110 1061 1213 1144 igitur
1235 1059 1444 1143 Angelorum

295 1168 391 1251 copia
411 1169 506 1232 Plato
522 1178 674 1233 autumat
690 1167 826 1249 singulis
847 1165 1037 1229 hominibus
1059 1167 1091 1228 in
1106 1165 1175 1227 vita
1197 1165 1326 1246 agenda
1342 1173 1444 1228 testes

295 1282 328 1336 et
360 1274 515 1336 custodes
544 1273 680 1356 singulis
710 1273 870 1348 addictos
900 1272 958 1354 qui
989 1269 1090 1333 menti
1121 1268 1283 1353 perspicui
1313 1288 1445 1351 semper

295 1377 415 1439 adsunt
459 1377 572 1440 arbitri
620 1397 687 1440 non
736 1374 946 1440 solummodo
991 1384 1140 1438 actorum
1183 1393 1297 1436 verum
1341 1373 1443 1436 etiam

294 1481 524 1564 cogitatorum.
570 1480 623 1544 Ac
640 1481 695 1544 ubi
710 1481 780 1544 vita
795 1481 884 1544 edita
900 1479 1114 1544 remeandum
1130 1486 1181 1542 est
1197 1478 1338 1540 eundern
1352 1477 1443 1539 illum

294 1585 352 1665 qui
368 1585 466 1648 nobis
482 1587 651 1667 praeditus
666 1586 735 1664 suit,
753 1595 883 1669 raptare
900 1584 988 1647 illico
1009 1592 1043 1647 et
1066 1582 1197 1659 trahere
1211 1583 1314 1645 veluti
1335 1592 1443 1646 custo-

294 1689 384 1751 diam
401 1710 495 1753 suam
512 1690 554 1752 ad
573 1689 732 1771 judicium
750 1711 757 1766 ;
779 1698 879 1772 atque
896 1688 961 1751 illic
976 1688 1009 1750 in
1025 1706 1125 1750 causa
1140 1686 1279 1750 dicenda
1293 1686 1444 1750 assistere

294 1802 328 1856 et
359 1814 492 1876 prorsus
519 1794 606 1857 illius
628 1793 819 1858 testimonio
845 1791 921 1855 lerri
946 1788 1163 1856 sententiam’
1209 1791 1357 1854 ‘Deinde
1383 1812 1442 1854 vos

294 1917 410 1961 omnes
439 1899 604 1963 admoneo
628 1899 684 1979 qui
708 1897 794 1962 hanc
822 1897 967 1960 Platonis
996 1896 1195 1960 sententiam
1219 1897 1364 1960 divinam
1389 1916 1442 1958 me

294 2001 473 2085 interprete
495 2001 695 2078 auscultatis,
719 2001 763 2064 ita
791 2010 825 2064 et
852 2001 980 2064 animos
1003 2010 1131 2063 vestros
1156 2000 1199 2062 ad
1226 2020 1443 2083 quaecunque

293 2106 422 2186 agenda
446 2105 497 2168 vel
517 2105 698 2187 judicanda
728 2104 878 2180 formate,
904 2113 941 2167 ut
967 2105 1078 2168 sciatis
1103 2103 1184 2166 nihil
1211 2103 1337 2167 homini
1363 2125 1442 2186 prae

292 2210 363 2272 istis
374 2209 569 2272 custodibus
585 2210 670 2272 intra
685 2208 830 2272 animam
846 2229 906 2272 nec
920 2207 998 2270 loris
1013 2227 1084 2271 esse
1099 2208 1225 2286 secreti,
1235 2210 1314 2291 quin
1330 2211 1441 2273 omnia

294 2313 421 2377 curiose
450 2311 504 2376 ille
534 2313 702 2395 percipiat,
732 2314 818 2376 visat
847 2312 961 2377 omnia
987 2322 1021 2376 et
1052 2312 1217 2396 intelligat
1246 2313 1300 2376 hic
1330 2326 1442 2378 custos

294 2417 470 2499 singularis
493 2418 687 2500 praelectus,
702 2418 903 2480 domesticus
925 2416 1120 2499 speculator,
1137 2419 1289 2501 proprius
1305 2428 1440 2493 tutator,

293 2523 427 2585 intimus
465 2523 625 2605 cognitor,
663 2523 813 2587 assiduus
850 2522 1051 2601 observator,
1088 2523 1275 2587 individuus
1311 2524 1441 2600 arbiter,

293 2625 518 2710 inseparabilis
540 2627 644 2704 testis,
667 2626 827 2690 malorum
851 2626 1068 2708 improbator,
1089 2626 1247 2709 probator
1269 2629 1440 2704 bonorum,

293 2731 326 2792 in
338 2732 433 2794 rebus
446 2732 576 2795 incertis
588 2740 790 2815 prospector,
801 2731 833 2793 in
845 2730 955 2794 dubiis
966 2732 1237 2812 praemonitor,in
1250 2732 1441 2814 periculosis

251 2902 255 2918 ⁸
290 2842 425 2913 tutator,
440 2836 553 2920 egenis
568 2835 758 2917 opitulator,
773 2836 829 2918 qui
845 2835 941 2898 vobis
955 2844 1057 2917 queat
1072 2844 1142 2897 tum
1160 2837 1192 2898 in
1208 2836 1353 2913 somniis,
1368 2847 1439 2899 tum

292 2939 324 3001 in
346 2940 459 3021 signis,
473 2949 545 3003 turn
569 2960 679 3004 coram
702 2960 776 3004 cum
801 2959 879 3003 usus
903 2939 1056 3023 postulat,
1073 2939 1161 3002 mala
1175 2949 1336 3018 truncare,
1352 2941 1440 3004 bona

291 3063 492 3126 prosperare,
523 3046 667 3109 secunda
697 3064 819 3127 regere,
845 3046 984 3108 adversa
1006 3042 1186 3125 corrigere.¹
1241 3044 1327 3108 Mira
1350 3046 1439 3108 enirn

290 3147 372 3213 haec
387 3149 552 3213 sententia
567 3159 602 3213 et
624 3150 760 3213 omnino
782 3146 970 3213 favorabilis
994 3147 1191 3226 Christiano,
1206 3169 1267 3214 nec
1289 3149 1322 3212 in
1347 3151 1441 3214 litera

290 3254 404 3316 necin
429 3273 526 3318 sensu
549 3253 671 3336 aliquid
691 3253 861 3337 indignum
884 3253 1053 3329 continet;
1078 3251 1205 3317 immo²
1228 3254 1325 3319 valde
1346 3257 1440 3321 dino-

291 3358 392 3422 scitur
415 3357 602 3440 praeclaros
625 3357 701 3421 fidei
717 3379 866 3422 annexos
884 3358 1006 3423 habere
1027 3359 1203 3435 articulos3
1226 3380 1285 3424 nec
1308 3370 1440 3443 oportet

290 3461 523 3545 philosophum
538 3462 593 3527 hic
608 3462 812 3544 interpretari
827 3464 859 3526 in
875 3463 978 3546 pejus,
994 3483 1069 3527 curn
1089 3462 1170 3526 nihil
1192 3465 1253 3526 nisi
1270 3475 1440 3529 consenta-

289 3587 388 3630 neum
418 3565 547 3630 veritati
574 3566 768 3629 mirabiliter
795 3577 909 3649 pateat
933 3568 1111 3631 continere.
1157 3568 1233 3632 Hoc
1260 3570 1334 3632 dico
1361 3569 1440 3649 quia

289 3670 468 3754 aliquando
479 3672 627 3734 nituntur
641 3671 697 3735 alii
712 3671 888 3736 obscurare
899 3673 1078 3737 sententias
1094 3671 1283 3737 Catholicas
1299 3673 1331 3736 in
1346 3671 1440 3737 libris

289 3775 559 3858 philosophorum
577 3786 738 3857 repertas:
762 3777 821 3841 sed
836 3778 1019 3858 gaudenter
1041 3776 1201 3840 debemus
1224 3799 1279 3842 eas
1297 3778 1441 3861 recipere

289 3878 322 3941 in
344 3881 573 3944 testimonium
601 3890 734 3944 nostrae
760 3881 858 3960 fidei;
880 3892 914 3946 et
940 3883 1018 3964 quia
1044 3892 1171 3946 certum
1199 3892 1249 3946 est
1274 3903 1331 3946 eos
1355 3883 1437 3947 haec

288 3982 443 4047 habuisse
471 4004 531 4065 per
560 3985 794 4050 revelationem
820 3987 944 4050 factam
966 3987 1013 4048 eis
1036 3994 1069 4048 et
1099 3986 1221 4049 sanctis
1244 3987 1437 4068 patriarchis

288 4097 321 4150 et
336 4087 548 4170 philosophis,
564 4087 650 4153 sicut
664 4090 754 4171 prius
769 4100 819 4154 est
835 4100 1003 4153 ostensum
1014 4089 1037 4152 ³.

333 4190 378 4253 Et
396 4191 606 4274 Porphyrius,
621 4194 704 4256 sicut
722 4195 838 4258 recitat
853 4192 1073 4277 Augustinus,
1087 4192 1217 4258 decimo
1235 4194 1277 4257 de
1294 4191 1439 4257 Civ‘itate
1451 4206 1552 4285 similar

289 4295 364 4376 Dei,
379 4295 467 4360 dixit
482 4295 631 4379 Angelos
649 4290 751 4383 [esse]
768 4297 824 4380 qui
835 4298 989 4361 deorsum
1002 4298 1240 4362 descendentes
1249 4297 1438 4361 hominibus
1452 4281 1585 4340 ⁸⁶¹¹¹¹¹⁰¹¹5

1452 4339 1517 4390 from

287 4401 397 4465 divina
412 4400 637 4484 pronuntiant,
652 4410 686 4464 et
701 4400 784 4464 alios
799 4402 854 4483 qui
870 4401 905 4464 in
920 4401 1015 4465 terris
1031 4422 1071 4465 ea
1086 4420 1171 4485 quae
1188 4401 1295 4464 Patris
1310 4411 1386 4464 sunt
1404 4411 1438 4466 et
1451 4406 1605 4523 fflffigm

352 4535 360 4565 ¹
377 4537 572 4587 necessitatibus
583 4537 739 4600 enidiendis,
753 4537 787 4590 lt.
888 4536 898 4566 ¹
913 4539 1010 4587 immo.
1025 4573 1031 4586 .
1043 4575 1050 4588 .
1064 4537 1191 4601 articulos,
1203 4554 1253 4589 om.
1268 4539 1301 4590 Ο.
1311 4547 1339 4590 et
1351 4541 1383 4590 D.

351 4615 361 4645 ²
377 4616 498 4666 Another
508 4617 641 4667 reference
653 4623 680 4667 to
691 4617 736 4668 the
748 4617 846 4668 second
857 4625 915 4680 pun
926 4616 956 4666 oi
964 4616 1008 4665 the
1021 4616 1094 4681 Opus
1102 4616 1197 4684 Hujus.
