3542 5359
392 602 587 662 MORALIS
611 605 906 665 PHILOSOPHIA
919 627 929 663 .·
963 608 1078 667 PARS
1105 607 1270 670 TERTIA.
1350 627 1410 688 319

253 780 405 846 similiter
434 781 497 845 ista
523 783 631 858 turba,
654 804 720 848 non
748 783 937 850 hominem'
983 787 1085 862 Mors,
1115 788 1263 866 exilium,
1292 787 1410 868 luctus,

253 884 358 962 dolor,
373 896 408 950 et
422 884 610 968 hujusmodi
626 909 693 952 non
708 899 784 953 sunt
799 891 962 974 supplicia
978 892 1037 955 sed
1052 892 1176 956 tributa
1192 894 1332 957 vivendi.

655 1127 882 1193 Cnrrrunurr
913 1129 1008 1195 XlV.

295 1277 355 1344 Ad
380 1279 540 1343 Marciam
564 1280 709 1344 scribens
729 1278 859 1345 Seneca
881 1299 942 1363 pro
963 1283 1193 1348 consolatione
1218 1284 1342 1348 doloris
1366 1285 1409 1348 de
1421 1296 1542 1346 Consola-

255 1395 361 1446 morte
377 1382 436 1447 lilii
452 1385 497 1447 sic
515 1384 579 1447 ait:
1420 1362 1574 1478 {ifflsth‘

298 1488 474 1553 ‘Renovat
490 1508 526 1553 se
547 1498 581 1552 et
595 1488 788 1553 corroborat
811 1489 934 1554 cotidie
955 1489 1086 1556 luctus.
1104 1537 1111 1554 .
1132 1541 1139 1555 .
1155 1502 1189 1556 et
1213 1491 1250 1556 fit
1271 1492 1408 1555 infelicis
1421 1509 1437 1542 a
1445 1509 1501 1571 §01¹-

254 1592 357 1655 animi
373 1641 381 1656 .
398 1643 404 1657 .
421 1593 596 1676 ‚voluptas
611 1591 727 1657 dolor.'
766 1589 908 1676 ‘Cogita
923 1614 991 1659 non
1004 1615 1162 1679 magnum
1178 1617 1249 1660 esse
1264 1597 1295 1659 in
1312 1597 1409 1660 rebus
1421 1560 1533 1674 ἓξὲξ

253 1697 418 1781 prosperis
441 1695 560 1761 fortem
585 1717 621 1761 se
643 1718 758 1780 gerere
783 1695 839 1762 ubi
866 1699 1013 1764 secundo
1040 1719 1136 1764 cursu
1160 1700 1228 1765 vita
1248 1701 1407 1783 procedit.
1420 1691 1547 1805 mu&

254 1800 309 1865 Ne
327 1801 557 1886 gubernatoris
581 1796 749 1887 [quidem]
770 1813 876 1867 artem
899 1803 1117 1887 tranquillum
1140 1825 1233 1869 mare
1257 1814 1291 1868 et
1311 1773 1532 1886 obse-ciam]ar

254 1925 359 1988 quens
373 1915 491 1970 ventus
506 1905 676 1982 ostendit;
697 1907 826 1970 adversi
846 1907 971 1990 aliquid
995 1907 1139 1973 incurrat
1160 1917 1293 1990 oportet
1316 1909 1407 1992 quod
1421 1887 1542 1953 ⁰²¹³·¹’⁵’

253 2008 400 2073 animum
418 2009 560 2093 probet.
578 2056 585 2071 .
602 2057 609 2070 .
626 2007 728 2074 Nulla
742 2031 778 2075 re
792 2010 900 2093 maJ'or
912 2011 1034 2076 invidia
1049 2010 1200 2077 fortunae
1221 2008 1288 2100 [fit]
1305 2033 1407 2096 quam

253 2133 359 2197 aequo
390 2115 521 2177 animo.'
566 2113 705 2197 ‘Turpis
735 2123 786 2178 est
816 2115 938 2200 navigii
970 2125 1078 2181 rector
1106 2118 1158 2181 cui
1186 2117 1409 2199 gubernacula

1548 1886 1574 1938 6.

252 2215 372 2282 fluctus
387 2219 519 2302 eripuit,
537 2219 593 2300 qui
610 2217 773 2284 fluitantia
786 2219 861 2283 vela
876 2220 1031 2295 deseruit,
1048 2221 1196 2302 permisit
1216 2223 1408 2303 tempestati

252 2331 369 2385 ratem.
414 2322 465 2387 At
480 2322 536 2386 ille
552 2317 634 2411 [vel]
649 2324 682 2386 in
695 2323 867 2406 naufragio
879 2325 1066 2389 laudandus
1081 2343 1180 2408 quem
1193 2324 1303 2389 obruit
1317 2345 1408 2391 mare

252 2445 372 2490 navem
388 2437 558 2490 tenentem
574 2437 609 2491 et
624 2425 808 2493 obnixum!

294 2529 476 2594 ‘Naturale
498 2531 697 2595 desiderium
729 2542 779 2595 est
809 2551 952 2596 suorum
999 2529 1082 2616 Quis
1111 2540 1221 2615 negat,
1246 2533 1404 2614 quamdiu
1419 2549 1518 2614 Capy.

253 2635 421 2699 modicum
434 2641 509 2700 est?
524 2684 531 2700 .
548 2681 556 2697 .
573 2682 581 2699 .
599 2632 665 2699 Sed
682 2635 757 2720 plus
773 2647 823 2700 est
838 2637 930 2720 quod
944 2637 1057 2719 opinio
1069 2635 1183 2718 adjicit
1198 2657 1300 2720 quam
1316 2639 1405 2721 quod

252 2751 368 2804 natura
393 2742 578 2823 imperavit
623 2739 773 2824 Adspice
799 2749 969 2804 mutorum
993 2740 1183 2804 animalium
1202 2760 1304 2824 quam
1328 2761 1406 2805 con·

252 2845 354 2909 citata
377 2845 443 2909 sint
462 2846 626 2910 desideria
647 2853 681 2908 et
704 2855 818 2909 tamen
840 2864 941 2927 quam
961 2845 1083 2908 brevia.
1129 2844 1317 2909 Vaccatum
1340 2865 1407 2909 uno

252 2948 307 3012 die
322 2950 468 3014 alterove
485 2951 632 3034 mugitus
646 2949 789 3024 auditur,
808 2968 868 3012 nec
884 2948 1009 3014 diutius
1022 2968 1182 3031 equarum
1198 2969 1302 3031 vagus
1319 2943 1405 3036 [ille]

252 3072 432 3136 amensque
447 3057 612 3120 discursus
627 3063 687 3118 est.
734 3051 838 3117 Ferae
858 3073 934 3117 cum
958 3052 1099 3136 vestigia
1118 3053 1304 3118 catulorum
1329 3073 1406 3117 con·

252 3167 399 3222 sectatae
413 3168 491 3223 sunt
508 3208 515 3222 .
532 3205 540 3224 .
556 3210 563 3223 .
580 3153 687 3247 [cum]
710 3157 753 3222 ad
773 3157 895 3223 cubilia
915 3157 1063 3241 expilata
1087 3158 1264 3235 redierunt,
1283 3157 1407 3221 rabiem

251 3261 338 3326 intra
353 3263 511 3350 exiguum
527 3273 660 3346 tempus
675 3263 888 3345 extinguunt.
932 3261 1026 3327 Aves
1035 3282 1111 3326 cum
1127 3265 1269 3326 stridore
1284 3281 1407 3346 magno

252 3366 368 3431 inanes
406 3369 500 3432 nidos
537 3368 659 3432 circum
689 3367 907 3442 fremuerunt,
938 3367 1024 3430 intra
1054 3377 1262 3431 momentum
1292 3377 1407 3430 tamen

252 3471 386 3553 quietae
400 3471 531 3535 volatus
547 3491 624 3536 suos
640 3481 804 3554 repetunt.
851 3471 924 3536 Nec
938 3470 997 3535 ulli
1014 3470 1149 3535 animali
1170 3471 1305 3553 longum
1322 3471 1408 3535 setus

252 3575 303 3638 sui
324 3575 520 3639 desiderium
544 3583 595 3639 est
617 3576 679 3638 nisi
703 3575 903 3639 homini...
928 3571 977 3640 Ut
1000 3576 1085 3639 scias
1108 3583 1221 3638 autem
1247 3595 1312 3638 non
1336 3593 1408 3638 esse

251 3679 317 3742 hoc
340 3678 499 3758 naturale,
520 3671 666 3743 luctibus
687 3679 814 3762 frangi3
845 3680 988 3763 primum
1017 3680 1123 3762 magis
1145 3677 1284 3743 seminas
1306 3697 1408 3759 quam

251 3784 349 3859 viros,
367 3784 473 3865 magis
487 3783 646 3846 barbaros
667 3803 767 3866 quam
789 3780 964 3866 placidas1
981 3792 1108 3866 gentes,
1129 3783 1235 3864 magis
1258 3783 1407 3846 indoctos

252 3906 352 3968 quam
370 3887 497 3964 doctos,
507 3887 624 3951 eadem
640 3888 766 3950 orbitas
781 3887 943 3951 vulnerat.
981 3886 1089 3968 Atqui
1103 3906 1142 3950 ea
1157 3906 1243 3967 quae
1258 3905 1279 3947 a
1291 3894 1407 3948 natura

250 3990 320 4053 vim
345 4001 544 4073 acceperunt
568 3991 719 4054 eamdem
739 3991 774 4053 in
795 3991 952 4055 omnibus
973 3997 1115 4054 servant.
1161 3989 1315 4072 Apparet
1338 4006 1406 4051 non

252 4113 324 4158 esse
338 4093 488 4158 naturale
503 4095 593 4175 quod
607 4093 734 4158 varium
749 4105 809 4158 eet.
857 4093 948 4176 Ignis
963 4111 1079 4157 omnes
1095 4101 1222 4155 aetates
1238 4091 1403 4153 omnium-

250 4219 317 4282 que
338 4199 470 4262 urbium
493 4199 581 4262 cives
602 4209 673 4262 tam
694 4198 783 4262 viros
805 4218 906 4280 quam
928 4196 1067 4260 seminas
1086 4206 1169 4259 uret.
1216 4194 1353 4258 Ferrum
1371 4195 1405 4257 in

251 4303 343 4367 omni
373 4323 512 4387 corpore
540 4302 716 4366 exhibebit
741 4303 874 4366 secandi
907 4301 1103 4383 potentiam.
1157 4298 1295 4382 Quare?
1327 4300 1406 4379 quia

250 4407 337 4472 vires
360 4405 443 4470 illia
463 4417 581 4471 natura
600 4408 700 4470 datae
718 4416 845 4470 sunt..
863 4453 871 4468 .
889 4405 1134 4488 Paupertatem,
1150 4402 1285 4481 luctum,
1300 4401 1406 4464 ambi-

251 4511 379 4575 tionem
403 4510 487 4575 alius
507 4511 603 4576 aliter
624 4511 735 4588 sentit,
759 4518 858 4593 prout
881 4508 974 4573 illum
994 4509 1198 4572 consuetudo
1218 4505 1348 4570 iniecit:
1372 4516 1406 4569 et

458 4663 469 4694 ¹
488 4665 620 4727 ‘placidae
630 4665 799 4726 eruditaeque
810 4663 896 4727 gentis
907 4658 1045 4722 homines,'
1055 4659 1165 4712 Seneca.
