3542 5359
381 661 707 720 PERSPECTIVAE
733 659 846 718 PARS
870 659 1097 719 SECUNDA:
1131 661 1286 721 Drszl.
1366 659 1407 738 85

245 843 278 924 s
300 842 423 918 lineas3
457 842 548 925 quod
582 840 609 904 si
642 851 729 904 esset
758 841 791 902 in
825 841 857 916 d,
888 840 950 904 iret
985 840 1089 904 virtus
1116 862 1175 924 per
1197 839 1271 922 gh
1303 841 1406 904 lineas

255 946 362 1030 magis
385 945 550 1010 dilatatas.
596 944 641 1007 Et
664 955 783 1034 tamen
800 945 902 1026 aliqui
921 945 1026 1008 multa
1048 945 1266 1028 percipientes
1290 946 1322 1008 in
1342 945 1404 1008 hac

255 1051 393 1114 scientia
418 1049 650 1132 perspectivae,
669 1049 900 1113 contradicunt
923 1069 1042 1112 causae
1070 1069 1171 1131 quam
1195 1048 1405 1112 Ptolemaeus

254 1162 289 1217 et
305 1153 505 1216 Aristoteles
520 1153 691 1236 assignant
706 1160 740 1215 et
754 1172 855 1235 quam
880 1153 1085 1236 experientia
1099 1154 1205 1226 docet,
1221 1151 1404 1236 allegantes

252 1259 415 1339 quasdam
438 1257 665 1339 persuasiones
689 1275 774 1338 quae
797 1258 829 1319 in
853 1257 1052 1320 auctoritate
1073 1266 1142 1320 tam
1160 1255 1271 1320 valida
1292 1265 1327 1318 et
1345 1276 1404 1319 ex-

254 1361 416 1445 perientia
441 1361 612 1424 efficaciori
639 1361 760 1423 merito
789 1360 964 1424 eliduntur.
1019 1360 1094 1424 Hoc
1125 1361 1209 1433 dico,
1234 1360 1312 1442 quia
1338 1381 1403 1423 non

253 1475 386 1548 oportet
409 1465 463 1529 hic
485 1464 663 1528 dissolvere
686 1485 803 1528 omnes
823 1465 1051 1529 cavillationes
1071 1485 1157 1548 quae
1178 1472 1317 1546 possunt
1336 1464 1403 1528 fieri

254 1580 369 1633 contra
398 1569 581 1643 veritatem,
613 1587 690 1631 narn
722 1567 870 1633 infinitae
899 1579 1015 1632 contra
1045 1567 1230 1651 quamlibet
1264 1579 1404 1651 possunt

252 1673 382 1737 adduci.

297 1777 432 1840 Praeter
457 1785 570 1840 autem
594 1775 679 1838 hanc
704 1775 865 1840 rationem
890 1776 934 1840 de
959 1776 1176 1854 concavitate,
1201 1785 1313 1858 potest
1338 1775 1404 1840 alia

252 1881 413 1963 assignari
437 1901 537 1963 penes
559 1880 714 1943 humores
729 1879 825 1960 oculi,
846 1890 880 1944 et
898 1889 949 1944 est
968 1882 1119 1964 paucitas
1140 1881 1287 1943 humoris
1309 1881 1403 1944 albu-

252 1985 359 2068 ginei:
397 2005 474 2049 nam
506 2005 582 2047 cum
613 1984 733 2048 humor
763 1983 886 2048 multus
916 1993 968 2048 est
998 1987 1030 2048 in
1066 1984 1253 2066 albugineo,
1282 1985 1403 2049 accidit

252 2089 383 2171 glaciali
398 2090 484 2152 sicut
501 2089 546 2151 illi
567 2088 624 2169 qui
643 2087 763 2170 aspicit
784 2089 817 2150 in
839 2108 961 2171 aquam
983 2087 1122 2152 multam
1142 2097 1175 2151 et
1195 2087 1403 2169 profundam,

251 2193 346 2274 cujus
370 2192 549 2256 multitudo
571 2193 618 2256 ita
637 2193 807 2256 abbreviat
824 2194 932 2256 visum
947 2193 1038 2275 quod
1054 2212 1121 2255 non
1145 2202 1256 2274 potest
1271 2191 1403 2275 longius

251 2299 369 2360 videre.
417 2297 463 2360 Et
488 2295 587 2378 hujus
611 2297 793 2361 sententiae
816 2307 867 2360 est
890 2298 1065 2360 Avicenna
1090 2297 1221 2361 decimo
1247 2315 1335 2360 nono
1359 2298 1402 2359 de

252 2399 504 2478 Animalibus13
528 2413 562 2464 et
583 2399 749 2464 Averroes
771 2401 804 2464 in
826 2401 909 2465 libro
929 2423 991 2466 suo
1010 2403 1054 2466 de
1075 2401 1181 2466 Sensu
1203 2409 1238 2465 et
1260 2399 1401 2465 Sensato

251 2507 348 2588 ponit
380 2524 514 2568 causam
548 2505 682 2568 videndi
714 2526 735 2568 a
766 2507 903 2568 remotis
931 2504 1117 2569 custodiam
1148 2505 1401 2588 palpebrarum3

249 2611 365 2674 dicens
397 2609 489 2691 quod
520 2606 698 2692 palpebrae
730 2618 926 2672 conservant
954 2620 988 2672 et
1021 2609 1210 2672 custodiunt
1241 2607 1354 2671 oculos
1381 2631 1402 2672 a

250 2713 359 2778 calore
380 2721 413 2776 et
432 2712 551 2793 {rigore
567 2721 600 2774 et
617 2712 729 2775 multis
749 2713 1004 2794 impedimentis,
1019 2722 1055 2776 et
1071 2712 1147 2774 ideo
1167 2711 1283 2774 sortior
1295 2712 1401 2776 virtus

250 2827 302 2882 est
331 2817 364 2880 in
395 2816 500 2879 oculis
531 2815 731 2880 habentibus
760 2816 946 2900 palpebras
970 2824 1004 2878 et
1029 2815 1143 2878 vident
1169 2834 1190 2877 a
1214 2815 1335 2898 longe3
1366 2828 1401 2881 et

249 2920 347 2986 aflert
370 2920 561 3002 exemplum
583 2921 626 2983 de
652 2921 766 2983 multis
781 2920 980 2984 animalibus
997 2939 1084 3002 quae
1102 2919 1216 2981 vident
1239 2921 1399 2985 remotius

250 3045 352 3110 quam
367 3024 480 3100 homo,
495 3034 632 3106 propter
646 3024 710 3087 hoc
727 3025 815 3106 quod
832 3023 959 3087 habent
974 3023 1150 3106 palpebras
1165 3023 1336 3105 spissiores
1347 3022 1368 3086 ².

293 3128 399 3211 Juxta
415 3128 478 3191 hoc
493 3128 777 3205 considerandum,
795 3148 898 3209 quare
918 3147 1013 3191 senes
1033 3126 1128 3190 multi
1149 3147 1225 3189 cum
1245 3128 1401 3194 distincte

249 3234 366 3300 volunt
382 3233 493 3296 videre
508 3253 569 3310 res,
587 3244 624 3295 ut
640 3251 714 3296 curn
731 3231 845 3315 legunt
862 3231 981 3306 literas,
996 3232 1111 3295 vident
1132 3231 1249 3295 melius
1264 3252 1284 3295 a
1302 3233 1400 3316 longe

249 3359 349 3424 quam
367 3357 478 3420 prope.
525 3336 612 3400 Nam
634 3339 840 3417 protendunt
861 3356 881 3399 a
901 3356 937 3400 se
958 3336 1089 3420 longius
1103 3356 1162 3410 res,
1183 3355 1267 3418 quas
1285 3336 1401 3402 volunt

249 3444 373 3508 videre.
418 3440 464 3504 Et
484 3439 583 3521 hujus
601 3459 734 3503 causam
759 3441 857 3503 docet
874 3438 1085 3504 Ptolemaeus
1106 3439 1138 3500 in
1159 3440 1306 3504 secundo
1322 3440 1402 3505 Per-

249 3547 425 3632 spectivae,
440 3565 518 3608 nam
535 3542 640 3608 multa
655 3545 836 3608 humiditas
859 3544 1034 3608 abundans
1050 3544 1082 3605 in
1098 3542 1203 3607 oculis
1217 3563 1333 3607 eorum
1349 3557 1400 3609 est

249 3653 283 3716 in
299 3671 420 3729 causa3
444 3669 539 3714 senes
555 3649 641 3711 enim
659 3650 780 3712 multas
803 3649 1020 3713 humiditates
1041 3647 1263 3711 accidentales
1282 3669 1397 3733 super-

249 3757 333 3821 fluas
356 3755 490 3818 habent.
542 3753 627 3817 Cum
653 3773 733 3838 ergo
758 3762 808 3817 est
835 3753 967 3816 modica
993 3752 1181 3831 humiditas,
1207 3762 1285 3816 tunc
1310 3755 1401 3818 visus

284 3916 292 3946 ¹
310 3915 374 3964 This
387 3912 470 3974 work,
483 3912 625 3960 translated
641 3912 676 3972 by
689 3911 799 3959 Michnel
812 3911 915 3972 Scotus,
925 3911 977 3959 and
995 3910 1129 3959 dedicated
1145 3918 1172 3958 to
1188 3910 1230 3958 his
1245 3918 1338 3973 patron
1355 3915 1400 3962 the

250 3996 376 4056 Emperor
394 3993 414 4040 F
415 3991 534 4040 rederick
552 3989 586 4050 11,
604 4005 659 4039 was
677 3990 777 4051 printed
798 3991 825 4038 in
842 3989 941 4038 Venice
958 3990 983 4037 in
1004 4004 1074 4051 ¹500·
1108 3990 1165 4038 The
1184 3990 1254 4038 book
1269 3991 1292 4038 is
1309 3999 1354 4040 not
1370 4007 1401 4041 so

248 4072 382 4134 distinctly
392 4087 407 4118 a
419 4076 594 4130 commentary
605 4083 639 4116 on
652 4067 776 4116 Aristotle
787 4083 816 4116 as
827 4084 872 4116 are
884 4069 929 4116 the
938 4068 1063 4130 principat
1074 4068 1262 4130 philosophica!
1274 4071 1363 4118 works
1374 4072 1404 4118 os

1418 1795 1497 1846 Other
1508 1812 1565 1844 con·

1417 1863 1510 1911 ditions
1521 1863 1550 1910 oi

1417 1927 1477 1991 long
1488 1928 1563 1991 sight.

1414 3150 1469 3201 The
1481 3151 1547 3216 sight

1414 3217 1444 3268 of
1453 3218 1495 3268 old
1506 3235 1561 3280 age.

249 4154 380 4202 Averroes
402 4150 453 4198 and
476 4148 599 4209 Aquinas,
618 4146 716 4207 though
739 4147 758 4194 it
781 4145 883 4215 follows
906 4153 933 4195 to
954 4162 1027 4195 some
1047 4153 1138 4194 extent
1160 4148 1206 4195 the
1225 4147 1399 4197 Aristotelean
1507 4154 1512 4162 ’

248 4238 436 4292 arrangement.
473 4227 525 4276 Not
541 4226 666 4286 knowing
681 4225 812 4287 Arabic,1
834 4241 881 4274 can
902 4232 949 4274 not
967 4225 1049 4287 speak
1064 4225 1093 4273 oi
1109 4226 1154 4273 the
1170 4241 1294 4287 accuracy
1311 4227 1342 4275 ol
1355 4229 1399 4278 the

248 4310 409 4360 translation.
445 4307 496 4356 But
515 4307 535 4355 it
554 4305 576 4353 is
594 4304 713 4365 clumsily
736 4305 787 4351 and
810 4305 1047 4365 ungrammatienlly
1068 4305 1180 4362 written,
1200 4305 1224 4353 is
1243 4305 1312 4354 nued
1334 4307 1400 4356 with

248 4388 426 4438 nntranslated
439 4387 533 4434 Arabic
549 4385 643 4437 words.
656 4384 707 4432 and
724 4383 798 4444 gives
814 4384 858 4430 the
875 4383 1026 4444 impression
1043 4383 1098 4432 that
1112 4384 1157 4432 the
1168 4384 1305 4433 translator
1320 4387 1400 4436 knew

248 4469 314 4518 little
325 4468 356 4516 oi
364 4467 407 4516 the
419 4467 526 4526 subiect.
561 4464 613 4513 See
625 4479 667 4527 pp.
684 4480 722 4524 ro,
738 4478 764 4511 11
779 4465 809 4512 os
817 4467 868 4515 this
880 4466 987 4516 volume.

280 4546 291 4575 ¹
307 4547 360 4596 See
380 4545 503 4594 however
521 4545 654 4605 Aristode,
672 4543 712 4593 De
727 4544 853 4604 Paratus,
875 4545 899 4595 ii.
919 4560 958 4606 14,
976 4545 1028 4593 and
1046 4545 1092 4593 Dr.
1111 4545 1201 4605 Ogle's
1222 4551 1285 4593 note
1304 4561 1339 4596 on
1356 4547 1401 4595 the

247 4641 367 4688 passage.
399 4625 524 4674 Aristotle
540 4638 602 4685 says
619 4625 674 4674 that
686 4623 733 4673 ‘ol
745 4625 820 4688 hairy
830 4627 939 4676 animis
954 4641 1014 4674 man
1030 4626 1107 4676 alone
1124 4629 1173 4676 has
1186 4626 1273 4675 laabea
1288 4640 1322 4675 on
1337 4627 1398 4676 both

247 4705 300 4754 lids
308 4705 330 4766 ’;
347 4705 403 4754 also
415 4707 470 4755 that
481 4721 545 4768 very
558 4706 610 4754 few
622 4705 691 4755 birds
702 4707 768 4755 have
780 4705 875 4756 lashes.
