3542 5359
586 645 701 705 nans
725 646 886 704 PRJMA:
922 645 1010 704 can
1036 646 1091 704 ns.
1358 658 1416 721 441

267 808 383 888 ditam,
404 807 456 872 vel
480 809 589 890 quoad
617 808 783 873 actionem
807 807 996 871 sensibilem
1025 808 1058 870 in
1084 807 1230 872 sensibili
1256 818 1416 890 tempore.
1430 808 1527 884 though

270 911 358 975 Nam
381 911 509 975 adhoc
529 913 620 994 quod
640 911 725 995 lapis
746 910 869 975 debeat
893 912 1038 975 medium
1062 922 1242 994 penetrare,
1265 922 1302 975 ut
1325 911 1417 974 resis·
1430 884 1563 990 ffianoe

267 1017 371 1079 tentia
404 1017 513 1080 media
542 1036 609 1079 non
640 1016 802 1098 impediat
831 1015 951 1098 ipsum,
981 1024 1015 1078 et
1046 1025 1083 1079 ut
1118 1015 1217 1080 faciat
1252 1016 1416 1080 actionem
1432 1005 1542 1055 medium

268 1119 439 1183 divisionis
454 1128 488 1182 et
503 1121 681 1184 descensus
697 1121 730 1182 in
746 1129 897 1201 tempore
911 1120 1056 1184 sensibili
1073 1120 1269 1198 sensibilem,
1284 1127 1418 1202 oportet
1430 1087 1557 1187 wioton

269 1224 360 1304 quod
374 1225 594 1307 quantitatem
610 1223 732 1287 habeat
747 1223 974 1302 sufficientem,
992 1243 1050 1286 nec
1071 1225 1104 1286 in
1124 1225 1215 1288 omni
1230 1224 1418 1306 quantitate

268 1339 381 1410 potest
406 1328 470 1393 hoc
494 1329 618 1406 sacere;
646 1338 681 1393 et
706 1327 754 1391 sic
783 1330 826 1391 de
856 1327 928 1392 aliis
958 1330 1055 1392 rebus
1084 1328 1334 1411 intelligendum
1356 1336 1417 1392 est.

270 1432 358 1495 Nam
375 1431 593 1516 proculdubio
603 1452 669 1496 non
682 1433 789 1514 exigit
802 1453 902 1515 grave
914 1433 1134 1513 quantitatem
1151 1434 1416 1497 determinatam.

268 1535 357 1599 Nam
373 1537 417 1601 sit
432 1559 454 1599 a
467 1557 567 1619 grave
586 1535 676 1615 illud,
691 1545 725 1599 et
740 1556 815 1599 cum
837 1538 879 1600 sit
897 1548 1069 1619 quantum,
1085 1538 1151 1600 sint
1172 1537 1191 1600 b
1211 1546 1245 1601 et
1267 1559 1284 1600 c
1306 1546 1418 1619 partes

268 1639 360 1720 ejus;
397 1661 419 1703 a
448 1642 549 1724 igitur
575 1650 625 1704 est
655 1641 788 1724 gravius
823 1661 924 1724 quam
956 1642 985 1716 b,
1015 1641 1093 1724 quia
1123 1662 1184 1724 per
1213 1642 1417 1706 additionem

268 1742 370 1825 ipsius
395 1765 421 1821 c,
450 1744 584 1807 additur
613 1747 655 1808 ad
682 1746 901 1827 gravitatem3
936 1766 1015 1828 ergo
1041 1745 1060 1808 b
1086 1755 1136 1808 est
1162 1767 1271 1828 grave,
1294 1765 1375 1828 ergo
1397 1767 1419 1808 a

268 1856 375 1911 totum
407 1867 474 1911 non
505 1848 542 1910 fit
573 1849 748 1912 minimum
774 1869 886 1932 grave.
941 1849 986 1913 Et
1014 1851 1061 1912 sic
1091 1850 1124 1913 in
1158 1848 1342 1912 infinitum:
1381 1859 1417 1912 ut

267 1951 465 2015 Aristoteles
485 1953 583 2017 tertio
605 1952 820 2034 Physicorum
840 1954 912 2017 vult
932 1955 1022 2036 quod
1043 1954 1161 2018 divisio
1181 1952 1418 2036 magnitudinis

265 2056 423 2119 naturalis
438 2057 530 2122 vadit
545 2059 579 2120 in
595 2057 767 2136 infinitum,
782 2058 860 2139 quia
882 2057 927 2120 ibi
947 2058 1094 2138 loquitur
1109 2059 1151 2120 de
1167 2058 1264 2122 rebus
1285 2066 1417 2120 natura-

268 2160 370 2234 libus;
409 2181 490 2243 ergo
520 2181 586 2224 uon
616 2161 724 2224 solum
756 2163 933 2243 quantitas
959 2161 1018 2224 sed
1049 2163 1219 2243 quantitas
1249 2160 1417 2224 naturalis.

267 2258 482 2343 Quapropter
496 2271 613 2324 natura
627 2259 798 2336 sensibilis,
821 2281 906 2343 quae
925 2271 975 2324 est
993 2261 1161 2335 naturalis,
1183 2272 1233 2324 est
1248 2260 1419 2324 divisibilis

268 2364 300 2425 in
318 2363 502 2443 infinitum
526 2374 560 2427 et
575 2365 651 2427 ideo
670 2385 774 2448 agens
795 2365 950 2428 sensibile
964 2365 1113 2429 naturale
1129 2385 1196 2428 non
1217 2365 1418 2429 determinat

267 2466 328 2528 sibi
344 2467 572 2547 quantitatem.

312 2569 465 2634 Secunda
481 2570 647 2635 conclusio
662 2581 721 2645 est,
737 2573 828 2653 quod
847 2580 956 2635 totum
978 2593 1079 2654 agens
1100 2572 1280 2636 secundum
1296 2571 1417 2636 lineam
1432 2596 1455 2631 2.
1468 2582 1547 2632 Force

267 2673 499 2756 profunditatis
516 2694 595 2738 suae
614 2678 684 2758 agit
699 2676 880 2739 secundum
900 2697 936 2740 se
955 2685 1061 2740 totum
1085 2677 1117 2740 in
1139 2677 1279 2760 patiens,
1295 2691 1329 2741 et
1350 2696 1415 2739 non
1430 2664 1485 2763 {122¹
1485 2648 1586 2763 {ehfgpp

267 2778 379 2860 aliqua
403 2778 474 2841 sola
501 2799 578 2862 pars
602 2779 765 2861 signanda
791 2800 878 2862 quae
904 2781 1010 2863 tangit
1037 2782 1175 2864 patiens.
1221 2782 1311 2845 Nam
1338 2789 1417 2843 tunc
1431 2779 1508 2843 depth
1521 2779 1550 2828 ⁰s

267 2882 394 2963 reliqua
420 2902 497 2965 pars
526 2891 613 2946 esset
639 2885 756 2947 otiosa
803 2884 888 2947 Item
914 2895 992 2948 tunc
1019 2905 1158 2968 parvum
1183 2904 1304 2966 corpus
1331 2885 1417 2949 sicut
1430 2845 1581 2961 ffiffi}

267 3007 427 3071 magnum
442 2986 615 3070 aequalem
631 2987 754 3051 faceret
771 2989 999 3072 operationem
1013 3010 1021 3067 ;
1044 2998 1077 3052 et
1093 2988 1212 3071 loquor
1226 2990 1268 3051 de
1288 2989 1417 3071 magni·
1430 2977 1548 3091 smffie

266 3092 381 3155 tudine
411 3092 592 3156 secundum
624 3093 835 3175 profundum.
899 3093 946 3156 Et
977 3093 1054 3158 ideo
1086 3093 1113 3156 si
1148 3093 1306 3157 medietas
1338 3093 1417 3157 solis
1430 3058 1529 3157 ignum

1431 3173 1490 3222 with
1503 3174 1546 3223 the

266 3196 446 3260 secundum
468 3195 667 3279 profundum
692 3207 907 3270 amoveretur,
936 3209 1015 3262 tunc
1041 3207 1155 3280 ageret
1178 3207 1247 3263 tam
1271 3197 1417 3261 nobilem
1431 3240 1534 3303 patient.

266 3303 432 3366 actionem
462 3303 547 3365 sicut
574 3321 682 3379 nunc;
718 3310 751 3364 et
774 3303 821 3366 sic
847 3302 891 3365 de
912 3301 1061 3384 quolibet
1084 3311 1222 3385 agente;
1254 3303 1343 3384 quod
1366 3313 1418 3368 est

266 3405 477 3490 impossibile.
524 3405 561 3470 Si
584 3407 713 3472 dicatur
728 3407 818 3489 quod
839 3426 994 3488 unapars
1018 3406 1196 3470 secundum
1217 3405 1417 3489 profundum

266 3513 374 3593 tangit
397 3513 534 3594 patiens,
550 3522 584 3576 et
604 3513 688 3576 aliae
706 3532 782 3584 non,
806 3521 840 3575 et
866 3531 970 3593 agens
996 3521 1030 3574 et
1053 3511 1180 3594 patiens
1201 3510 1324 3574 debent
1347 3531 1419 3574 esse

266 3615 390 3678 similes
408 3616 478 3678 sine
500 3617 620 3694 medio,
644 3628 680 3680 ut
695 3615 899 3679 Aristoteles
914 3615 1018 3690 dicit;
1049 3615 1224 3679 dicendum
1246 3623 1305 3689 est,
1326 3614 1417 3696 quod

267 3728 375 3782 totum
399 3720 582 3782 secundum
609 3720 868 3803 profunditatem
895 3730 1069 3801 acceptum
1097 3721 1205 3803 tangit
1231 3720 1361 3801 patiens
1384 3720 1417 3782 in

266 3842 327 3884 sua
348 3822 519 3905 superficie
534 3824 620 3887 sicut
634 3822 746 3905 aliqua
760 3845 838 3907 pars
853 3824 939 3888 illius
954 3823 1118 3907 profundi,
1135 3834 1168 3886 et
1183 3825 1268 3887 sicut
1284 3825 1419 3887 interior

267 3946 344 4008 pars
363 3924 538 4008 cujuslibet
557 3928 659 4008 partis
682 3928 781 3990 datae
803 3929 906 3992 distat
931 3928 963 3990 in
988 3927 1161 4010 superficie
1182 3927 1339 4010 patientis
1359 3947 1418 4011 per

267 4051 386 4114 corpus
407 4031 493 4094 illius
514 4033 618 4114 partis
639 4031 844 4113 interjacens,
859 4040 894 4095 et
910 4033 988 4095 inde
1008 4035 1081 4114 ipsa
1100 4051 1176 4114 pars
1196 4031 1315 4094 dicitur
1329 4031 1417 4094 suffi-

266 4136 392 4199 cienter
416 4135 573 4218 conjungi
596 4136 736 4219 patienti
758 4146 911 4220 respectu
938 4137 1087 4209 actionis,
1112 4135 1159 4198 sic
1186 4134 1334 4197 similiter
1355 4137 1418 4199 en't

266 4241 309 4302 de
327 4249 401 4303 toto
416 4240 507 4322 quod
523 4239 723 4305 sufficienter
737 4240 948 4324 conjungitur
962 4260 1038 4305 cum
1055 4241 1201 4324 patiente
1217 4259 1276 4320 per
1290 4249 1417 4303 tactum

266 4364 345 4409 suae
374 4342 558 4426 superficiei
584 4346 655 4409 sine
681 4346 803 4423 medio,
829 4345 906 4409 licet
929 4355 1115 4409 extremum
1146 4343 1250 4408 totius
1275 4343 1415 4407 alterum

265 4449 367 4512 distet
392 4468 412 4510 a
436 4449 584 4531 patiente
607 4468 667 4531 per
691 4470 813 4531 corpus
839 4449 1034 4531 interjacens
1060 4449 1172 4512 totius.
1228 4447 1326 4512 Unde
1349 4467 1415 4511 non

267 4552 441 4634 requiritur
463 4550 526 4615 alia
545 4553 799 4636 approximatio,
818 4553 879 4616 uisi
903 4553 992 4636 quod
1015 4572 1117 4635 agens
1140 4551 1360 4634 conjungatur
1384 4553 1416 4615 in

267 4678 327 4722 sua
347 4656 519 4739 superficie
543 4676 619 4721 cum
646 4657 819 4741 superficie
841 4659 1007 4742 patientis,
1033 4667 1325 4743 quantumcunque
1351 4657 1417 4723 alia
