3542 5359
376 612 704 671 PERSPECTIVAE
727 612 843 673 PARS
867 613 1028 671 PRIMA:
1063 614 1171 673 DIST.
1199 614 1224 671 I.
1360 628 1378 687 7

222 798 242 839 e
259 777 437 855 contrario,
452 787 488 841 et
505 776 568 839 hoc
589 777 736 841 maxime
757 777 790 839 in
811 785 907 854 terra,
921 777 1116 841 secundario
1135 775 1168 840 in
1182 776 1265 859 igne
1312 775 1377 841 Hic

223 900 300 945 vero
311 890 453 945 vocatur
467 880 645 947 humiditas
657 902 717 964 pro
728 880 852 963 liquido
863 889 898 946 et
909 881 1045 959 lubrice,
1055 889 1090 944 et
1105 881 1228 946 siccum
1240 891 1378 945 vocatur

223 985 355 1049 aridum
370 995 405 1049 et
419 986 644 1069 coagulatum.
690 986 736 1049 Et
750 994 801 1051 est
815 986 863 1049 sic
882 984 927 1049 de
946 985 1060 1048 multis
1079 984 1162 1061 aliis,
1176 1005 1262 1066 quae
1282 986 1378 1048 redu·

224 1100 344 1155 cuntur
366 1090 411 1153 ad
438 1092 565 1173 species
590 1100 625 1155 et
651 1091 768 1153 modos
794 1090 972 1153 visibilium
1001 1088 1201 1172 principales
1230 1090 1379 1172 superius

225 1205 445 1259 enumeratos.
492 1194 537 1259 Et
553 1195 634 1261 haec
650 1195 764 1259 omnia
784 1203 901 1277 patent
919 1214 964 1257 ex
985 1190 1115 1277 primo¹
1133 1192 1314 1257 Ptolemaei
1336 1194 1378 1257 de

225 1298 345 1381 opticis
359 1307 394 1361 et
409 1320 455 1363 ex
470 1301 616 1363 secundo
631 1297 787 1361 Alhazen
802 1300 844 1362 de
864 1298 1065 1381 aspectibus
1082 1307 1116 1361 et
1138 1319 1183 1361 ex
1205 1295 1279 1361 aliis
1301 1318 1376 1361 auc-

225 1402 353 1467 toribus
368 1404 603 1487 perspectivae.
636 1403 683 1468 Et
696 1410 774 1467 sunt
789 1403 957 1467 sensibilia
971 1404 1173 1480 communia,
1183 1403 1226 1465 de
1237 1423 1377 1485 quorum

224 1506 389 1590 aliquibus
411 1505 639 1589 exemplificat
664 1506 861 1571 Aristoteles
890 1508 1038 1573 secundo
1060 1508 1105 1571 de
1130 1507 1259 1571 Anima
1286 1517 1320 1571 et
1344 1508 1377 1569 in

224 1612 387 1693 principio
412 1611 456 1675 de
482 1611 589 1675 Sensu
610 1620 643 1675 et
664 1610 816 1689 Sensato,
835 1620 873 1675 ut
891 1611 935 1675 de
957 1611 1194 1695 magnitudine,
1212 1620 1246 1675 et
1265 1610 1378 1693 figura,

225 1725 326 1793 motu,
349 1717 462 1797 quiete
483 1725 518 1779 et
541 1736 698 1792 numer03
721 1716 779 1780 sed
804 1736 870 1779 non
893 1715 1002 1780 solum
1026 1726 1104 1780 sunt
1126 1715 1189 1779 ista
1211 1715 1377 1781 sensibilia

221 1821 414 1884 communia
435 1820 496 1883 sed
518 1819 631 1883 omnia
654 1820 832 1902 praedicta,
851 1820 928 1885 licet
945 1819 1064 1902 vulgus
1085 1820 1284 1884 naturalium
1308 1840 1377 1883 non

221 1924 407 1989 consideret
422 1924 495 2002 boc,
510 1925 588 2006 quia
603 1934 736 1989 nonest
757 1934 935 2007 expertum
956 1945 1015 2007 per
1034 1924 1204 1987 scientiam
1225 1944 1378 2008 perspec-

220 2030 319 2093 tivae·
364 2029 454 2093 Nam
477 2028 640 2093 sensibilia
662 2030 851 2093 communia
873 2049 939 2093 non
961 2030 1008 2094 sic
1029 2030 1182 2094 dicuntur
1203 2030 1281 2111 quia
1303 2050 1378 2093 sen-

220 2132 346 2197 tiantur
370 2154 391 2197 a
414 2154 512 2199 sensu
539 2133 714 2211 communi,
736 2136 794 2197 sed
817 2134 895 2215 quia
922 2134 1138 2197 communiter
1159 2133 1203 2196 ab
1225 2133 1377 2198 omnibus

220 2238 372 2301 sensibus
385 2236 634 2320 particularibus
646 2238 698 2301 vel
710 2260 731 2301 a
743 2236 890 2319 pluribus
903 2237 1173 2313 determinantur,
1184 2248 1218 2302 et
1230 2239 1376 2301 maxime

219 2363 241 2405 a
262 2342 335 2405 visu
357 2352 391 2404 et
414 2353 515 2419 tactu,
530 2341 608 2424 quia
633 2342 845 2406 Ptolemaeus
868 2342 948 2405 dicit
970 2342 1116 2406 secundo
1140 2343 1375 2425 perspectivae,

218 2447 311 2527 quod
329 2457 439 2511 tactus
454 2457 489 2512 et
504 2446 592 2510 visus
607 2445 853 2510 communicant
873 2446 906 2509 in
922 2447 1078 2511 omnibus
1092 2446 1143 2510 his
1157 2447 1283 2529 viginti.
1328 2446 1375 2510 Et

218 2550 304 2615 haec
318 2550 434 2634 viginti
450 2571 581 2626 novem,
594 2570 670 2615 cum
687 2551 733 2615 eis
748 2572 834 2633 quae
850 2550 1051 2615 reducuntur
1065 2550 1109 2614 ad
1124 2572 1173 2628 ea,
1188 2551 1375 2616 sentiuntur

217 2675 238 2718 a
262 2654 412 2720 sensibus
434 2654 694 2738 particularibus,
708 2663 743 2718 et
765 2675 863 2719 sensu
886 2656 1063 2732 communi,
1079 2664 1112 2718 et
1130 2655 1375 2737 imaginatione,

219 2772 252 2823 et
269 2779 338 2823 non
352 2770 491 2843 possunt
506 2760 570 2825 hae
584 2760 721 2825 virtutes
736 2759 864 2825 animae
881 2761 924 2824 de
944 2760 1019 2822 aliis
1038 2759 1249 2823 sensibilibus
1264 2780 1323 2843 per
1338 2779 1374 2823 se

213 2863 363 2946 judicare
377 2864 437 2929 nisi
453 2885 512 2948 per
526 2864 685 2929 accidens

637 3136 861 3203 Carnutum
886 3137 948 3202 IV.

258 3310 317 3373 De
343 3310 596 3392 investigatione
614 3310 843 3374 aestimativae
867 3318 902 3373 et
925 3312 1105 3375 memoriae
1120 3320 1155 3375 et
1170 3311 1371 3394 cogitativae

217 3414 360 3478 virtutis.

259 3587 347 3653 Sunt
376 3596 488 3650 autem
519 3585 584 3649 alia
614 3586 780 3651 sensibilia
810 3608 868 3670 per
903 3608 948 3666 se,
979 3608 1056 3651 nam
1088 3587 1185 3652 bruta
1214 3586 1369 3653 animalia
1382 3604 1436 3653 The
1445 3605 1539 3669 faculty

217 3702 356 3757 utuntur
377 3690 450 3755 solo
470 3710 577 3769 sensu,
593 3690 670 3773 quia
693 3712 759 3754 non
781 3691 905 3755 habent
927 3691 1137 3755 intellectum.
1184 3692 1230 3755 Et
1244 3692 1326 3771 ovis,
1340 3694 1367 3756 si
1381 3671 1504 3786 fflss‘·

218 3814 390 3878 nunquam
414 3796 534 3859 viderit
564 3794 690 3877 lupum,
712 3795 797 3878 sugit
822 3816 899 3859 eum
921 3797 1044 3871 statim,
1066 3804 1100 3860 et
1122 3817 1222 3860 omne
1244 3798 1369 3861 animal

217 3902 311 3967 timet
337 3900 381 3965 ad
404 3900 549 3982 rugitum
572 3899 684 3977 leonis,
708 3902 769 3963 etsi
793 3920 965 3982 nunquam
993 3899 1156 3965 audiverit
1187 3901 1278 3983 prius
1308 3922 1369 3967 nec

218 4004 345 4083 viderit,
366 4012 403 4067 et
427 4005 473 4067 sic
499 4013 551 4068 est
577 4002 619 4067 de
647 4003 759 4068 multis
784 4024 871 4087 quae
895 4012 972 4067 sunt
996 4006 1114 4069 nociva
1142 4013 1177 4068 et
1203 4006 1368 4069 contraria

219 4101 440 4187 complexioni
470 4103 671 4167 animalium.
732 4103 777 4167 Et
807 4105 928 4167 eodem
962 4106 1064 4168 modo
1093 4105 1137 4168 de
1167 4105 1304 4168 utilibus
1332 4114 1367 4169 et

219 4206 493 4271 convenientibus.
560 4206 649 4269 Nam
685 4206 712 4271 si
744 4228 850 4290 agnus
884 4229 1053 4290 nunquam
1083 4209 1201 4273 viderit
1232 4229 1367 4291 agnum,

221 4314 315 4376 currit
337 4310 380 4375 ad
405 4330 492 4390 eum,
516 4319 550 4373 et
576 4310 717 4375 libenter
743 4325 892 4375 moratur
917 4331 993 4376 cum
1017 4333 1068 4390 eo,
1083 4324 1118 4378 et
1142 4314 1189 4377 sic
1214 4315 1255 4376 de
1283 4312 1365 4377 aliis.

223 4415 321 4481 Bruta
335 4436 415 4497 ergo
429 4413 553 4497 aliquid
567 4416 713 4479 sentiunt
736 4416 769 4478 in
785 4418 881 4480 rebus
898 4418 1168 4481 convenientibus
1183 4427 1217 4481 et
1233 4417 1366 4494 nocivis,

253 4560 260 4588 ¹
277 4561 300 4610 lt
310 4574 395 4609 seems
406 4560 462 4607 that
472 4558 560 4608 Bacon
572 4560 624 4610 bnd
634 4576 723 4610 necess
734 4569 761 4611 to
773 4564 817 4609 the
830 4563 885 4611 lirst
897 4562 966 4613 book
981 4564 1011 4612 ol
1024 4560 1165 4625 Ptolemy’s
1178 4561 1267 4625 Optr'cs,
1280 4562 1367 4613 which

226 4638 298 4689 isnot
309 4654 370 4688 now
381 4638 564 4689 discovereble.
598 4638 660 4703 [See
672 4637 764 4688 Govi's
776 4641 882 4705 edition,
896 4640 985 4704 Turin,
1000 4640 1087 4705 1885]
