3542 5359
357 594 419 667 44‘0
624 587 960 650 MULTIPLICATIO
983 587 1239 648 SPECIERUM.

354 763 513 817 naturam
529 764 563 818 et
577 753 771 836 simpliciter
786 775 793 832 ;
815 753 974 817 namhoc
996 752 1117 816 sufficit
1136 773 1215 815 suae
1236 749 1511 816 demonstrationi

360 866 476 922 contra
489 857 743 942 Anaxagoram,
758 857 815 940 qui
838 859 950 940 posuit
969 857 1081 920 omnia
1101 877 1173 920 esse
1193 857 1225 919 in
1247 855 1407 939 quolibet,
1424 865 1461 919 ut
1478 857 1511 918 in

360 981 447 1043 aqua
477 981 549 1026 esse
579 964 701 1045 ignem,
731 972 765 1025 et
794 981 937 1038 carnem,
962 970 995 1024 et
1020 981 1066 1036 os,
1089 970 1122 1024 et
1147 972 1275 1025 caetera
1297 961 1431 1038 omnia;
1454 961 1512 1024 sed

360 1066 592 1130 denominatur
616 1066 722 1148 magis
743 1087 764 1130 a
786 1085 854 1147 quo
877 1064 1060 1129 secundum
1083 1084 1214 1128 sensum
1237 1065 1370 1128 excedit
1392 1065 1457 1127 alia
1476 1073 1512 1127 et

360 1169 519 1233 abundat.
579 1170 711 1235 Veritas
749 1169 849 1253 igitur
885 1179 945 1244 est,
977 1168 1067 1250 quod
1105 1169 1273 1232 distinctio
1311 1169 1416 1232 carnis
1445 1178 1513 1233 stat

360 1274 543 1338 secundum
571 1294 715 1348 sensum,
741 1285 778 1338 ut
808 1273 918 1336 minor
941 1273 1045 1354 accipi
1070 1292 1136 1335 non
1155 1273 1260 1355 possit
1283 1272 1456 1348 sensibilis,
1478 1282 1512 1336 et

361 1379 407 1441 sic
422 1378 466 1440 de
481 1397 678 1462 quacunque
693 1396 738 1441 re.
785 1377 990 1441 Deveniatur
1008 1378 1108 1457 igitur
1122 1379 1164 1441 ad
1186 1397 1319 1440 carnem
1340 1377 1511 1440 minimam

360 1483 541 1545 secundum
571 1503 713 1558 sensum,
742 1493 777 1546 et
810 1492 921 1545 tamen
963 1481 1044 1545 haec
1078 1482 1140 1544 erit
1166 1482 1347 1545 secundum
1381 1481 1512 1564 quanti-

360 1596 465 1650 tatem
487 1586 685 1649 divisibilem
706 1597 740 1649 et
757 1587 939 1649 secundum
961 1586 1191 1660 substantiam,
1207 1585 1283 1650 licet
1298 1605 1430 1649 sensum
1448 1606 1514 1649 non

361 1690 466 1772 possit
494 1689 671 1753 immutare
693 1690 805 1771 aliqua
834 1710 912 1772 pars
936 1689 1016 1770 ejus.
1060 1689 1255 1773 Accipiatur
1278 1689 1377 1772 igitur
1403 1690 1513 1772 aliqua

361 1812 438 1875 pars
460 1803 498 1855 ut
522 1793 684 1857 medietas
699 1794 750 1869 sit,
767 1794 812 1857 ita
833 1793 915 1857 haec
934 1813 1010 1876 pars
1029 1814 1095 1856 non
1117 1794 1219 1859 habet
1233 1794 1390 1856 virtutem
1407 1795 1514 1857 carnis

360 1896 570 1973 sensibilem3
586 1918 666 1980 ergo
681 1917 758 1961 caro
774 1916 841 1960 non
856 1897 984 1960 dicetur
1000 1898 1106 1980 magis
1121 1917 1221 1980 quam
1234 1898 1334 1976 aliud,
1343 1898 1423 1980 quia
1437 1918 1515 1982 pars

360 1999 529 2083 quaelibet
552 2002 786 2065 denominatur
812 2021 833 2063 a
856 2003 1140 2082 superabundanti
1163 2002 1343 2066 secundum
1369 2022 1514 2078 sensum,

361 2114 399 2167 ut
421 2105 531 2188 posuit
553 2104 788 2188 Anaxagoras.
834 2104 1047 2189 Quapropter
1063 2125 1131 2168 non
1149 2105 1211 2169 erit
1231 2125 1308 2168 caro
1330 2105 1514 2169 secundum

362 2217 487 2271 rectam
503 2209 807 2273 denominationem
832 2210 947 2286 carnis,
963 2209 1021 2272 sed
1046 2229 1151 2290 neque
1173 2208 1298 2291 aliquid
1321 2210 1421 2282 aliud,
1437 2211 1515 2291 quia

363 2311 409 2375 nil
431 2312 520 2375 aliud
544 2312 740 2377 sensibiliter
762 2314 795 2374 in
818 2335 858 2376 eo
881 2323 993 2395 potest
1015 2313 1240 2388 denominari;
1265 2334 1342 2376 nam
1367 2314 1516 2377 maxime

362 2417 526 2480 videretur
547 2417 612 2480 hoc
635 2418 677 2481 de
703 2438 820 2494 carne3
850 2437 953 2500 quare
975 2437 1041 2481 non
1065 2427 1161 2480 erunt
1188 2419 1298 2480 omnia
1325 2417 1358 2480 in
1383 2437 1434 2492 e0,
1454 2437 1515 2482 nec

362 2521 560 2603 principium
581 2521 751 2586 materiale
770 2522 830 2585 erit
850 2522 883 2584 in
903 2540 969 2604 quo
987 2531 1066 2585 sunt
1086 2520 1208 2596 omnia,
1224 2541 1285 2585 nec
1304 2520 1429 2604 aliquid
1444 2523 1516 2599 erit,

363 2632 397 2688 et
419 2625 466 2687 sic
489 2625 666 2689 destruitur
689 2627 810 2710 positio
832 2626 1070 2708 Anaxagorae,
1090 2625 1146 2708 qui
1171 2625 1283 2707 posuit
1307 2627 1419 2689 omnia
1444 2646 1516 2690 esse

363 2727 397 2790 in
422 2728 583 2810 quolibet,
607 2731 697 2812 quod
723 2731 957 2794 denominatur
979 2750 1001 2792 a
1026 2728 1309 2812 superabundanti
1336 2731 1517 2794 secundum

363 2853 506 2906 sensum,
529 2844 562 2897 et
586 2835 634 2896 sic
655 2833 757 2898 habet
778 2831 917 2916 intelligi
934 2834 1148 2915 pertractatio
1172 2833 1309 2918 rationis
1325 2833 1517 2898 Aristotelis

364 2937 399 2999 in
428 2936 486 3001 illo
515 2937 600 3013 loco,
630 2949 665 3001 et
701 2939 829 3004 dictum
866 2939 1139 3003 commentatoris
1169 2939 1292 3002 ibidem
1330 2938 1432 3002 habet
1470 2939 1517 3001 sic

363 3041 496 3122 exponi.
542 3041 642 3124 Quod
664 3042 827 3124 allegatur
847 3062 892 3106 ex
915 3041 980 3105 fine
1003 3040 1097 3105 libri¹
1120 3043 1162 3106 de
1187 3041 1292 3106 Seusu
1316 3053 1351 3106 et
1374 3041 1518 3107 Sensato

363 3144 445 3206 nihil
469 3155 529 3219 est,
547 3166 623 3209 nam
646 3147 693 3210 ibi
714 3146 862 3229 loquitur
876 3146 919 3209 de
939 3147 1072 3210 actione
1094 3147 1127 3210 in
1147 3167 1291 3224 sensum,
1307 3157 1344 3209 ut
1360 3155 1453 3228 patet
1473 3167 1518 3210 ex

363 3250 690 3314 contradistinctione
706 3250 789 3325 libri,
805 3253 883 3333 quia
899 3250 1045 3333 loquitur
1059 3253 1101 3315 de
1120 3251 1327 3314 sensibilibus
1344 3250 1518 3334 agentibus

365 3353 398 3415 in
413 3372 556 3416 sensum.
604 3355 649 3416 Et
664 3354 749 3426 bene
768 3356 1019 3418 concedendum
1041 3357 1201 3437 estquod
1222 3355 1346 3438 aliquid
1364 3355 1519 3418 sensibile

365 3465 476 3538 potest
513 3477 586 3522 esse
618 3469 687 3522 tam
720 3479 843 3540 parvae
875 3460 1080 3542 quantitatis,
1111 3481 1198 3542 quae
1228 3479 1295 3522 non
1327 3459 1519 3524 immutabit

365 3580 519 3639 sensum;
542 3572 576 3627 et
593 3571 705 3626 tamen
723 3562 877 3627 alterabit
897 3582 1007 3627 aerem
1029 3574 1064 3628 et
1085 3582 1226 3641 sensum,
1242 3566 1300 3627 sed
1320 3583 1435 3627 sensus
1451 3584 1518 3627 non

365 3665 544 3747 percipiet;
560 3677 595 3729 et
606 3687 721 3731 sensus
730 3667 976 3752 perceptionem
987 3668 1125 3732 dicimus
1140 3669 1211 3750 ejus
1227 3668 1501 3731 immutationem.

195 3783 251 3832 The
410 3767 511 3858 Quod
527 3789 606 3833 vero
621 3770 787 3836 Averroes
801 3771 874 3835 vult
893 3774 1038 3836 secundo
1060 3771 1154 3837 Coeli
1175 3781 1209 3836 et
1230 3771 1359 3847 Mundi,
1377 3780 1412 3835 et
1433 3770 1521 3849 alibi,

196 3846 308 3980 ἓξὲξ
315 3913 345 3962 ot
365 3875 456 3956 quod
470 3883 566 3952 terra,
576 3875 627 3938 vel
640 3875 813 3957 aliud,non
829 3876 932 3941 habet
944 3877 1086 3959 speciem
1096 3877 1149 3938 vel
1159 3877 1325 3940 actionem
1338 3886 1444 3942 terrae
1455 3877 1519 3939 nisi

196 3978 343 4111 &atilli-¹⁸⁸
366 3978 400 4041 in
414 3979 602 4060 quantitate
614 3981 735 4058 debita,
745 3991 857 4064 potest
869 3982 924 4044 hic
940 3979 1078 4064 intelligi
1095 3981 1138 4044 ad
1153 3981 1318 4044 actionem
1335 4000 1401 4043 non
1417 3981 1521 4063 impe·

301 4081 310 4108 Ι

366 4164 407 4214 lor
428 4165 498 4213 their
518 4180 627 4227 organs:
656 4168 706 4215 und
730 4167 764 4215 be
786 4168 810 4217 is
831 4169 909 4228 using
931 4169 982 4217 this
1005 4168 1139 4218 inserente
1160 4185 1190 4217 as
1212 4184 1245 4216 an
1262 4174 1398 4228 argument
1420 4167 1522 4228 against

366 4241 541 4305 Anaxagorss’
549 4245 617 4294 view
629 4246 684 4294 that
696 4246 767 4308 body
774 4248 906 4296 consisted
919 4247 948 4295 os
956 4247 1085 4308 infinitely
1093 4247 1167 4296 small
1178 4246 1229 4296 and
1241 4246 1371 4308 infinitely
1382 4261 1523 4294 numerous

365 4323 499 4370 elementa.
536 4323 647 4373 Bucon's
658 4325 732 4385 point
742 4340 828 4373 seems
839 4333 866 4374 to
878 4326 912 4374 be
921 4327 984 4388 that,
995 4327 1075 4375 while
1084 4327 1189 4388 orgsnic
1197 4326 1288 4384 tissue,
1296 4325 1347 4372 like
1359 4339 1439 4385 every
1446 4325 1523 4376 other

366 4400 431 4448 form
443 4399 472 4448 ot
479 4408 580 4464 matter,
594 4402 617 4450 is
628 4403 759 4465 infinitely
771 4404 898 4465 divisible‚
910 4411 955 4466 yet
966 4406 1070 4468 beyond
1081 4421 1098 4453 a
1109 4405 1206 4454 certain
1223 4411 1296 4465 stage
1307 4402 1338 4451 ol
1346 4401 1455 4450 division
1469 4403 1488 4452 it
1500 4405 1523 4450 is

366 4479 607 4540 indistinguisbable
617 4481 683 4529 from
695 4481 829 4544 inorgunic
840 4489 942 4533 matter.

399 4555 407 4582 ¹
426 4556 465 4606 Cl.
479 4557 898 4622 DaeSerrsuetSensu'lssscaWn
910 4560 936 4612 tt
948 4559 978 4610 vd
989 4558 1106 4624 αἰσθητὸν
1117 4557 1225 4610 rfivlrrl
1236 4557 1523 4624 ylyrdomloiaelm

365 4633 501 4698 «tuum
511 4637 636 4700 alodum,
649 4637 732 4701 δῆλον,
746 4647 838 4702 etseq.
