3542 5359
401 588 597 648 MORALIS
622 589 942 648 PHILOSOPHIA:
966 589 1081 648 PARS
1110 589 1274 650 TERTIA.
1348 605 1408 666 301

260 754 399 818 militem
429 751 602 836 intelligas.
649 752 750 817 Unde
782 772 917 834 possum
948 751 1030 816 scire
1060 763 1222 834 quantum
1252 753 1410 817 adversus

259 866 490 942 paupertatem
508 858 570 920 tibi
590 856 691 919 animi
712 857 763 930 sit,
778 856 805 919 si
821 857 946 920 divitiis
966 855 1111 920 diffluis?
1157 856 1257 922 Unde
1275 877 1410 940 possum

258 963 352 1041 scire,
374 972 536 1044 quantum
557 961 714 1025 adversus
740 960 957 1042 ignominiam
979 972 1013 1025 et
1035 959 1205 1025 infamiam
1230 963 1411 1043 odiumque

259 1066 419 1150 populare
445 1067 650 1130 constantiae
672 1064 806 1136 habeas,
831 1064 859 1129 si
888 1065 973 1129 inter
997 1064 1132 1146 plausus
1159 1067 1324 1128 senescis?
1346 1115 1352 1130 .
1374 1111 1410 1126 ..

260 1171 376 1235 Nolite
397 1192 458 1234 vos
476 1189 698 1252 expavescere
720 1189 808 1251 quae
831 1169 925 1232 Deus
945 1167 1036 1232 velut
1056 1169 1210 1233 stimulos
1233 1172 1410 1233 admoveat

258 1275 396 1352 animis3
418 1275 590 1339 calamitas
599 1274 730 1338 virtutis
740 1274 872 1337 occasio
883 1284 944 1338 est.
980 1273 1060 1336 Illos
1073 1275 1192 1338 merito
1201 1275 1275 1356 quis
1286 1275 1410 1337 dixerit

260 1381 396 1444 miseros
418 1379 476 1462 qui
497 1371 627 1464 [nimia]
650 1376 809 1442 felicitate
827 1387 1030 1459 torpescunt,
1046 1398 1131 1460 quos
1153 1378 1245 1442 velut
1273 1379 1305 1442 in
1327 1379 1409 1442 mari

261 1483 350 1547 lento
369 1482 592 1565 tranquillitas
610 1482 696 1544 iners
715 1479 867 1545 detinet.
884 1529 916 1546 ..
933 1483 1040 1564 magis
1061 1493 1179 1566 urgent
1201 1503 1298 1547 saeva
1314 1484 1409 1547 inex-

260 1601 392 1670 pertos;
416 1607 517 1670 grave
534 1596 585 1651 est
600 1585 720 1650 teneris
742 1586 924 1650 cervicibus
936 1586 1065 1669 jugum.
1110 1587 1168 1652 Ad
1188 1587 1410 1672 suspicionem

259 1691 401 1756 vulneris
430 1692 495 1755 tiro
524 1689 697 1773 pallescit;
730 1690 891 1755 audacter
918 1699 1094 1755 veteranus
1128 1712 1278 1755 emonem
1314 1713 1409 1756 suum

260 1806 399 1878 spectat,
418 1796 474 1879 qui
494 1796 557 1860 scit
575 1814 612 1858 se
632 1814 733 1876 saepe
751 1793 868 1858 vicisse
889 1805 966 1877 post
986 1796 1192 1877 sanguinem.

304 1901 394 1964 ‘Hos
403 1901 515 1983 itaque
528 1898 621 1962 Deus
630 1919 715 1980 quos
725 1899 944 1981 probat,quos
954 1909 1056 1977 amat,
1066 1899 1197 1963 indurat
1211 1949 1218 1963 .
1230 1947 1238 1961 .
1249 1910 1411 1964 ‚exercet

261 2005 330 2069 Eos
356 2016 468 2068 autem
495 2004 616 2087 quibus
641 2003 812 2084 indulgere
837 2003 977 2078 videtur,
1002 2002 1119 2067 molles
1143 2005 1290 2067 venturis
1315 2004 1411 2066 malis

259 2120 378 2173 servat
405 2109 534 2172 Erratis
544 2108 572 2171 si
583 2107 851 2191 quemjudicatis
863 2117 1060 2190 exceptum:
1076 2108 1185 2172 veniet
1194 2108 1236 2171 ad
1248 2108 1341 2172 illum
1353 2109 1409 2172 diu

260 2212 390 2277 felicem
413 2234 473 2276 sua
494 2213 614 2297 portio.
659 2211 820 2294 Quisquis
840 2211 973 2275 videtur
999 2212 1154 2276 dimissus
1183 2233 1266 2290 esse,
1288 2213 1411 2276 dilatus

260 2329 319 2381 est.
365 2316 478 2400 Quare
494 2316 587 2380 Deus
606 2316 771 2399 optimum
788 2336 954 2398 quemque
974 2326 1031 2380 aut
1047 2314 1133 2380 mala
1148 2315 1338 2382 valetudine
1354 2328 1411 2381 aut

261 2421 352 2486 luctu
374 2433 433 2484 aut
458 2420 532 2484 aliis
558 2420 779 2484 incommodis
805 2420 929 2484 afficit?
974 2419 1063 2503 Quia
1083 2422 1116 2484 in
1142 2423 1258 2485 castris
1279 2441 1411 2505 quoque

261 2526 445 2608 periculosa
474 2524 662 2588 fortissimis
692 2524 904 2606 imperantur.
951 2525 1033 2588 Dux
1073 2523 1270 2590 lectissimos
1308 2525 1412 2589 mittit

260 2632 317 2713 qui
336 2630 505 2694 nocturnis
524 2630 656 2694 hostem
676 2630 915 2711 adgrediantur
933 2630 1120 2693 insidiis...
1138 2681 1145 2694 .
1164 2631 1274 2695 Nemo
1296 2651 1409 2694 eorum

260 2736 315 2818 qui
341 2743 468 2798 exeunt
493 2734 583 2808 dicit,
611 2732 697 2798 male
723 2733 766 2796 de
791 2753 845 2796 me
872 2734 1052 2816 imperator
1075 2736 1215 2810 meruit;
1238 2735 1305 2808 sed,
1329 2735 1412 2798 bene

257 2838 427 2921 judicavit
471 2839 566 2903 ldem
578 2839 691 2902 dicant
702 2838 903 2920 quicumque
913 2836 1086 2920 jubentur¹
1099 2841 1168 2920 pati
1182 2839 1306 2902 timidis
1319 2838 1411 2918 igna-

260 2945 375 3026 visque
398 2941 541 3020 flebilia;
564 2943 658 3025 digni
679 2942 740 3005 visi
763 2963 877 3006 sumus
902 2943 976 3006 Deo
998 2943 1032 3006 in
1055 2942 1176 3024 quibus
1197 2942 1410 3025 experiretur,

260 3059 421 3129 quantum
441 3046 588 3110 humana
606 3055 724 3110 natura
745 3057 859 3131 posset
880 3047 958 3130 pati.
1005 3047 1126 3128 Fugite
1146 3045 1289 3118 delicias,
1307 3047 1411 3129 fugite

260 3160 450 3215 enervatam
465 3151 669 3229 felicitatem,
683 3171 749 3233 qua
765 3151 868 3215 animi
883 3151 1136 3234 permadescunt
1148 3161 1194 3226 et,
1209 3151 1270 3214 nisi
1285 3151 1411 3233 aliquid

260 3257 438 3320 intervenit
466 3255 558 3337 quod
588 3255 754 3319 humanae
783 3255 882 3318 sortis
911 3257 1100 3332 admoneat,
1128 3254 1218 3320 velut
1252 3263 1412 3338 perpetua

260 3359 421 3424 ebrietate
441 3359 552 3441 sopiti.
577 3409 585 3424 .
611 3408 618 3424 .
646 3407 654 3423 .
682 3357 769 3423 Cum
796 3359 909 3423 omnia
931 3379 1017 3440 quae
1038 3370 1251 3424 excesserunt
1274 3361 1411 3424 modum

260 3475 413 3536 noceant,
443 3462 720 3546 periculosissima
750 3462 918 3527 felicitatis
952 3464 1209 3546 intemperantia
1241 3475 1301 3528 est.
1330 3515 1338 3529 .
1368 3513 1375 3528 .
1404 3513 1411 3528 .

263 3567 362 3630 Hanc
377 3569 540 3631 rationem
554 3568 647 3631 Deus
665 3566 815 3648 sequitur
829 3568 862 3629 in
878 3567 975 3630 bonis
986 3567 1063 3630 viris
1075 3589 1175 3651 quarn
1192 3569 1225 3631 in
1242 3568 1413 3652 discipulis

260 3673 328 3736 suis
350 3683 589 3756 praeceptores,
609 3671 666 3754 qui
689 3669 765 3754 plus
788 3671 911 3735 laboris
937 3669 982 3733 ab
1004 3670 1044 3733 iis
1067 3672 1208 3754 exigunt
1232 3673 1265 3735 in
1292 3673 1413 3755 quibus

261 3777 380 3840 certior
394 3796 471 3857 spes
486 3786 545 3840 est.
561 3825 569 3840 .
586 3822 594 3836 .
611 3825 619 3840 .
636 3775 817 3856 Nunquam
832 3774 963 3838 virtutis
979 3773 1079 3838 molle
1093 3776 1331 3839 documentum
1352 3787 1412 3841 est.

259 3879 426 3944 Verberat
442 3899 503 3942 nos
521 3889 555 3943 et
570 3878 694 3943 lacerat
715 3877 854 3943 fortuna.
901 3877 1089 3955 Patiamur;
1112 3898 1179 3942 non
1199 3889 1250 3942 est
1268 3881 1413 3956 saevitia,

261 3995 428 4047 certamen
448 3993 519 4060 est;
542 4002 611 4064 quo
629 3983 761 4066 saepius
779 3981 964 4054 adierimus‚
980 3981 1133 4046 fortiores
1149 3982 1280 4046 erimus.
1327 3982 1413 4048 Soli-

260 4088 397 4151 dissima
427 4088 573 4170 corporis
602 4106 680 4170 pars
713 4097 764 4151 est
793 4106 894 4168 quam
925 4085 1078 4168 frequens
1108 4107 1187 4150 usus
1219 4087 1413 4170 exagitavit.

262 4192 446 4258 Praebendi
464 4192 616 4256 fortunae
637 4211 764 4265 sumus,
780 4201 817 4254 ut
837 4199 954 4253 contra
975 4190 1067 4254 illam
1088 4191 1132 4254 ab
1156 4191 1228 4274 ipsa
1249 4192 1413 4255 duremur.

262 4295 428 4359 Paulatim
458 4316 521 4359 nos
550 4296 612 4359 sibi
644 4315 739 4377 pares
770 4293 874 4358 faciet.
921 4293 1162 4378 Contemptum
1193 4294 1413 4380 periculorum

260 4400 439 4464 assiduitas
469 4398 678 4482 periclitandi
709 4397 812 4463 dabit.
863 4397 919 4463 Sic
949 4408 1027 4462 sunt
1057 4400 1197 4463 nauticis
1226 4419 1363 4481 corpora
1393 4421 1414 4464 a

259 4504 397 4568 ferendo
428 4505 510 4566 mari
544 4503 646 4580 dura;
677 4502 830 4585 agricolis
861 4523 977 4566 manus
1008 4503 1116 4581 tritae,
1138 4505 1180 4567 ad
1212 4503 1414 4568 excutienda

619 4647 627 4676 ¹
646 4647 774 4709 videntur,
785 4656 834 4712 pro
841 4648 973 4710 jubentur,
986 4646 1065 4698 tiss,
