3542 5359
382 554 424 615 66
610 558 767 619 OPERIS
790 560 979 630 MAJORIS
1002 561 1117 620 PARS
1142 561 1312 635 QUINTA.

383 730 517 805 oportet
533 723 622 805 quod
639 723 727 788 visus
743 722 802 788 fiat
817 725 1080 789 extramittendo
1092 726 1244 809 speciem,
1261 726 1295 790 id
1307 735 1367 803 est,
1383 725 1536 793 faciendo

382 828 526 910 speciem
543 849 563 892 a
577 848 614 891 se
629 837 766 913 propter
780 840 891 895 actum
908 830 1042 895 videndi
1054 828 1075 893 ¹.

815 1122 1043 1191 Curmunuu
1064 1125 1109 1189 11.

785 1290 839 1354 De
862 1291 997 1356 raritate
1020 1290 1131 1354 medii.

427 1452 568 1518 Sextum
584 1454 674 1536 quod
691 1456 733 1518 ad
752 1454 859 1517 visum
882 1456 1058 1538 requiritur
1078 1464 1128 1518 est
1149 1454 1266 1518 raritas
1287 1456 1398 1520 medii.
1444 1458 1533 1521 Nam

381 1558 407 1621 si
422 1560 562 1624 densum
582 1570 724 1644 ponatur
746 1561 832 1624 inter
851 1560 958 1623 visum
982 1569 1017 1624 et
1036 1558 1171 1635 visibile,
1189 1579 1257 1623 non
1278 1570 1390 1642 potest
1410 1564 1534 1645 species

382 1666 580 1746 pertransire
599 1665 672 1729 hinc
694 1665 780 1739 inde,
799 1676 833 1730 et
853 1664 901 1728 sic
921 1662 1135 1728 abscindetur
1152 1663 1243 1727 visus
1262 1665 1306 1728 de
1328 1667 1532 1731 necessitate

382 1765 449 1832 Sed
471 1768 579 1853 aliqui,
598 1768 702 1833 multa
724 1768 810 1833 bene
832 1768 1055 1851 intelligentes
1079 1765 1270 1831 inscientia
1292 1768 1532 1851 Perspectivae.

380 1872 540 1955 objiciunt
578 1875 621 1938 de
658 1873 792 1938 flamma
836 1871 1032 1956 interposita
1068 1870 1154 1934 inter
1190 1871 1296 1934 visum
1335 1883 1369 1935 et
1407 1874 1533 1938 visibile

380 1977 582 2059 impediente
602 1978 763 2042 visionem
779 1998 787 2055 ;
810 1986 844 2041 et
867 1976 1011 2052 flamma,
1026 1983 1065 2037 ut
1084 1974 1210 2051 dicunt,
1226 1986 1277 2040 est
1300 1996 1419 2059 corpus
1437 1978 1532 2043 raris·

378 2082 506 2157 simum,
523 2092 657 2165 propter
680 2084 771 2165 quod
786 2081 940 2145 Alhazen
956 2080 1037 2144 dicit
1051 2078 1136 2142 libro
1153 2080 1251 2143 tertio
1271 2083 1362 2163 quod
1378 2082 1533 2146 flammae

379 2185 494 2251 raritas
505 2187 672 2269 egreditur
687 2194 997 2268 temperamentum.
1043 2184 1135 2266 Ergo
1152 2204 1261 2247 rarum
1273 2186 1380 2267 magis
1394 2186 1533 2268 impedit

378 2310 478 2372 quam
497 2291 646 2354 densum.
693 2291 759 2355 Hic
774 2300 886 2354 autem
902 2298 954 2353 est
970 2291 1111 2370 'magnus
1127 2308 1217 2352 error
1241 2308 1318 2352 nam
1340 2299 1474 2371 oportet
1488 2291 1532 2354 de

377 2396 574 2459 necessitate
596 2395 685 2477 quod
713 2394 848 2457 flamma
870 2394 913 2458 sit
943 2393 1076 2457 densior
1105 2412 1189 2469 aere,
1222 2394 1300 2475 quia
1330 2392 1532 2458 Aristoteles

378 2500 458 2563 dicit
474 2497 620 2564 secundo
636 2501 678 2563 de
691 2497 912 2564 Generatione
926 2498 1017 2580 quod
1034 2496 1169 2560 flamma
1184 2508 1235 2561 est
1247 2496 1357 2560 sumus
1369 2498 1531 2563 terrestris

378 2604 518 2680 ardens3
555 2614 589 2669 et
622 2604 698 2667 ideo
728 2623 879 2686 egressus
909 2600 1052 2665 raritatis
1081 2622 1102 2665 a
1132 2610 1399 2683 temperamento
1421 2611 1531 2684 potest

378 2708 525 2793 intelligi,
539 2706 591 2772 vel
608 2729 667 2791 per
687 2706 943 2773 declinationem
963 2708 1007 2771 ad
1029 2715 1217 2770 extremum
1239 2706 1404 2782 deficiens,
1419 2708 1471 2771 vel
1487 2709 1530 2771 ad

380 2821 568 2876 extremum
584 2814 864 2895 superabundans,
879 2811 956 2894 quia
972 2820 1271 2893 temperamentum
1291 2821 1343 2875 est
1362 2810 1531 2876 medium²

378 2917 555 3001 utriusque,
571 2917 653 2982 sicut
668 2917 804 2999 largitas
820 2916 904 2979 inter
919 2914 1188 2998 prodigalitatem
1205 2924 1239 2978 et
1255 2915 1438 2979 avaritiam.
1484 2916 1530 2979 Et

379 3022 454 3086 ideo
477 3022 561 3085 sicut
590 3021 726 3084 avaritia
749 3020 917 3104 egreditur
946 3028 1247 3100 temperamentum
1279 3018 1441 3101 largitatis
1471 3040 1530 3102 per

378 3124 542 3188 delectum
558 3123 637 3206 ejus,
653 3124 700 3187 sic
720 3122 854 3188 flamma
879 3124 1045 3207 egreditur
1064 3131 1367 3205 temperamentum
1388 3123 1528 3187 raritatis

377 3226 560 3292 deficiendo
581 3229 624 3291 ab
642 3248 689 3305 ea,
706 3248 772 3291 non
796 3228 1001 3293 excellendo.
1047 3225 1093 3288 Et
1115 3224 1180 3289 hoc
1197 3226 1338 3290 intendit
1353 3226 1528 3302 Alhazcn3

377 3352 454 3397 nam
480 3332 527 3396 sic
555 3352 590 3395 se
620 3332 761 3414 exponit
790 3332 823 3396 in
855 3330 1078 3414 sequentibus.
1125 3328 1162 3394 Si
1185 3350 1263 3394 vero
1287 3330 1461 3413 objiciatur
1485 3332 1529 3397 de

375 3435 480 3515 lynce,
503 3436 559 3519 qui
577 3436 669 3500 videt
692 3457 751 3519 per
776 3437 921 3500 medium
940 3436 1108 3521 parietem,
1124 3444 1161 3497 ut
1183 3433 1344 3499 Boetius³
1367 3436 1464 3500 tertio
1484 3436 1528 3499 de

377 3538 611 3604 Consolatione
633 3540 776 3622 imponit
795 3540 979 3614 Aristoteli,
1003 3539 1160 3615 dicemus,
1180 3538 1243 3602 etsi
1265 3538 1328 3603 hoc
1346 3540 1389 3603 sit
1414 3561 1527 3603 verum
1573 3539 1576 3543 ⁴

375 3644 418 3707 de
445 3644 517 3708 visu
543 3644 655 3726 lyncis,
682 3653 794 3709 tamen
821 3665 889 3709 non
920 3645 964 3707 de
992 3644 1064 3707 visu
1094 3642 1241 3706 humano
1267 3644 1311 3707 de
1336 3665 1404 3728 quo
1431 3647 1528 3709 datur

377 3748 512 3813 scientia
530 3749 768 3832 Perspectivae.
814 3749 868 3813 De
884 3748 942 3813 illo
957 3748 1044 3811 enim
1062 3756 1114 3812 est
1129 3745 1183 3812 hic
1199 3767 1319 3812 sermo.

408 3892 416 3922 ¹
435 3892 458 3942 It
470 3900 537 3941 must
548 3892 580 3941 be
592 3894 684 3942 owned
696 3894 752 3943 that
763 3894 790 3943 in
803 3895 856 3943 this
868 3893 971 3943 iancilul
986 3892 1143 3954 conception
1155 3891 1186 3941 oi
1198 3893 1265 3943 lines
1277 3895 1308 3943 oi
1321 3895 1392 3945 l'orce
1405 3897 1527 3958 proceed-

374 3970 420 4033 ing
431 3972 496 4020 from
508 3972 553 4021 the
565 3986 614 4034 eye
625 3981 653 4022 to
666 3973 710 4021 the
723 3973 816 4034 object,
828 3972 855 4021 in
866 3972 982 4021 addition
993 3978 1021 4020 to
1033 3971 1078 4018 the
1090 3970 1158 4019 lines
1169 3970 1200 4020 os
1211 3971 1282 4021 force
1292 3975 1452 4036 proceeding
1462 3975 1527 4023 from

373 4050 417 4100 the
435 4051 519 4112 object
536 4058 563 4100 to
580 4050 625 4099 the
642 4066 701 4113 eye,
714 4051 802 4101 Bacon
821 4051 910 4101 shows
925 4050 1031 4101 himself
1044 4048 1150 4098 inferior
1166 4055 1194 4097 to
1210 4050 1251 4100 his
1268 4053 1381 4113 teacher,
1393 4052 1527 4113 Alhazen3

372 4130 465 4179 whose
485 4129 690 4178 demonstration
708 4130 763 4189 (lib.
776 4146 798 4179 v.
814 4145 870 4191 cap.
883 4146 908 4178 v.
922 4134 934 4188 ἦ
947 4131 990 4191 ²3)
1003 4128 1058 4177 that
1076 4143 1130 4189 any
1142 4127 1206 4177 such
1220 4129 1290 4178 view
1301 4146 1357 4180 was
1369 4132 1527 4194 ‘superfluus

373 4216 399 4258 et
411 4206 525 4257 otiosus'
537 4208 619 4270 ought
630 4214 657 4257 to
669 4209 734 4256 have
746 4208 812 4257 been
825 4208 979 4257 conclusive.

405 4284 495 4336 ’This
517 4286 653 4335 reference
672 4292 700 4335 to
721 4284 869 4336 Aristotle's
889 4286 976 4335 ΕΜ
990 4287 1101 4337 without
1121 4288 1237 4337 mention
1260 4286 1290 4335 ol'
1309 4288 1355 4336 the
1376 4288 1483 4337 treatise
1505 4289 1527 4337 is

372 4364 519 4425 significant
539 4380 568 4413 as
588 4364 710 4426 showing
728 4364 790 4413 how
807 4363 916 4414 familiar
935 4366 954 4413 it
971 4364 1021 4414 bad
1038 4365 1144 4428 already
1160 4367 1267 4415 become
1283 4380 1381 4429 among
1399 4368 1526 4416 studente.

372 4440 396 4490 lt
407 4441 548 4491 illustrates
558 4442 613 4491 also
625 4442 670 4491 the
681 4442 815 4491 dominam
827 4444 958 4505 tendeucy
969 4444 1000 4492 os
1007 4443 1118 4494 Bacon's
1129 4445 1251 4506 method;
1268 4444 1324 4493 that
1335 4445 1366 4493 oi
1372 4444 1527 4507 illustrating

372 4533 422 4568 one
434 4520 537 4569 science
548 4520 584 4582 by
594 4520 711 4571 another.

402 4596 413 4627 ¹
429 4596 469 4649 oe
480 4597 659 4661 maon«,
671 4598 713 4648 uu
727 4599 761 4650 ru
775 4599 855 4649 erosa
867 4598 919 4651 viu.
