3542 5359
201 3892 324 3943 Whichis

200 3958 243 4009 the
254 3968 308 4008 true

368 606 432 688 386
584 606 741 666 OPERIS
763 603 953 675 MAJORIS
975 601 1091 662 PARS
1113 597 1313 660 SEPTIMA.

415 769 583 853 Quoniam
606 770 706 852 igitur
727 767 793 832 hae
818 776 929 831 sectae
955 766 1003 830 ita
1025 786 1061 829 se
1085 764 1219 842 habent,
1235 770 1367 844 oportet
1390 759 1526 824 ulterius

373 875 567 958 persuaderi
585 875 676 956 quod
694 872 851 937 revelatio
869 871 972 935 debet
987 869 1056 933 fieri
1076 867 1133 933 uni
1150 868 1211 933 soli
1234 868 1381 952 perfecto
1396 865 1526 949 legisla-

372 979 448 1055 tori,
471 988 506 1043 et
531 977 623 1059 quod
647 997 713 1041 una
738 976 796 1039 lex
823 975 968 1059 perlecta
992 974 1095 1037 debet
1118 995 1139 1036 a
1163 973 1239 1036 Deo
1267 971 1348 1036 dari
1392 969 1439 1033 Et
1461 969 1526 1033 hoc

372 1083 560 1147 ostenditur
589 1092 726 1164 propter
755 1079 938 1143 discordias
971 1087 1006 1142 et
1034 1077 1196 1142 haereses
1251 1076 1340 1140 Nam
1371 1075 1399 1138 si
1429 1073 1525 1157 plura

372 1196 484 1250 essent
504 1186 626 1268 capita,
650 1204 718 1248 non
739 1193 853 1266 posset
867 1181 1050 1246 humanum
1066 1202 1169 1265 genus
1183 1180 1278 1262 uniri,
1292 1179 1372 1262 quia
1386 1177 1525 1260 quilibet

372 1309 433 1372 pro
453 1309 513 1352 sua
533 1288 698 1352 sententia
719 1296 806 1350 stare
826 1285 1007 1349 contendit.
1056 1284 1141 1348 Item
1165 1292 1344 1368 postquam
1366 1301 1452 1345 unus
1473 1289 1526 1343 est

373 1393 475 1469 Deus,
497 1401 531 1455 et
557 1411 659 1455 unum
685 1400 736 1455 est
761 1410 866 1472 genus
891 1388 1073 1452 humanum
1102 1389 1320 1471 regulandum
1343 1385 1524 1450 secundum

371 1496 569 1581 sapientiam
601 1495 675 1573 Dei,
696 1514 830 1558 necesse
858 1503 910 1558 est
939 1493 1030 1576 quod
1060 1492 1142 1556 haec
1172 1492 1332 1574 sapientia
1361 1490 1524 1554 unitatem

370 1602 528 1665 sortiatur
555 1602 600 1664 ab
626 1600 755 1662 unitate
779 1597 903 1680 duplici
927 1598 1106 1679 praedicta,
1133 1608 1191 1661 aut
1221 1596 1316 1660 aliter
1340 1614 1407 1658 non
1438 1605 1526 1658 esset

371 1704 549 1768 conformis
574 1721 635 1767 nec
661 1703 716 1766 uni
745 1701 821 1765 Deo
847 1721 909 1766 nec
936 1701 993 1764 uni
1020 1701 1167 1764 humano
1196 1699 1318 1784 generi.
1365 1698 1401 1764 Si
1435 1697 1525 1761 enim

371 1817 482 1872 essent
509 1807 621 1890 plures
649 1807 714 1870 Dei
741 1815 775 1870 et
801 1803 913 1889 plures
939 1806 1066 1882 mundi,
1091 1814 1133 1882 et,
1153 1815 1190 1869 ut
1213 1805 1259 1868 ita
1285 1804 1406 1880 dicam,
1429 1802 1525 1884 plura

370 1931 492 1994 genera
510 1910 667 1986 humana,
682 1921 762 1974 ωηο
784 1920 922 1992 possent
944 1929 1017 1974 esse
1038 1909 1148 1992 plures
1163 1908 1346 1991 sapientiae
1360 1907 1492 1971 divinae
1503 1903 1523 1968 ¹.

371 2014 440 2080 Sed
462 2036 529 2079 non
551 2024 602 2079 eet
625 2014 786 2096 possibile
806 2014 899 2076 Deos
923 2014 1047 2078 multos
1066 2034 1148 2092 esse,
1164 2033 1224 2082 nec
1245 2013 1355 2094 plures
1372 2010 1524 2074 mundos.

371 2118 463 2204 Ergo
492 2139 561 2183 non
593 2129 644 2182 est
673 2117 833 2200 possibile
862 2117 1061 2199 sapientiam
1093 2118 1157 2182 Dei
1187 2115 1405 2200 multiplicem
1440 2135 1523 2179 esse.

371 2223 457 2287 Item
485 2244 562 2287 cum
586 2232 677 2287 secta
700 2221 853 2306 perlecta.
872 2223 974 2286 debet
1004 2223 1179 2287 ostendere
1208 2221 1334 2285 homini
1366 2219 1523 2302 quicquid

370 2329 591 2391 necessarium
620 2336 672 2391 est
695 2326 770 2388 sciri
795 2327 839 2391 de
866 2325 942 2388 Deo
969 2335 1002 2389 et
1026 2327 1183 2408 quicquid
1210 2326 1291 2389 utile
1314 2333 1364 2388 est
1387 2323 1524 2399 homini,

369 2441 449 2494 ωηο
471 2433 536 2496 alia
557 2442 616 2495 aut
638 2432 699 2495 erit
722 2429 888 2512 superflua
911 2431 939 2494 si
963 2431 1080 2494 eadem
1098 2431 1287 2512 sententiet,
1305 2439 1364 2494 aut
1386 2448 1523 2492 erronea

368 2535 397 2600 si
419 2537 585 2600 contraria
599 2535 797 2617 promulget.
842 2533 1058 2621 Quapropter
1076 2555 1143 2600 non
1158 2543 1270 2618 potest
1291 2553 1363 2597 esse
1379 2532 1441 2596 nisi
1457 2551 1524 2595 una

369 2648 461 2702 secta
479 2638 586 2702 fidelis
603 2651 638 2704 et
660 2639 814 2722 perlecta,
831 2648 865 2701 et
882 2639 1036 2703 similiter
1055 2659 1140 2703 unus
1161 2639 1253 2703 solus
1274 2636 1444 2722 legislator
1465 2637 1522 2719 qui

369 2743 510 2826 accipiat
532 2763 607 2806 eam
629 2763 649 2804 a
672 2741 769 2820 Deo;
792 2743 871 2825 quia
892 2742 920 2807 si
944 2752 1035 2808 secta
1057 2763 1122 2808 una
1145 2751 1204 2820 est,
1227 2750 1261 2806 et
1280 2741 1451 2826 legislator
1473 2751 1524 2804 est

370 2867 473 2922 unus;
504 2857 538 2911 et
559 2868 579 2911 e
600 2847 776 2911 contrario.
823 2846 869 2909 Et
891 2845 957 2910 hoc
981 2857 1031 2910 est
1055 2849 1144 2929 quod
1169 2845 1341 2911 Avicenna
1366 2847 1467 2910 docet
1489 2845 1522 2906 in

371 2950 555 3014 Radicibus
578 2950 765 3026 Moralium,
780 2961 815 3014 et
829 2948 1058 3032 Alpharablus
1082 2951 1115 3014 in
1139 2951 1332 3015 Moralibus
1378 2949 1524 3030 Oportet

371 3055 510 3131 enim‚ut
522 3054 791 3130 dicitAvicenna,
802 3056 893 3135 quod
904 3075 987 3122 unus
997 3055 1038 3118 sit
1048 3056 1210 3120 mediator
1222 3055 1286 3118 Dei
1299 3064 1333 3118 et
1342 3053 1524 3127 hominurn,

369 3167 404 3221 et
418 3159 558 3223 vicarius
571 3158 635 3222 Dei
651 3160 684 3222 in
699 3170 796 3232 terra,
807 3159 864 3240 qui
880 3159 1019 3240 recipiat
1035 3160 1142 3241 legem
1158 3181 1178 3223 a
1194 3159 1269 3223 Deo
1285 3168 1319 3222 et
1334 3157 1525 3242 promulget

369 3281 452 3335 eam.
497 3261 552 3324 De
574 3283 643 3344 quo
668 3263 715 3326 ait
739 3261 975 3345 Alpharabius,
999 3261 1085 3327 Cum
1113 3265 1290 3346 probatum
1314 3262 1409 3325 fuerit
1433 3263 1524 3345 quod

369 3365 504 3428 advenit
526 3366 622 3429 nobis
644 3387 704 3448 per
721 3367 971 3448 inspirationem
994 3388 1015 3430 a
1038 3366 1115 3431 Deo
1138 3388 1205 3432 non
1232 3379 1283 3432 est
1306 3364 1464 3450 possibile
1487 3379 1524 3429 ut

369 3468 413 3530 sit
439 3471 594 3532 mendax.
641 3469 786 3534 Etcum
814 3471 1104 3538 certificaverimus
1125 3461 1299 3536 veritatem
1321 3471 1524 3553 hujusmodi,

368 3582 448 3634 ωηο
479 3583 612 3655 oportet
640 3575 730 3654 quod
761 3583 931 3638 remaneat
963 3575 1044 3638 illud
1073 3577 1164 3657 quod
1195 3576 1286 3640 dicit.
1338 3575 1384 3638 Et
1415 3595 1524 3657 neque

368 3675 471 3741 debet
494 3696 566 3739 esse
591 3679 810 3758 perscrutatio
833 3679 970 3741 ulterior
999 3681 1043 3742 de
1072 3680 1170 3744 dictis
1199 3679 1280 3762 ejus,
1306 3699 1415 3761 neque
1446 3698 1524 3744 con·
1624 3673 1629 3684 '

369 3779 529 3844 sideratio
544 3782 571 3843 si
587 3781 617 3844 ei
633 3783 833 3844 credendum
853 3790 904 3845 est
920 3784 1065 3847 omnino.

415 3883 491 3947 Hoc
507 3893 618 3947 autem
635 3884 793 3962 stabilito,
808 3887 1042 3967 inquirendum
1060 3897 1110 3951 est
1133 3888 1208 3970 quis
1228 3887 1351 3952 debeat
1367 3887 1526 3951 celebrari

200 4025 355 4077 mem,
369 4007 431 4068 pro
458 3985 656 4070 legislatore,
684 3997 718 4052 et
741 4008 828 4069 quae
853 3991 898 4053 sit
924 4003 1014 4054 secta
1036 3991 1238 4074 divulganda
1266 4013 1325 4074 per
1351 3992 1526 4055 mundum.

369 4086 469 4151 Ritus
478 4108 557 4150 vero
575 4087 784 4169 principales,
800 4101 837 4151 ut
858 4088 986 4154 dictum
1002 4101 1063 4168 est,
1075 4103 1152 4156 sunt
1167 4102 1226 4155 aut
1242 4093 1451 4174 Paganorum
1467 4095 1525 4174 qui

368 4187 441 4251 sola
463 4191 701 4254 consuetudine
722 4192 847 4269 vivunt,
870 4202 905 4256 et
927 4195 983 4274 qui
1005 4196 1196 4259 sacerdotes
1220 4215 1285 4257 non
1309 4195 1444 4272 habent,
1464 4199 1525 4260 sed

369 4293 509 4374 quilibet
524 4295 587 4357 sibi
606 4304 656 4358 est
672 4297 798 4359 doctor.
837 4293 1011 4360 Secundus
1027 4299 1109 4363 ritus
1125 4311 1176 4362 est
1194 4299 1451 4363 Idololatrarum
1466 4303 1526 4384 qui

401 4457 450 4508 Ἀ
471 4463 630 4511 remarkable
649 4465 817 4525 speculation.
852 4465 921 4513 Note
943 4467 1105 4529 throughout
1126 4467 1238 4517 Bacon‘s
1260 4476 1399 4531 argument
1418 4471 1463 4520 the
1488 4473 1528 4520 in·

368 4540 501 4600 separable
518 4542 664 4589 connexion
681 4543 712 4590 ol
724 4543 768 4591 the
785 4542 861 4605 unity
876 4545 906 4592 ol
918 4543 975 4592 God
990 4547 1055 4595 with
1073 4547 1119 4595 the
1135 4546 1211 4609 unity
1227 4547 1257 4596 os
1268 4549 1313 4597 the
1330 4549 1423 4609 world,
1436 4551 1467 4598 ol
1481 4553 1528 4600 tbe

368 4617 474 4679 church,
486 4620 538 4666 and
550 4619 580 4665 os
587 4634 654 4668 mun.
