3542 5359
181 2576 305 2642 Example

179 2644 208 2692 ol
216 2644 287 2694 those

180 2709 304 2760 illusione.

350 623 407 703 138
572 625 728 684 OPERIS
751 624 940 694 MAJORIS
964 624 1079 684 PARS
1104 625 1276 699 QUINTA.

348 788 550 871 quandoque
592 798 756 873 apparent
797 807 975 865 convexae,
1007 789 1208 871 quandoque
1244 809 1432 868 concavae3
1468 803 1502 855 er

348 894 549 976 quandoque
566 913 730 958 concavae
751 892 1075 976 comprehenduntur
1097 912 1267 958 convexae
1285 905 1322 959 ut
1342 896 1503 977 probatur

349 998 433 1064 libro
463 1007 560 1062 sexto
590 996 753 1078 Alhazen,
782 996 932 1080 capitulo
961 998 1126 1079 septim03
1157 1009 1191 1062 et
1221 998 1286 1063 hoc
1318 1001 1502 1063 secundum

348 1103 572 1167 diversitatem
587 1103 670 1166 situs
685 1104 728 1167 ad
740 1100 922 1185 speculum.
954 1101 994 1164 In
1005 1101 1057 1166 his
1071 1123 1152 1185 ergo
1167 1104 1309 1185 speculis
1323 1102 1503 1187 aliquando

347 1207 499 1272 cathetus
520 1205 722 1289 aequidistat
745 1206 838 1271 radio
860 1205 987 1281 visuali,
1006 1217 1040 1272 et
1062 1218 1141 1272 tunc
1164 1221 1216 1273 est
1237 1209 1329 1272 locus
1351 1209 1503 1290 imaginis

348 1331 422 1376 cum
442 1320 565 1394 puncto
588 1310 785 1386 reflexionis,
803 1320 837 1375 et
855 1309 920 1376 hoc
941 1310 1020 1393 quia
1042 1323 1184 1393 punctus
1207 1312 1395 1375 reflexionis
1418 1313 1503 1376 divi·

348 1416 454 1481 sibilis
476 1425 535 1493 est,
550 1425 585 1479 et
605 1416 733 1480 ratione
752 1415 849 1478 unius
868 1414 1057 1480 medietatis
1077 1436 1235 1499 apparere
1257 1416 1394 1481 deberet
1417 1416 1503 1481 ultra

348 1519 528 1602 speculum,
544 1519 670 1583 ratione
691 1518 823 1583 alterius
842 1518 931 1591 citra,
949 1528 985 1583 ut
1004 1518 1142 1602 patebit.
1189 1519 1257 1585 Sed
1275 1521 1355 1604 quia
1369 1541 1437 1585 una
1452 1531 1502 1585 est

347 1623 454 1688 forma
477 1633 510 1687 et
525 1625 694 1700 continua,
709 1634 847 1708 apparet
864 1633 937 1689 tota
954 1623 988 1687 in
1009 1625 1119 1689 media
1139 1625 1309 1703 distantia,
1322 1626 1449 1690 scilicet
1469 1626 1502 1689 in

346 1728 419 1811 ipso
445 1738 568 1810 puncto
597 1727 798 1792 reflexionis.
855 1727 925 1793 Sed
955 1729 1092 1811 quando
1121 1740 1321 1794 concurrunt
1350 1729 1503 1794 cathetus

347 1842 381 1896 et
411 1833 522 1896 radius
551 1832 693 1910 visualis,
715 1842 855 1916 apparet
878 1853 930 1896 res
963 1833 998 1895 in
1031 1852 1145 1896 eorum
1179 1854 1349 1910 concursu,
1371 1845 1406 1898 et
1439 1835 1503 1898 hoc

349 1937 572 2001 diversimode
583 1935 682 2019 juxta
698 1937 799 2003 situm
815 1937 990 2000 diversum.
1034 1935 1228 2020 Aliquando
1243 1939 1331 2002 enim
1346 1949 1397 2003 est
1413 1939 1504 2002 locus

350 2041 504 2125 imaginis
526 2041 560 2105 in
582 2042 725 2125 specu10,
751 2041 931 2124 aliquando
954 2041 1049 2116 ultra,
1067 2041 1247 2124 aliquando
1269 2044 1360 2118 citra,
1383 2051 1417 2107 et
1440 2041 1503 2105 hoc

1087 2156 1146 2210 aut
1190 2146 1278 2212 intra
1317 2148 1424 2211 visum
1468 2158 1503 2211 et

1088 2250 1267 2334 speculum,
1290 2252 1404 2316 autin
1431 2252 1503 2334 ipso

1089 2365 1203 2419 centro
1213 2357 1312 2434 visus,
1324 2357 1503 2440 aliquando

1089 2469 1178 2524 retro
1199 2461 1342 2526 oculum.

1133 2565 1230 2648 Quae
1253 2568 1364 2630 omnia
1386 2576 1504 2650 patent

1088 2669 1122 2734 in
1149 2670 1254 2753 figura
1283 2671 1470 2753 subscripta
1479 2668 1502 2734 ¹.

1089 2774 1178 2838 Nam
1202 2775 1306 2839 forma
1326 2775 1505 2839 reflectitur

1089 2881 1132 2944 ab
1166 2902 1183 2944 e
1219 2879 1261 2944 ad
1295 2903 1317 2944 a
1353 2900 1413 2964 per
1448 2901 1505 2944 ea

1090 2984 1216 3047 radium
1224 2984 1502 3066 aequidistantem

1089 3296 1269 3361 reflectitur
1293 3297 1337 3359 ab
1361 3319 1383 3359 n
1406 3297 1449 3359 ad
1471 3318 1503 3373 a,

1088 3409 1122 3464 et
1143 3401 1306 3465 concurrit
1328 3420 1403 3464 cum
1427 3421 1502 3483 per·

993 3553 1010 3596 θ
1088 3503 1291 3588 pendiculari
1318 3526 1351 3569 m
1366 3505 1399 3583 l;
1425 3503 1503 3568 etk

1089 3608 1267 3673 reflectitur
1292 3629 1313 3672 a
1339 3619 1465 3692 puncto
1487 3630 1505 3672 c

1088 3714 1130 3776 ad
1141 3711 1273 3776 oculum
1283 3734 1313 3792 a,
1323 3723 1356 3776 et
1366 3722 1503 3794 apparet

1089 3816 1123 3878 in
1145 3837 1181 3891 s;
1204 3827 1239 3881 et
1261 3838 1281 3899 q
1304 3817 1394 3881 cadit
1416 3817 1503 3898 ing,

1089 3931 1123 3985 et
1169 3920 1348 3985 reflectitur
1396 3921 1430 3984 in
1467 3943 1503 3998 a,

1088 4017 1253 4089 con'currit
1283 4035 1392 4090 autem
1428 4046 1503 4090 cum

1088 4130 1223 4194 catheto
1250 4141 1338 4195 retro
1360 4130 1504 4208 oculum,

1087 4234 1215 4301 scilicet
1257 4237 1291 4298 in
1330 4257 1370 4312 0;
1415 4244 1449 4298 et
1484 4255 1505 4297 a

354 4343 445 4408 cadit
462 4343 495 4406 in
509 4364 534 4418 c,
550 4351 584 4407 et
599 4339 779 4406 reflectitur
793 4339 834 4404 ad
854 4340 997 4404 oculum.
1042 4340 1217 4422 Nusquam
1240 4361 1319 4403 vero
1341 4339 1504 4404 concurrit

352 4468 400 4510 ae
421 4446 531 4511 radius
552 4467 627 4509 cum
650 4445 785 4510 catheto
807 4444 909 4508 ducto
932 4466 953 4509 a
975 4453 1100 4526 puncto
1121 4464 1142 4506 z
1163 4463 1221 4526 per
1242 4441 1277 4521 d,
1290 4443 1353 4509 nisi
1376 4443 1410 4507 in
1432 4443 1504 4527 ipso

384 4596 393 4625 ¹
410 4596 466 4645 The
479 4598 565 4659 points
576 4598 662 4647 which
674 4597 726 4647 this
735 4597 817 4660 ligure
829 4596 851 4647 is
859 4597 986 4646 intended
994 4604 1022 4646 to
1034 4597 1159 4646 illustrate
1170 4611 1216 4646 are
1224 4597 1358 4646 discussed
1366 4598 1432 4646 with
1440 4611 1504 4658 very

353 4675 428 4723 much
445 4682 548 4736 greater
563 4676 669 4725 inllness
684 4677 719 4738 by
735 4675 863 4740 Alhazen,
874 4675 917 4724 lib.
928 4691 953 4727 v.
967 4691 1041 4739 prop.
1052 4675 1093 4733 ⁶0,
1104 4675 1198 4724 whose
1213 4675 1364 4738 exposition
1378 4675 1401 4727 is
1413 4675 1504 4739 copied
