3542 5359
327 617 657 679 PERSPECTIVAE
681 617 795 677 PARS
819 618 984 676 PRIMA:
1016 617 1126 677 DIST.
1153 616 1237 677 VIII.
1316 611 1355 670 61

207 782 373 867 sphaerae,
396 792 430 848 et
452 784 529 847 ideo
549 782 643 846 nobis
666 802 732 846 non
755 790 807 845 est
829 780 1057 859 certificatum,
1078 781 1168 864 quod
1190 778 1303 843 oculus
1326 778 1358 840 in

207 897 320 953 centro
336 889 450 951 mundi
465 889 592 953 videret
607 896 761 970 quartam
777 886 870 961 coeli,
885 907 945 951 nec
961 907 1020 970 per
1042 886 1128 950 hanc
1143 886 1231 949 viam
1247 891 1359 969 potest

207 992 302 1056 nobis
317 992 487 1057 certificari
503 993 592 1075 quod
609 991 723 1055 oculus
744 992 777 1054 in
792 990 965 1075 superficie
980 1001 1087 1055 terrae
1101 989 1228 1055 videbit
1251 988 1359 1050 minus

208 1106 337 1179 quarta,
351 1116 411 1161 uec
426 1105 589 1179 quantum
609 1096 728 1159 minus.

252 1200 322 1266 Sed
342 1222 400 1283 per
418 1198 679 1283 experientiam¹
698 1209 824 1264 eertum
843 1210 902 1276 est,
917 1198 1007 1281 quod
1030 1197 1145 1262 oculus
1163 1217 1231 1260 non
1249 1201 1361 1279 potest
1373 1216 1403 1250 or
1413 1199 1446 1276 {u
1457 1213 1497 1247 ἐκ·

209 1303 320 1369 videre
348 1314 499 1386 quartam
528 1303 612 1366 coeli
643 1303 675 1366 in
705 1302 874 1384 superficie
903 1312 1019 1367 terrae.
1065 1303 1154 1365 Nam
1185 1301 1212 1364 si
1242 1298 1362 1380 aliquis
1373 1272 1502 1331 periment.

210 1408 361 1490 inspiciat
384 1407 515 1471 stellam
540 1408 686 1489 aliquam
710 1426 795 1488 quae
819 1416 870 1471 est
896 1427 994 1491 super
1016 1416 1117 1491 caput
1141 1406 1219 1488 ejus,
1240 1413 1274 1467 et
1297 1411 1364 1467 stet

211 1512 243 1575 in
259 1511 333 1575 loco
348 1512 457 1595 plano,
471 1530 536 1573 non
552 1511 676 1594 poterit
691 1531 793 1592 usque
809 1512 851 1575 ad
867 1520 989 1574 terram
1005 1512 1174 1593 respicere,
1189 1519 1365 1592 quantum·

211 1636 341 1698 cunque
364 1617 504 1689 nitatur;
535 1616 594 1679 sed
617 1625 735 1697 quarta
758 1615 841 1677 coeli
863 1623 915 1678 est
939 1636 960 1679 a
983 1614 1095 1678 zenith
1119 1615 1238 1697 capitis
1261 1632 1365 1693 usque

212 1722 255 1785 ad
270 1731 403 1784 terram.
449 1719 495 1783 Et
511 1719 587 1783 ideo
606 1728 758 1801 quartam
775 1738 840 1781 non
854 1717 989 1783 videbit
1036 1718 1103 1783 Sed
1119 1728 1232 1783 tamen
1249 1735 1364 1800 parum

213 1825 331 1902 minus,
342 1824 420 1906 quia
434 1824 461 1886 si
476 1824 523 1887 sic
538 1823 699 1907 aspiciens
714 1843 831 1905 parum
844 1822 978 1886 inclinet
989 1832 1090 1905 caput
1100 1822 1225 1886 videbit
1237 1832 1367 1894 terram,

214 1939 246 1993 et
261 1948 328 1991 uon
345 1927 471 1991 videbit
492 1926 632 2003 stellam,
648 1937 682 1990 et
703 1925 800 2007 hujus
820 1947 919 1990 causa
940 1946 1006 1989 non
1026 1937 1077 1992 est
1097 1926 1162 1989 alia
1181 1946 1281 2008 quam
1303 1925 1369 1990 dis·

214 2032 337 2113 positio
352 2032 447 2109 oculi,
461 2053 502 2095 eo
522 2032 611 2113 quod
628 2029 753 2113 pupilla
768 2041 817 2094 est
833 2032 881 2095 sic
900 2030 1030 2109 situata,
1045 2040 1078 2095 et
1098 2030 1246 2093 foramen
1266 2049 1369 2092 uveae

214 2134 261 2195 sic
276 2132 483 2216 dispositum,
493 2132 585 2213 quod
600 2150 666 2195 non
682 2140 792 2214 potest
805 2131 878 2214 plus
888 2132 1008 2196 videre
1042 2131 1143 2213 Quod
1158 2128 1369 2194 manifestum

215 2244 265 2301 est
285 2256 345 2319 per
365 2235 438 2310 hoc,
457 2238 548 2317 quod
570 2234 687 2317 aliquis
709 2246 847 2319 propter
865 2236 1116 2318 dispositionem
1139 2233 1224 2300 oculi
1245 2232 1370 2298 videbit

217 2342 290 2423 plus
306 2342 351 2405 de
365 2348 484 2422 quarta
499 2347 534 2402 et
549 2338 632 2403 alius
648 2340 766 2403 minus.
815 2340 903 2403 Nam
917 2340 975 2421 qui
988 2340 1090 2405 habet
1105 2338 1252 2404 foramen
1268 2358 1371 2401 uveae

217 2465 366 2527 parvum,
381 2453 415 2508 et
430 2442 589 2527 pupillam
608 2444 639 2506 in
655 2441 829 2525 profundo,
843 2444 952 2507 minus
963 2445 1093 2510 ¹videbit
1108 2446 1151 2509 de
1166 2445 1228 2507 hac
1243 2452 1371 2526 quarta,

217 2559 251 2612 et
272 2547 332 2613 ubi
360 2558 411 2611 est
441 2568 460 2611 e
489 2566 659 2623 converso,
683 2545 757 2630 plus
783 2547 920 2627 videbit,

219 2663 255 2716 ut
280 2662 377 2736 patet
400 2652 433 2715 in
458 2649 583 2736 figura3
616 2660 652 2714 ut
675 2651 702 2715 si
727 2651 851 2735 pupilla
877 2652 922 2717 sit

219 2757 251 2819 in
275 2778 297 2819 a
321 2766 457 2839 puncto,
473 2765 506 2819 et
529 2753 654 2818 chorda
677 2755 847 2825 foraminis
869 2756 921 2834 sit,

220 2860 285 2934 bc,
309 2860 437 2923 videbit
465 2859 583 2935 minus,
614 2880 715 2941 quam
740 2861 768 2923 si
798 2861 923 2943 pupilla

221 2974 308 3029 esset
337 2963 370 3027 in
394 2964 426 3037 d,
450 2965 527 3045 quia
558 2964 664 3046 magis
691 2966 924 3047 expanduntur

221 3067 924 3150 lineaedbetdc‚quamabetac.

224 3172 384 3237 Similiter
411 3172 438 3235 si
464 3170 613 3236 foramen
642 3173 686 3237 sit
711 3174 817 3255 majus
848 3194 924 3237 cum

224 3277 474 3361 propinquitate
492 3277 638 3361 pupillae
656 3277 731 3359 plus
750 3279 925 3357 videbitur,

224 3390 260 3445 ut
280 3388 376 3465 patet
399 3400 458 3462 per
478 3379 505 3442 d
512 3381 545 3464 f
561 3390 595 3443 et
618 3380 645 3443 d
656 3402 686 3463 g
706 3382 818 3459 lineas,
841 3404 927 3465 quae

224 3485 331 3568 magis
355 3491 569 3565 separantur;
596 3494 628 3548 et
650 3487 732 3549 haec
756 3497 807 3551 est
828 3509 927 3552 causa

225 3598 315 3653 certa
336 3587 456 3652 innoc
476 3606 575 3664 casu;
596 3599 630 3653 et
654 3590 729 3653 ideo
752 3592 784 3654 in
805 3612 928 3657 vanum

226 3690 405 3777 finguntur,
419 3712 506 3775 quae
521 3704 693 3775 praetacta
711 3709 798 3760 sunt.
1109 3629 1171 3679 Fre.
1185 3640 1224 3692 ³⁵¹

259 3862 267 3891 ¹
287 3862 372 3910 What
383 3862 428 3910 the
440 3870 555 3924 greatest
566 3865 674 3927 angular
685 3867 835 3928 magnitude
846 3867 868 3916 is
880 3868 936 3918 that
947 3884 996 3918 ean
1007 3869 1040 3918 be
1052 3870 1216 3933 appreciated
1227 3870 1263 3932 by
1274 3870 1320 3919 the
1331 3885 1382 3933 eye

229 3948 253 3988 at
265 3956 318 4002 any
330 3956 383 3989 one
395 3948 510 3989 moment
523 3942 550 4003 (i.
560 3957 584 3991 e.
596 3944 641 3991 the
660 3946 797 3994 maximum
816 3946 845 3995 ol
857 3946 902 3996 the
913 3948 995 3996 visual
1006 3949 1093 4009 angle)
1107 3949 1129 3997 is
1141 3965 1156 3998 a
1167 3949 1283 4011 problem
1294 3948 1381 3998 which

231 4018 342 4069 Baeon's
357 4018 515 4081 knowledge
530 4020 575 4070 did
589 4028 636 4070 not
649 4023 742 4071 enable
758 4024 809 4073 him
828 4032 854 4074 to
872 4026 958 4077 solve:
975 4027 1072 4088 though
1085 4027 1119 4076 he
1130 4029 1239 4077 showed
1253 4028 1294 4077 his
1308 4028 1381 4077 usual

231 4096 397 4159 ‘positivity'
408 4098 433 4146 in
451 4100 593 4163 propoaing
609 4102 636 4149 it.
670 4102 707 4151 As
724 4103 769 4151 the
785 4105 861 4167 angle
878 4105 999 4155 becomes
1015 4106 1108 4168 larger,
1121 4107 1166 4155 the
1185 4116 1302 4157 extreme
1322 4123 1383 4170 ray!

230 4174 282 4223 will
295 4176 340 4225 sall
353 4192 388 4225 on
401 4178 517 4238 portione
528 4178 558 4228 of
570 4179 615 4229 the
626 4181 709 4230 retina
720 4196 813 4231 nearer
824 4191 851 4231 to
864 4184 897 4232 its
908 4184 1024 4234 anterior
1033 4186 1128 4235 border
1140 4187 1191 4235 and
1205 4187 1258 4235 less
1272 4186 1383 4248 adapted

231 4252 271 4302 ior
287 4254 383 4306 vision.
417 4254 473 4305 The
490 4258 603 4319 practice
619 4259 649 4308 os
661 4260 800 4322 landscape
816 4263 903 4310 artists
919 4264 1007 4312 would
1025 4263 1136 4312 iudicate
1153 4266 1209 4313 that
1226 4265 1271 4311 the
1288 4264 1384 4325 largest

233 4332 357 4381 available
368 4334 450 4383 visun
461 4334 539 4397 angle
550 4352 606 4386 was
617 4338 738 4387 between
750 4336 796 4387 60ο
806 4341 858 4389 and
869 4336 922 4400 45⁰.
956 4340 1011 4391 The
1027 4342 1127 4405 precise
1144 4342 1341 4390 determination
1359 4344 1388 4391 oi

233 4410 276 4459 tlte
292 4412 372 4474 angle
392 4412 413 4460 is
425 4414 595 4477 complicated
611 4416 646 4477 by
663 4418 708 4466 the
729 4426 845 4466 extreme
862 4419 979 4481 mobility
995 4420 1024 4468 oi
1039 4421 1085 4470 the
1101 4435 1151 4481 eye
1168 4419 1252 4469 round
1268 4419 1302 4468 ita
1319 4419 1384 4468 iona!

235 4496 331 4538 tentae„
362 4490 407 4540 Dr.
417 4490 514 4555 Young
524 4493 668 4544 calculated
680 4497 734 4543 that
746 4496 792 4544 the
803 4512 883 4558 range
901 4497 931 4545 oi
945 4500 1042 4547 motion
1053 4498 1081 4546 in
1092 4498 1137 4547 the
1148 4497 1258 4558 eye-ball
1270 4495 1293 4544 is
1303 4496 1347 4559 55³
1359 4500 1386 4547 in

236 4582 316 4629 every
333 4569 471 4631 directioni,
483 4586 515 4620 so
527 4572 592 4635 that,
606 4572 650 4621 the
668 4574 734 4623 head
751 4574 829 4635 being
845 4576 922 4637 lixed,
936 4592 952 4624 a
968 4576 1054 4639 single
1069 4592 1120 4639 eye
1136 4592 1196 4636 may
1211 4576 1277 4623 have
1289 4576 1389 4638 pen'ect

236 4647 319 4697 vision
331 4648 363 4698 oi
371 4664 424 4712 any
435 4651 509 4713 point
520 4651 614 4701 within
625 4668 641 4701 a
652 4667 731 4715 range
743 4651 771 4701 oi
782 4651 841 4703 111⁰
852 4652 962 4717 (Todd'a
974 4653 1037 4715 Cyd.
1049 4654 1166 4717 rudunt.
1178 4656 1210 4704 iv.
1224 4669 1248 4716 p.
1261 4661 1345 4715 1442).
