3542 5359
367 644 563 705 MORALIS
588 643 885 704 PHILOSOPHIA
900 666 910 701 .·
939 644 1054 704 PARS
1078 643 1290 704 SECUNDA.
1338 660 1397 723 251

246 807 424 892 juvenibus
440 807 638 873 instruendis
653 809 698 872 ad
713 807 904 890 hujusmodi
919 808 1029 871 studia
1043 817 1077 871 et
1092 806 1200 872 officia
1214 809 1402 872 exercenda

249 914 396 997 aptiores
430 912 530 995 juxta
568 911 704 976 consilia
734 911 940 994 sapientum
978 920 1012 974 et
1038 910 1153 993 reliqui
1183 912 1226 974 ad
1257 912 1399 976 officium

250 1017 393 1080 militare
407 1017 610 1098 deputantur
624 1037 685 1098 pro
698 1015 826 1098 justitia
845 1015 1057 1097 exsequenda
1078 1025 1113 1080 et
1134 1015 1401 1079 malefactoribus

249 1121 510 1204 compescendis,
557 1119 603 1184 Et
627 1128 759 1201 oportet
782 1128 818 1182 ut
840 1118 922 1182 dicit
946 1117 1124 1197 Avicenna,
1139 1129 1177 1183 ut
1200 1119 1401 1182 instituendo

250 1222 368 1306 legem,
384 1225 427 1286 sit
450 1222 532 1288 haec
555 1223 662 1306 prima
685 1222 833 1300 intentio,
856 1223 980 1287 scilicet
1003 1222 1155 1285 ordinare
1177 1222 1345 1286 civitatem
1368 1223 1401 1286 in

249 1339 318 1394 tres
333 1340 445 1412 partes
461 1328 586 1393 scilicet
603 1329 635 1392 in
651 1328 875 1412 dispositores,
888 1325 1066 1405 ministros,
1078 1337 1112 1390 et
1127 1327 1209 1411 legis
1225 1327 1355 1410 peritos,
1365 1337 1401 1390 et

249 1435 340 1516 quod
357 1433 388 1496 in
412 1453 612 1515 unoquoque
627 1430 764 1495 eorum¹
782 1431 952 1495 ordinetur
966 1429 1085 1512 aliquis
1101 1430 1275 1514 praelatus.
1321 1431 1401 1495 Post

250 1559 349 1620 quem
366 1539 558 1602 ordinentur
572 1537 628 1600 alii
644 1536 782 1620 praelati
803 1535 972 1599 inferiores
992 1556 1041 1614 eo,
1058 1545 1091 1598 et
1112 1546 1191 1618 post
1204 1534 1267 1598 hos
1281 1534 1400 1600 iterum

249 1643 304 1708 alii
327 1642 529 1721 ordinentur,
550 1661 723 1724 quousque
745 1641 938 1723 perveniant
959 1640 1002 1703 ad
1030 1658 1173 1720 paucos3
1196 1641 1239 1703 ad
1269 1640 1334 1704 hoc
1364 1650 1401 1705 ut

251 1745 360 1810 nullus
389 1747 432 1810 sit
462 1746 494 1809 in
525 1745 660 1810 civitate
691 1743 812 1808 inutilis
842 1745 922 1825 quin
951 1743 1075 1808 habeat
1103 1743 1248 1826 aliquem
1275 1754 1401 1809 statum

250 1850 461 1929 laudabilem,
484 1860 517 1915 et
541 1861 578 1915 ut
607 1851 651 1913 ab
681 1868 882 1930 unoquoque
914 1849 1087 1930 proveniat
1111 1849 1239 1912 utilitas
1265 1849 1400 1913 civitati.

253 1955 352 2020 Unde
375 1957 466 2037 apud
490 1953 662 2018 Platonem
687 1952 742 2016 illa
757 1953 871 2017 civitas
895 1951 1075 2034 justissime
1092 1953 1246 2017 ordinata
1261 1955 1402 2018 traditur

251 2061 284 2123 in
299 2078 367 2141 qua
381 2059 521 2140 quisque
529 2059 680 2142 proprios
694 2055 822 2122 noscit²
837 2057 986 2120 aflectus.
1026 2056 1071 2119 Et
1083 2057 1168 2136 ideo,
1180 2067 1217 2120 ut
1226 2055 1401 2121 Avicenna

250 2163 341 2240 dicit,
360 2161 537 2246 prohibere
562 2161 661 2226 debet
685 2161 837 2244 princeps
859 2161 1001 2224 civitatis
1025 2161 1228 2225 otiositatem
1251 2172 1284 2225 et
1303 2182 1401 2227 vaca-

251 2268 389 2331 tionem.
435 2265 501 2348 Qui
531 2276 643 2330 autern
673 2285 739 2328 non
767 2274 905 2348 possunt
936 2266 1100 2347 compesci
1129 2265 1253 2329 debent
1278 2265 1401 2350 expelli

251 2393 271 2436 a
287 2371 430 2452 civitate,
445 2371 507 2433 nisi
523 2390 623 2435 causa
640 2369 738 2450 hujus
754 2371 799 2433 sit
814 2370 988 2435 infirmitas
1003 2369 1053 2434 vel
1069 2380 1242 2449 senectus;
1265 2379 1299 2434 et
1321 2382 1401 2436 tunc

252 2474 475 2540 instituendus
504 2484 555 2538 est
590 2473 681 2538 locus
712 2475 745 2536 in
782 2494 850 2556 quo
888 2485 1102 2559 permaneant
1138 2473 1329 2555 hujusmodi
1367 2483 1402 2540 et

252 2583 431 2661 deputetur
444 2579 491 2642 eis
508 2586 709 2661 procurator.
756 2576 901 2662 Oportet
915 2588 1027 2642 autem
1042 2579 1133 2660 quod
1153 2579 1187 2640 in
1210 2579 1344 2643 civitate
1359 2580 1403 2643 sit
1467 2629 1470 2634 .

252 2683 388 2766 quidam
413 2682 504 2746 locus
529 2679 726 2763 reipublicae
753 2681 960 2763 pecuniariae
981 2703 1066 2765 quae
1088 2683 1209 2766 partim
1230 2683 1402 2765 proveniat

252 2810 296 2852 ex
308 2786 383 2870 jure
397 2787 488 2870 quod
504 2786 928 2863 instituiturcontractibus,
940 2787 1061 2869 partim
1076 2805 1121 2848 ex
1132 2784 1303 2849 calumniis
1314 2808 1402 2868 quae

251 2913 313 2976 pro
328 2912 435 2975 poena
453 2889 651 2973 infliguntur,
667 2889 788 2974 partim
804 2912 848 2953 ex
864 2890 1007 2974 praediis
1022 2901 1058 2955 et
1072 2890 1203 2972 praedis
1220 2890 1401 2973 rebellium,

253 2998 372 3080 partim
396 3017 440 3059 ex
463 2994 544 3076 aliis,
560 3004 594 3058 et
618 3004 654 3059 ut
676 2994 758 3059 haec
781 2994 988 3078 respublica³
1002 2995 1046 3058 sit
1068 2995 1189 3077 partim
1205 3004 1403 3079 praeparata

253 3099 317 3163 illis
332 3100 389 3184 qui
404 3119 470 3163 non
490 3109 629 3182 possunt
647 3098 764 3162 lucrari
789 3107 927 3184 propter
949 3097 1173 3163 infirmitatem
1198 3109 1232 3163 et
1255 3110 1403 3164 senectu-

254 3216 331 3285 tem,
348 3215 382 3269 et
398 3205 519 3288 partim
536 3203 618 3287 legis
640 3213 672 3268 et
693 3203 876 3269 medicinae
899 3204 1102 3283 doctoribus,
1118 3215 1152 3269 et
1173 3207 1295 3288 partim
1311 3227 1402 3271 com-

253 3310 407 3374 munibus
422 3310 543 3373 usibus

298 3415 344 3478 Et
359 3413 480 3478 deinde
501 3413 598 3478 docet
619 3411 786 3496 legislator
808 3423 954 3477 statuere
974 3413 1174 3497 patrimonia
1198 3425 1232 3479 et
1253 3415 1403 3480 haeredi·
1417 3423 1533 3501 tauros

253 3529 340 3584 tates
370 3527 404 3582 et
433 3527 653 3592 testamenta;
683 3517 759 3600 quia
783 3518 866 3582 dicit
892 3517 1066 3582 Avicenna
1095 3521 1186 3601 quod
1216 3520 1403 3585 substantia
1415 3490 1567 3606 fflgffioe

254 3622 435 3686 necessaria
456 3622 546 3686 vitae
575 3621 695 3704 partim
720 3630 770 3685 est
800 3642 921 3699 ramus,
951 3623 1073 3705 partim
1105 3635 1156 3688 est
1180 3624 1288 3688 radix.
1333 3623 1401 3690 Sed
1415 3629 1489 3673 Μ·

253 3729 350 3792 radix
380 3735 429 3791 est
452 3725 690 3810 patrimonium
713 3736 746 3790 et
768 3726 892 3810 aliquid
923 3728 1014 3810 quod
1043 3736 1095 3791 est
1126 3749 1170 3791 ex
1200 3739 1404 3794 testamento

252 3831 400 3914 legatum
432 3841 465 3895 et
489 3832 617 3908 datum,
640 3851 685 3896 ex
715 3829 835 3914 quibus
857 3831 962 3896 tribus
992 3832 1157 3896 radicibus
1186 3831 1322 3910 firmius,
1352 3845 1404 3899 est

252 3936 498 4020 patrimonium.
545 3933 674 3999 Ramus
696 3945 809 3999 autem
836 3936 1043 4001 substantiae
1067 3937 1159 4001 venit
1185 3958 1230 4000 ex
1257 3939 1402 4022 adquisi-

254 4042 344 4106 tione
359 4061 420 4125 per
434 4039 560 4122 species
581 4041 823 4122 negotiationis.
870 4040 1002 4104 Deinde
1021 4040 1146 4105 debent
1167 4043 1296 4105 ostendi
1314 4043 1404 4125 leges

253 4146 339 4210 circa
355 4154 545 4209 contractus
563 4145 710 4208 omnium
732 4144 915 4226 specierum
936 4145 1169 4229 negotiationis
1194 4145 1226 4208 in
1250 4146 1404 4225 emendo,

252 4249 440 4325 vendendo,
474 4247 624 4327 locando,
657 4249 882 4328 conducendo,
917 4252 1110 4323 mutuando,
1146 4250 1404 4331 commodando,

252 4354 487 4438 expendendo,
510 4355 672 4419 servando
694 4365 728 4420 et
754 4353 954 4438 hujusmodi,
976 4363 1013 4417 ut
1035 4363 1244 4416 removeatur
1266 4354 1299 4417 in
1321 4374 1402 4418 con-

252 4460 413 4525 tractibus
428 4459 585 4544 quicquid
603 4468 715 4544 potest
730 4479 855 4538 nocere,
872 4461 957 4524 sicut
973 4457 1052 4523 dicit
1069 4456 1250 4524 Avicenna

285 4595 293 4625 ¹
311 4599 426 4656 istomm,
440 4597 475 4648 bl.
781 4595 790 4624 ¹
807 4597 897 4656 nescit,
910 4595 943 4646 0.

285 4675 295 4706 ⁸
310 4675 453 4740 respublica
466 4675 487 4726 is
499 4677 562 4726 here
574 4675 638 4724 used
651 4677 676 4724 in
689 4675 733 4725 the
744 4689 822 4724 sense
834 4675 865 4724 oi
875 4690 891 4722 a
902 4673 989 4737 public
999 4673 1070 4723 fund.
