3542 5359
388 582 584 642 MORALIS
609 581 925 640 PHILOSOPHIA:
958 581 1073 640 PARS
1102 581 1266 640 TERTIA.
1344 595 1404 658 327

254 743 311 826 qui
327 753 485 828 rogantur
499 743 682 808 facillimos.
730 743 815 806 lllud
840 754 980 826 uterque
1001 753 1132 826 spectat
1154 754 1291 826 propter
1312 743 1402 826 quod

254 858 386 931 tempus
402 850 543 932 petitum
559 857 620 927 est,
636 849 742 930 ipsum
760 848 895 929 quidem
913 859 1041 913 neuter:
1065 849 1161 931 quasi
1178 848 1257 912 nihil
1271 849 1404 930 petitur,

255 953 347 1033 quasi
375 953 455 1016 nihil
482 955 581 1016 datur
606 972 657 1014 res
685 953 834 1015 omnium
858 953 1102 1034 pretiosissima,
1124 952 1258 1017 luditur.
1304 951 1403 1015 Fallit

254 1064 366 1119 autem
381 1077 439 1121 eos
451 1056 528 1139 quia
540 1078 592 1121 res
603 1054 833 1137 incorporalis¹
846 1067 907 1133 est,
918 1058 996 1139 quia
1011 1059 1073 1120 sub
1086 1056 1201 1120 oculos
1213 1077 1279 1120 non
1291 1055 1401 1120 venit.’

255 1208 261 1221 .
279 1208 287 1223 .
304 1209 312 1225 .
327 1159 377 1224 At
391 1165 510 1224 ‘nemo
532 1162 687 1224 aestimat
709 1169 850 1243 tempus.
898 1154 1080 1248 [Utuntur]
1105 1160 1161 1224 illo
1184 1160 1293 1224 laxius
1309 1161 1402 1243 quasi

252 1266 408 1348 gratuito.
437 1265 488 1329 At
503 1264 637 1329 eosdem
654 1284 773 1346 aegros
788 1265 864 1328 vide
880 1263 907 1326 si
925 1265 1039 1326 mortis
1055 1264 1235 1346 periculum
1252 1266 1403 1348 proprius

252 1380 303 1431 est
340 1370 526 1442 admotum,
557 1369 761 1432 medicorum
794 1388 903 1450 genua
940 1378 1137 1450 tangentes;
1183 1369 1209 1430 si
1249 1379 1402 1433 metuunt

253 1473 394 1556 capitale
409 1474 619 1557 supplicium,
631 1473 742 1537 omnia
758 1481 795 1536 ut
806 1474 919 1537 vivant
931 1483 1066 1555 paratos
1081 1474 1272 1555 impendere
1280 1496 1288 1548 ;
1309 1483 1402 1538 tanta

252 1577 286 1640 in
302 1576 366 1640 illis
381 1578 546 1641 discordia
562 1577 740 1641 affectuum
755 1587 816 1639 est.
848 1575 978 1658 Quodsi
993 1587 1106 1660 posset
1118 1578 1401 1660 quemadmodum

252 1683 505 1764 praeteritorum
523 1701 684 1744 annorum
700 1681 860 1763 cujusque
876 1702 1031 1744 numerus
1048 1683 1199 1764 proponi,
1215 1684 1261 1746 sic
1277 1682 1401 1746 futuro·

252 1805 336 1862 rum,
350 1787 521 1867 quomodo
541 1785 588 1848 1111
607 1786 664 1867 qui
683 1805 808 1868 paucos
823 1785 972 1849 viderent
993 1807 1173 1868 superesse,
1189 1786 1402 1868 trepidarent,

252 1891 422 1973 quomodo
443 1889 509 1952 illis
531 1894 728 1971 parcerent?
772 1889 880 1972 Atqui
901 1887 995 1953 facile
1011 1900 1060 1953 est
1075 1891 1227 1973 quamvis
1241 1891 1402 1972 exiguum

254 1995 441 2076 dispensare
456 1995 548 2075 quod
564 2004 688 2057 certum
703 2003 769 2057 est:
792 1993 828 2057 id
843 1993 944 2058 debet
960 1995 1080 2057 servari
1097 1994 1296 2076 diligentius,
1311 1994 1401 2076 quod

253 2099 379 2162 nescias
393 2099 526 2180 quando
545 2096 697 2161 deficiat.’

296 2203 493 2285 ‘impendio
520 2203 607 2266 vitae
637 2202 740 2266 vitam
771 2202 947 2265 instruunt.
1004 2201 1232 2284 Cogitationes
1261 2223 1338 2264 suas
1367 2202 1401 2266 in
1415 2215 1477 2280 Cap.
1491 2232 1514 2279 ⁹·

253 2307 388 2390 longum
404 2308 569 2370 ordinant.
620 2307 771 2370 Maxima
786 2326 884 2389 porro
900 2307 989 2371 vitae
1002 2307 1131 2389 jactura
1146 2307 1261 2370 dilatio
1276 2316 1349 2369 est.
1367 2355 1373 2369 .
1392 2354 1399 2369 .

252 2412 308 2474 illa
337 2412 435 2493 eripit
466 2412 659 2494 praesentia,
689 2414 770 2474 dum
802 2411 957 2473 ulteriora
986 2411 1159 2494 promittit.
1212 2411 1399 2474 Maximum

251 2516 380 2578 vivendi
405 2516 678 2596 impedimentum
700 2523 750 2578 est
773 2516 973 2596 expectatio,
991 2535 1076 2597 quae
1099 2515 1222 2597 pendet
1246 2536 1289 2578 ex
1312 2535 1401 2578 cras·

252 2621 333 2698 tin0‚
348 2621 455 2701 perdit
471 2619 687 2682 hodiernum:
711 2620 801 2701 quod
820 2620 854 2681 in
879 2640 979 2682 manu
1000 2620 1148 2682 fortunae
1172 2620 1317 2702 positum
1340 2628 1401 2693 est,

253 2725 415 2806 disponis3
431 2725 521 2805 quod
534 2724 567 2786 in
583 2732 648 2799 tua,
660 2724 811 2786 dimittis.
847 2721 925 2804 Quo
940 2734 1080 2806 spectas,
1092 2744 1159 2806 quo
1174 2733 1208 2787 te
1227 2722 1400 2786 extendis?

252 2829 365 2891 omnia
392 2849 477 2910 quae
501 2838 641 2891 ventura
664 2837 752 2904 sunt,
776 2828 808 2889 in
834 2827 960 2890 incerto
988 2827 1119 2908 jacent:
1143 2827 1291 2909 protinus
1316 2826 1398 2889 vive.

254 2932 384 2997 Clamat
400 2929 499 2995 eccc²
516 2933 683 2995 maximus
695 2942 797 2994 vates.
816 2978 824 2991 .
842 2980 849 2993 .
866 2977 873 2992 .
889 2930 1023 3012 Optima
1037 2952 1176 3013 quaeque
1189 2930 1259 2994 dies
1274 2931 1401 2994 miseris

252 3037 444 3100 mortalibus
458 3038 535 3099 aevi
548 3036 671 3100 Prima
676 3035 791 3118 sugit?

296 3140 405 3224 ‘Quid
430 3147 563 3205 cessas?
597 3142 658 3205 nisi
684 3161 837 3222 occupas,
865 3139 959 3223 sugit.
1015 3140 1059 3204 Et
1086 3160 1162 3204 cum
1189 3139 1399 3220 occupaveris

252 3255 364 3310 tamen
381 3243 494 3328 fugiet.
528 3247 645 3329 ltaque
658 3266 734 3308 cum
747 3245 915 3309 celeritate
930 3245 1088 3328 temporis
1101 3245 1214 3308 utendi
1225 3241 1399 3307 velocitate

252 3350 447 3413 certandum
462 3360 514 3413 est
531 3398 538 3411 .
556 3396 564 3411 .
582 3395 590 3412 .
607 3350 682 3413 Hoc
694 3370 827 3433 quoque
841 3349 1061 3432 pulcherrime
1076 3352 1120 3414 ad
1132 3349 1399 3432 exprobrandam

252 3454 413 3517 infinitam
430 3453 678 3536 cogitationem,
692 3455 783 3537 quod
800 3474 865 3517 non
881 3456 1044 3537 optimam
1060 3473 1225 3537 quamque
1244 3463 1399 3530 aetatem,

251 3559 309 3622 sed
326 3564 341 3589 ‘⁴
354 3558 443 3621 diem
455 3555 472 3578 ”
488 3555 586 3622 dicit’
606 3568 716 3640 poeta.
761 3558 834 3621 ‘De
854 3560 909 3622 die
927 3568 1039 3622 tecum
1058 3557 1213 3640 loquitur,
1228 3566 1262 3620 et
1277 3559 1320 3621 de
1336 3556 1399 3620 hoc

251 3663 325 3744 ipso
350 3661 505 3745 fugiente.
551 3661 628 3725 Non
654 3663 793 3726 dubium
818 3672 869 3726 est
899 3683 978 3745 ergo
1007 3661 1087 3743 quin
1118 3663 1223 3743 prima
1248 3680 1400 3744 quaeque

251 3767 380 3848 optima
417 3767 488 3829 dies
526 3766 630 3847 fugiat
668 3765 862 3830 mortalibus
895 3766 1029 3838 miseris,
1064 3766 1097 3829 id
1131 3777 1190 3839 est,
1220 3766 1399 3848 occupatis,

250 3889 393 3953 quorum
418 3867 561 3952 pueriles
587 3870 695 3934 adhuc
717 3870 846 3934 animos
868 3880 1020 3934 senectus
1043 3869 1212 3952 opprimit,
1235 3868 1277 3932 ad
1300 3887 1400 3950 quarn

251 3973 407 4056 imparati
430 3974 637 4056 inermesque
659 3974 864 4057 perveniunt.
911 3973 1003 4036 Nihil
1027 3974 1117 4035 enim
1140 3972 1305 4054 provisum
1328 3980 1399 4036 est:

249 4078 361 4141 subito
384 4078 419 4140 in
441 4076 532 4140 illam
557 4079 807 4161 necopinantes
829 4075 1032 4141 inciderunt?

294 4181 452 4246 ‘Solebat
475 4183 584 4246 dicere
614 4181 791 4259 Fabianus,
817 4202 884 4246 non
911 4203 955 4245 ex
981 4180 1033 4244 his
1056 4178 1269 4244 cathedrariis
1293 4177 1398 4262 philo·
1412 4191 1475 4257 cap.
1491 4205 1528 4242 ιο.

249 4286 376 4368 sophis,
391 4284 451 4348 sed
475 4306 518 4348 ex
537 4286 625 4349 veris
647 4295 682 4350 et
703 4286 859 4370 antiquis,
875 4285 1001 4352 Contra
1022 4283 1159 4348 aflectus
1183 4284 1317 4364 impetu,
1333 4302 1399 4346 non

249 4389 443 4464 subtilitate,
465 4389 702 4472 pugnandum
734 4411 793 4453 nec
817 4391 955 4455 minutis
977 4387 1164 4453 vulneribus
1187 4387 1244 4450 sed
1268 4387 1397 4450 incursu

346 4617 356 4647 ¹
372 4617 588 4681 incomparabilis,
601 4618 634 4668 D.
1005 4615 1015 4644 ²
1031 4616 1170 4680 quomodo,
1183 4614 1217 4664 D.
1228 4622 1255 4664 et
1267 4613 1299 4666 0.
1368 4616 1376 4628 '
