<?xml version="1.0" encoding="UTF-8"?>
<!DOCTYPE html PUBLIC "-//W3C//DTD XHTML 1.0 Transitional//EN"
    "http://www.w3.org/TR/xhtml1/DTD/xhtml1-transitional.dtd">
<html xmlns="http://www.w3.org/1999/xhtml" xml:lang="en" lang="en">
 <head>
  <title>
</title>
<meta http-equiv="Content-Type" content="text/html;charset=utf-8" />
  <meta name='ocr-system' content='tesseract 3.04.00' />
  <meta name='ocr-capabilities' content='ocr_page ocr_carea ocr_par ocr_line ocrx_word'/>
</head>
<body>
  <div class='ocr_page' id='page_1' title='image "./opusmajusrogerb02bridgoog/opusmajusrogerb02bridgoog_0543.png"; bbox 0 0 3542 5359; ppageno 0'>
   <div class='ocr_carea' id='block_1_1' title="bbox 406 638 1296 721">
    <p class='ocr_par' dir='ltr' id='par_1_1' title="bbox 406 638 1296 721">
     <span class='ocr_line' id='line_1_1' title="bbox 406 638 1296 721; baseline -0.006 -19"><span class='ocrx_word' id='word_1_1' title='bbox 406 659 467 721; x_wconf 84' lang='lat'><strong>524</strong></span> <span class='ocrx_word' id='word_1_2' title='bbox 680 640 1017 701; x_wconf 82' lang='lat' dir='ltr'><em>MULTIPLICATIO</em></span> <span class='ocrx_word' id='word_1_3' title='bbox 1041 638 1296 699; x_wconf 74' lang='lat' dir='ltr'><em>SPECJERUM.</em></span> 
     </span>
    </p>
   </div>
   <div class='ocr_carea' id='block_1_2' title="bbox 240 796 1657 4642">
    <p class='ocr_par' dir='ltr' id='par_1_2' title="bbox 337 796 1562 2451">
     <span class='ocr_line' id='line_1_2' title="bbox 407 796 1556 888; baseline -0.009 -20"><span class='ocrx_word' id='word_1_4' title='bbox 407 805 587 869; x_wconf 83' lang='lat' dir='ltr'><strong>subtilioris</strong></span> <span class='ocrx_word' id='word_1_5' title='bbox 616 815 650 868; x_wconf 91' lang='lat' dir='ltr'><strong>et</strong></span> <span class='ocrx_word' id='word_1_6' title='bbox 680 805 816 888; x_wconf 85' lang='lat' dir='ltr'><strong>aptioris</strong></span> <span class='ocrx_word' id='word_1_7' title='bbox 842 807 884 868; x_wconf 92' lang='lat' dir='ltr'><strong>ad</strong></span> <span class='ocrx_word' id='word_1_8' title='bbox 910 805 1128 883; x_wconf 86' lang='lat' dir='ltr'><strong>alterandum,</strong></span> <span class='ocrx_word' id='word_1_9' title='bbox 1153 813 1187 867; x_wconf 90' lang='lat' dir='ltr'><strong>et</strong></span> <span class='ocrx_word' id='word_1_10' title='bbox 1212 803 1304 883; x_wconf 93' lang='lat' dir='ltr'><strong>quod</strong></span> <span class='ocrx_word' id='word_1_11' title='bbox 1328 810 1381 864; x_wconf 89' lang='lat' dir='ltr'><strong>est</strong></span> <span class='ocrx_word' id='word_1_12' title='bbox 1404 796 1556 863; x_wconf 87' lang='lat' dir='ltr'><strong>sufficiens</strong></span> 
     </span>
     <span class='ocr_line' id='line_1_3' title="bbox 407 902 1556 992; baseline -0.01 -18"><span class='ocrx_word' id='word_1_13' title='bbox 407 910 635 986; x_wconf 85' lang='lat' dir='ltr'><strong>debilitationi,</strong></span> <span class='ocrx_word' id='word_1_14' title='bbox 658 910 735 992; x_wconf 93' lang='lat' dir='ltr'><strong>quia</strong></span> <span class='ocrx_word' id='word_1_15' title='bbox 758 910 905 973; x_wconf 89' lang='lat' dir='ltr'><strong>medium</strong></span> <span class='ocrx_word' id='word_1_16' title='bbox 928 909 1124 972; x_wconf 89' lang='lat' dir='ltr'><strong>naturaliter</strong></span> <span class='ocrx_word' id='word_1_17' title='bbox 1146 907 1276 983; x_wconf 86' lang='lat' dir='ltr'><strong>resistit,</strong></span> <span class='ocrx_word' id='word_1_18' title='bbox 1300 906 1388 968; x_wconf 88' lang='lat' dir='ltr'><strong>sicut</strong></span> <span class='ocrx_word' id='word_1_19' title='bbox 1413 902 1556 965; x_wconf 88' lang='lat' dir='ltr'><strong>Alhazen</strong></span> 
     </span>
     <span class='ocr_line' id='line_1_4' title="bbox 408 1004 1556 1095; baseline -0.01 -17"><span class='ocrx_word' id='word_1_20' title='bbox 408 1017 515 1079; x_wconf 89' lang='lat' dir='ltr'><strong>docet.</strong></span> <span class='ocrx_word' id='word_1_21' title='bbox 566 1013 633 1079; x_wconf 90' lang='lat' dir='ltr'><strong>Sed</strong></span> <span class='ocrx_word' id='word_1_22' title='bbox 658 1013 847 1095; x_wconf 91' lang='lat' dir='ltr'><strong>hujusmodi</strong></span> <span class='ocrx_word' id='word_1_23' title='bbox 875 1012 1021 1077; x_wconf 89' lang='lat' dir='ltr'><strong>medium</strong></span> <span class='ocrx_word' id='word_1_24' title='bbox 1046 1012 1179 1094; x_wconf 92' lang='lat' dir='ltr'><strong>majoris</strong></span> <span class='ocrx_word' id='word_1_25' title='bbox 1201 1009 1398 1093; x_wconf 87' lang='lat' dir='ltr'><strong>aptitudinis</strong></span> <span class='ocrx_word' id='word_1_26' title='bbox 1422 1018 1458 1071; x_wconf 91' lang='lat' dir='ltr'><strong>et</strong></span> <span class='ocrx_word' id='word_1_27' title='bbox 1480 1004 1556 1069; x_wconf 85' lang='lat' dir='ltr'><strong>suffi-</strong></span> 
     </span>
     <span class='ocr_line' id='line_1_5' title="bbox 408 1109 1557 1195; baseline -0.01 -13"><span class='ocrx_word' id='word_1_28' title='bbox 408 1119 522 1182; x_wconf 91' lang='lat' dir='ltr'><strong>cientis</strong></span> <span class='ocrx_word' id='word_1_29' title='bbox 538 1118 776 1181; x_wconf 87' lang='lat' dir='ltr'><strong>debilitationis</strong></span> <span class='ocrx_word' id='word_1_30' title='bbox 792 1118 975 1183; x_wconf 90' lang='lat' dir='ltr'><strong>continuari</strong></span> <span class='ocrx_word' id='word_1_31' title='bbox 991 1118 1024 1179; x_wconf 96' lang='lat' dir='ltr'><strong>in</strong></span> <span class='ocrx_word' id='word_1_32' title='bbox 1046 1116 1212 1180; x_wconf 88' lang='lat' dir='ltr'><strong>infinitum</strong></span> <span class='ocrx_word' id='word_1_33' title='bbox 1233 1134 1301 1179; x_wconf 93' lang='lat' dir='ltr'><strong>non</strong></span> <span class='ocrx_word' id='word_1_34' title='bbox 1322 1123 1374 1177; x_wconf 90' lang='lat' dir='ltr'><strong>est</strong></span> <span class='ocrx_word' id='word_1_35' title='bbox 1397 1109 1557 1195; x_wconf 88' lang='lat' dir='ltr'><strong>possibile.</strong></span> 
     </span>
     <span class='ocr_line' id='line_1_6' title="bbox 410 1212 1558 1304; baseline -0.01 -20"><span class='ocrx_word' id='word_1_36' title='bbox 410 1221 512 1304; x_wconf 85' lang='lat' dir='ltr'><strong>Quod</strong></span> <span class='ocrx_word' id='word_1_37' title='bbox 526 1223 552 1285; x_wconf 93' lang='lat' dir='ltr'><strong>si</strong></span> <span class='ocrx_word' id='word_1_38' title='bbox 569 1222 823 1294; x_wconf 87' lang='lat' dir='ltr'><strong>continuaretur,</strong></span> <span class='ocrx_word' id='word_1_39' title='bbox 840 1221 933 1284; x_wconf 89' lang='lat' dir='ltr'><strong>fieret</strong></span> <span class='ocrx_word' id='word_1_40' title='bbox 948 1221 1046 1286; x_wconf 92' lang='lat' dir='ltr'><strong>actio.</strong></span> <span class='ocrx_word' id='word_1_41' title='bbox 1093 1218 1129 1284; x_wconf 89' lang='lat' dir='ltr'><strong>Si</strong></span> <span class='ocrx_word' id='word_1_42' title='bbox 1145 1221 1275 1283; x_wconf 89' lang='lat' dir='ltr'><strong>dicatur</strong></span> <span class='ocrx_word' id='word_1_43' title='bbox 1289 1217 1382 1299; x_wconf 90' lang='lat' dir='ltr'><strong>quod</strong></span> <span class='ocrx_word' id='word_1_44' title='bbox 1403 1226 1486 1279; x_wconf 94' lang='lat' dir='ltr'><strong>tunc</strong></span> <span class='ocrx_word' id='word_1_45' title='bbox 1507 1212 1558 1275; x_wconf 87' lang='lat' dir='ltr'><strong>erit</strong></span> 
     </span>
     <span class='ocr_line' id='line_1_7' title="bbox 408 1324 1559 1409; baseline -0.007 -20"><span class='ocrx_word' id='word_1_46' title='bbox 408 1327 491 1389; x_wconf 90' lang='lat' dir='ltr'><strong>haec</strong></span> <span class='ocrx_word' id='word_1_47' title='bbox 512 1327 639 1409; x_wconf 86' lang='lat' dir='ltr'><strong>species</strong></span> <span class='ocrx_word' id='word_1_48' title='bbox 660 1327 776 1401; x_wconf 90' lang='lat' dir='ltr'><strong>otiosa,</strong></span> <span class='ocrx_word' id='word_1_49' title='bbox 792 1327 969 1390; x_wconf 91' lang='lat' dir='ltr'><strong>dicendum</strong></span> <span class='ocrx_word' id='word_1_50' title='bbox 988 1336 1040 1388; x_wconf 86' lang='lat' dir='ltr'><strong>est</strong></span> <span class='ocrx_word' id='word_1_51' title='bbox 1061 1325 1153 1407; x_wconf 88' lang='lat' dir='ltr'><strong>quod</strong></span> <span class='ocrx_word' id='word_1_52' title='bbox 1175 1344 1263 1399; x_wconf 83' lang='lat' dir='ltr'><strong>n0n3</strong></span> <span class='ocrx_word' id='word_1_53' title='bbox 1286 1324 1368 1405; x_wconf 91' lang='lat' dir='ltr'><strong>quia</strong></span> <span class='ocrx_word' id='word_1_54' title='bbox 1386 1331 1471 1403; x_wconf 90' lang='lat' dir='ltr'><strong>apta</strong></span> <span class='ocrx_word' id='word_1_55' title='bbox 1491 1328 1559 1383; x_wconf 85' lang='lat' dir='ltr'><strong>nata</strong></span> 
     </span>
     <span class='ocr_line' id='line_1_8' title="bbox 409 1422 1558 1515; baseline -0.008 -21"><span class='ocrx_word' id='word_1_56' title='bbox 409 1442 460 1495; x_wconf 89' lang='lat' dir='ltr'><strong>est</strong></span> <span class='ocrx_word' id='word_1_57' title='bbox 483 1431 617 1514; x_wconf 85' lang='lat' dir='ltr'><strong>operari,</strong></span> <span class='ocrx_word' id='word_1_58' title='bbox 640 1432 791 1512; x_wconf 91' lang='lat' dir='ltr'><strong>quamvis</strong></span> <span class='ocrx_word' id='word_1_59' title='bbox 814 1451 880 1494; x_wconf 94' lang='lat' dir='ltr'><strong>non</strong></span> <span class='ocrx_word' id='word_1_60' title='bbox 907 1441 1063 1515; x_wconf 88' lang='lat' dir='ltr'><strong>operetur</strong></span> <span class='ocrx_word' id='word_1_61' title='bbox 1086 1440 1119 1493; x_wconf 92' lang='lat' dir='ltr'><strong>et</strong></span> <span class='ocrx_word' id='word_1_62' title='bbox 1140 1430 1350 1512; x_wconf 81' lang='lat' dir='ltr'><strong>impediatur,</strong></span> <span class='ocrx_word' id='word_1_63' title='bbox 1373 1422 1558 1506; x_wconf 73' lang='lat' dir='ltr'><strong>sicutlapis</strong></span> 
     </span>
     <span class='ocr_line' id='line_1_9' title="bbox 409 1528 1558 1617; baseline -0.005 -21"><span class='ocrx_word' id='word_1_64' title='bbox 409 1555 538 1597; x_wconf 92' lang='lat' dir='ltr'><strong>sursum</strong></span> <span class='ocrx_word' id='word_1_65' title='bbox 555 1536 718 1610; x_wconf 91' lang='lat' dir='ltr'><strong>detentus,</strong></span> <span class='ocrx_word' id='word_1_66' title='bbox 734 1545 792 1599; x_wconf 90' lang='lat' dir='ltr'><strong>aut</strong></span> <span class='ocrx_word' id='word_1_67' title='bbox 808 1533 920 1617; x_wconf 90' lang='lat' dir='ltr'><strong>pluvia</strong></span> <span class='ocrx_word' id='word_1_68' title='bbox 938 1554 996 1617; x_wconf 93' lang='lat' dir='ltr'><strong>per</strong></span> <span class='ocrx_word' id='word_1_69' title='bbox 1007 1534 1204 1598; x_wconf 89' lang='lat' dir='ltr'><strong>densitatem</strong></span> <span class='ocrx_word' id='word_1_70' title='bbox 1221 1533 1333 1595; x_wconf 90' lang='lat' dir='ltr'><strong>medii.</strong></span> <span class='ocrx_word' id='word_1_71' title='bbox 1379 1532 1463 1594; x_wconf 91' lang='lat' dir='ltr'><strong>Non</strong></span> <span class='ocrx_word' id='word_1_72' title='bbox 1479 1528 1558 1591; x_wconf 88' lang='lat' dir='ltr'><strong>enim</strong></span> 
     </span>
     <span class='ocr_line' id='line_1_10' title="bbox 337 1631 1558 1720; baseline -0.007 -20"><span class='ocrx_word' id='word_1_73' title='bbox 337 1650 340 1653; x_wconf 82' lang='grc'><strong>’</strong></span> <span class='ocrx_word' id='word_1_74' title='bbox 408 1638 527 1700; x_wconf 89' lang='lat' dir='ltr'><strong>dicitur</strong></span> <span class='ocrx_word' id='word_1_75' title='bbox 542 1658 593 1700; x_wconf 89' lang='lat' dir='ltr'><strong>res</strong></span> <span class='ocrx_word' id='word_1_76' title='bbox 608 1638 726 1717; x_wconf 89' lang='lat' dir='ltr'><strong>otiosa,</strong></span> <span class='ocrx_word' id='word_1_77' title='bbox 745 1638 808 1701; x_wconf 88' lang='lat' dir='ltr'><strong>nisi</strong></span> <span class='ocrx_word' id='word_1_78' title='bbox 822 1639 959 1719; x_wconf 89' lang='lat' dir='ltr'><strong>quando</strong></span> <span class='ocrx_word' id='word_1_79' title='bbox 975 1648 1054 1720; x_wconf 88' lang='lat' dir='ltr'><strong>apta</strong></span> <span class='ocrx_word' id='word_1_80' title='bbox 1070 1646 1149 1701; x_wconf 89' lang='lat' dir='ltr'><strong>nata</strong></span> <span class='ocrx_word' id='word_1_81' title='bbox 1165 1646 1216 1701; x_wconf 89' lang='lat' dir='ltr'><strong>est</strong></span> <span class='ocrx_word' id='word_1_82' title='bbox 1236 1636 1366 1717; x_wconf 90' lang='lat' dir='ltr'><strong>operari</strong></span> <span class='ocrx_word' id='word_1_83' title='bbox 1383 1645 1420 1697; x_wconf 90' lang='lat' dir='ltr'><strong>et</strong></span> <span class='ocrx_word' id='word_1_84' title='bbox 1441 1631 1558 1696; x_wconf 90' lang='lat' dir='ltr'><strong>nonsit</strong></span> 
     </span>
     <span class='ocr_line' id='line_1_11' title="bbox 409 1738 1560 1823; baseline -0.003 -21"><span class='ocrx_word' id='word_1_85' title='bbox 409 1742 567 1823; x_wconf 92' lang='lat' dir='ltr'><strong>impedita</strong></span> <span class='ocrx_word' id='word_1_86' title='bbox 583 1762 642 1823; x_wconf 90' lang='lat' dir='ltr'><strong>per</strong></span> <span class='ocrx_word' id='word_1_87' title='bbox 658 1741 757 1806; x_wconf 88' lang='lat' dir='ltr'><strong>aliud.</strong></span> <span class='ocrx_word' id='word_1_88' title='bbox 806 1742 900 1806; x_wconf 90' lang='lat' dir='ltr'><strong>Licet</strong></span> <span class='ocrx_word' id='word_1_89' title='bbox 914 1743 1001 1806; x_wconf 89' lang='lat' dir='ltr'><strong>enirn</strong></span> <span class='ocrx_word' id='word_1_90' title='bbox 1018 1743 1121 1806; x_wconf 84' lang='lat' dir='ltr'><strong>homo&#39;</strong></span> <span class='ocrx_word' id='word_1_91' title='bbox 1136 1761 1201 1805; x_wconf 91' lang='lat' dir='ltr'><strong>non</strong></span> <span class='ocrx_word' id='word_1_92' title='bbox 1217 1742 1339 1815; x_wconf 89' lang='lat' dir='ltr'><strong>videat,</strong></span> <span class='ocrx_word' id='word_1_93' title='bbox 1355 1760 1425 1803; x_wconf 91' lang='lat' dir='ltr'><strong>non</strong></span> <span class='ocrx_word' id='word_1_94' title='bbox 1447 1738 1560 1802; x_wconf 91' lang='lat' dir='ltr'><strong>dicitur</strong></span> 
     </span>
     <span class='ocr_line' id='line_1_12' title="bbox 409 1841 1560 1927; baseline -0.006 -19"><span class='ocrx_word' id='word_1_95' title='bbox 409 1848 537 1909; x_wconf 91' lang='lat' dir='ltr'><strong>otiosus</strong></span> <span class='ocrx_word' id='word_1_96' title='bbox 553 1847 584 1908; x_wconf 94' lang='lat' dir='ltr'><strong>in</strong></span> <span class='ocrx_word' id='word_1_97' title='bbox 598 1846 712 1909; x_wconf 89' lang='lat' dir='ltr'><strong>vitium</strong></span> <span class='ocrx_word' id='word_1_98' title='bbox 726 1857 871 1923; x_wconf 88' lang='lat' dir='ltr'><strong>naturae,</strong></span> <span class='ocrx_word' id='word_1_99' title='bbox 882 1847 934 1911; x_wconf 92' lang='lat' dir='ltr'><strong>vel</strong></span> <span class='ocrx_word' id='word_1_100' title='bbox 952 1848 1027 1913; x_wconf 89' lang='lat' dir='ltr'><strong>licet</strong></span> <span class='ocrx_word' id='word_1_101' title='bbox 1042 1869 1109 1911; x_wconf 92' lang='lat' dir='ltr'><strong>non</strong></span> <span class='ocrx_word' id='word_1_102' title='bbox 1125 1867 1255 1927; x_wconf 90' lang='lat' dir='ltr'><strong>semper</strong></span> <span class='ocrx_word' id='word_1_103' title='bbox 1267 1848 1300 1909; x_wconf 92' lang='lat' dir='ltr'><strong>in</strong></span> <span class='ocrx_word' id='word_1_104' title='bbox 1318 1856 1394 1909; x_wconf 90' lang='lat' dir='ltr'><strong>actu</strong></span> <span class='ocrx_word' id='word_1_105' title='bbox 1407 1841 1560 1924; x_wconf 91' lang='lat' dir='ltr'><strong>suscipiat</strong></span> 
     </span>
     <span class='ocr_line' id='line_1_13' title="bbox 410 1950 1560 2037; baseline -0.007 -23"><span class='ocrx_word' id='word_1_106' title='bbox 410 1950 623 2032; x_wconf 89' lang='lat' dir='ltr'><strong>disciplinam.</strong></span> <span class='ocrx_word' id='word_1_107' title='bbox 685 1952 753 2016; x_wconf 89' lang='lat' dir='ltr'><strong>Sed</strong></span> <span class='ocrx_word' id='word_1_108' title='bbox 782 1961 860 2015; x_wconf 90' lang='lat' dir='ltr'><strong>tunc</strong></span> <span class='ocrx_word' id='word_1_109' title='bbox 892 1963 942 2016; x_wconf 91' lang='lat' dir='ltr'><strong>est</strong></span> <span class='ocrx_word' id='word_1_110' title='bbox 973 1952 1097 2037; x_wconf 88' lang='lat' dir='ltr'><strong>aliquid</strong></span> <span class='ocrx_word' id='word_1_111' title='bbox 1126 1953 1279 2023; x_wconf 91' lang='lat' dir='ltr'><strong>otiosum,</strong></span> <span class='ocrx_word' id='word_1_112' title='bbox 1307 1950 1461 2034; x_wconf 89' lang='lat' dir='ltr'><strong>quando,</strong></span> <span class='ocrx_word' id='word_1_113' title='bbox 1492 1964 1560 2009; x_wconf 88' lang='lat' dir='ltr'><strong>curn</strong></span> 
     </span>
     <span class='ocr_line' id='line_1_14' title="bbox 409 2050 1561 2140; baseline -0.006 -22"><span class='ocrx_word' id='word_1_114' title='bbox 409 2064 564 2118; x_wconf 87' lang='lat' dir='ltr'><strong>teneatur</strong></span> <span class='ocrx_word' id='word_1_115' title='bbox 590 2066 624 2119; x_wconf 88' lang='lat' dir='ltr'><strong>et</strong></span> <span class='ocrx_word' id='word_1_116' title='bbox 654 2057 775 2120; x_wconf 91' lang='lat' dir='ltr'><strong>debeat</strong></span> <span class='ocrx_word' id='word_1_117' title='bbox 804 2057 942 2140; x_wconf 88' lang='lat' dir='ltr'><strong>operari,</strong></span> <span class='ocrx_word' id='word_1_118' title='bbox 968 2078 1034 2120; x_wconf 92' lang='lat' dir='ltr'><strong>non</strong></span> <span class='ocrx_word' id='word_1_119' title='bbox 1064 2065 1240 2139; x_wconf 86' lang='lat' dir='ltr'><strong>operatur;</strong></span> <span class='ocrx_word' id='word_1_120' title='bbox 1276 2056 1335 2119; x_wconf 90' lang='lat' dir='ltr'><strong>sed</strong></span> <span class='ocrx_word' id='word_1_121' title='bbox 1367 2074 1437 2118; x_wconf 91' lang='lat' dir='ltr'><strong>non</strong></span> <span class='ocrx_word' id='word_1_122' title='bbox 1468 2050 1561 2116; x_wconf 89' lang='lat' dir='ltr'><strong>debet</strong></span> 
     </span>
     <span class='ocr_line' id='line_1_15' title="bbox 410 2158 1561 2243; baseline -0.003 -22"><span class='ocrx_word' id='word_1_123' title='bbox 410 2160 539 2241; x_wconf 90' lang='lat' dir='ltr'><strong>operari</strong></span> <span class='ocrx_word' id='word_1_124' title='bbox 564 2180 638 2222; x_wconf 90' lang='lat' dir='ltr'><strong>cum</strong></span> <span class='ocrx_word' id='word_1_125' title='bbox 667 2160 861 2241; x_wconf 89' lang='lat' dir='ltr'><strong>prohibetur</strong></span> <span class='ocrx_word' id='word_1_126' title='bbox 884 2182 904 2224; x_wconf 94' lang='lat' dir='ltr'><strong>a</strong></span> <span class='ocrx_word' id='word_1_127' title='bbox 931 2182 991 2224; x_wconf 88' lang='lat' dir='ltr'><strong>sua</strong></span> <span class='ocrx_word' id='word_1_128' title='bbox 1018 2161 1219 2243; x_wconf 90' lang='lat' dir='ltr'><strong>operatione,</strong></span> <span class='ocrx_word' id='word_1_129' title='bbox 1244 2169 1282 2222; x_wconf 92' lang='lat' dir='ltr'><strong>ut</strong></span> <span class='ocrx_word' id='word_1_130' title='bbox 1309 2158 1396 2241; x_wconf 89' lang='lat' dir='ltr'><strong>lapis</strong></span> <span class='ocrx_word' id='word_1_131' title='bbox 1426 2178 1495 2221; x_wconf 94' lang='lat' dir='ltr'><strong>non</strong></span> <span class='ocrx_word' id='word_1_132' title='bbox 1517 2164 1561 2217; x_wconf 76' lang='lat' dir='ltr'><strong>est</strong></span> 
     </span>
     <span class='ocr_line' id='line_1_16' title="bbox 410 2260 1560 2347; baseline -0.004 -21"><span class='ocrx_word' id='word_1_133' title='bbox 410 2263 535 2327; x_wconf 92' lang='lat' dir='ltr'><strong>otiosus</strong></span> <span class='ocrx_word' id='word_1_134' title='bbox 558 2266 694 2347; x_wconf 92' lang='lat' dir='ltr'><strong>quando</strong></span> <span class='ocrx_word' id='word_1_135' title='bbox 718 2266 889 2347; x_wconf 85' lang='lat' dir='ltr'><strong>projicitur</strong></span> <span class='ocrx_word' id='word_1_136' title='bbox 911 2285 1042 2328; x_wconf 90' lang='lat' dir='ltr'><strong>sursum</strong></span> <span class='ocrx_word' id='word_1_137' title='bbox 1064 2264 1118 2329; x_wconf 89' lang='lat' dir='ltr'><strong>vel</strong></span> <span class='ocrx_word' id='word_1_138' title='bbox 1140 2264 1316 2340; x_wconf 88' lang='lat' dir='ltr'><strong>detinetur,</strong></span> <span class='ocrx_word' id='word_1_139' title='bbox 1344 2282 1413 2325; x_wconf 93' lang='lat' dir='ltr'><strong>non</strong></span> <span class='ocrx_word' id='word_1_140' title='bbox 1442 2260 1560 2325; x_wconf 88' lang='lat' dir='ltr'><strong>habens</strong></span> 
     </span>
     <span class='ocr_line' id='line_1_17' title="bbox 410 2364 1562 2451; baseline -0.003 -22"><span class='ocrx_word' id='word_1_141' title='bbox 410 2368 636 2448; x_wconf 92' lang='lat' dir='ltr'><strong>operationem</strong></span> <span class='ocrx_word' id='word_1_142' title='bbox 652 2389 755 2431; x_wconf 89' lang='lat' dir='ltr'><strong>suam.</strong></span> <span class='ocrx_word' id='word_1_143' title='bbox 788 2368 876 2451; x_wconf 83' lang='lat' dir='ltr'><strong>Quia</strong></span> <span class='ocrx_word' id='word_1_144' title='bbox 891 2370 980 2432; x_wconf 90' lang='lat' dir='ltr'><strong>enim</strong></span> <span class='ocrx_word' id='word_1_145' title='bbox 990 2369 1094 2433; x_wconf 90' lang='lat' dir='ltr'><strong>virtus</strong></span> <span class='ocrx_word' id='word_1_146' title='bbox 1109 2368 1267 2431; x_wconf 89' lang='lat' dir='ltr'><strong>naturalis</strong></span> <span class='ocrx_word' id='word_1_147' title='bbox 1277 2376 1329 2431; x_wconf 91' lang='lat' dir='ltr'><strong>est</strong></span> <span class='ocrx_word' id='word_1_148' title='bbox 1340 2367 1449 2429; x_wconf 86' lang='lat' dir='ltr'><strong>virtus</strong></span> <span class='ocrx_word' id='word_1_149' title='bbox 1462 2364 1562 2434; x_wconf 83' lang='lat' dir='ltr'><strong>finita,</strong></span> 
     </span>
    </p>

    <p class='ocr_par' dir='ltr' id='par_1_3' title="bbox 240 2472 1657 4642">
     <span class='ocr_line' id='line_1_18' title="bbox 412 2472 1345 2556; baseline 0.002 -23"><span class='ocrx_word' id='word_1_150' title='bbox 412 2472 488 2533; x_wconf 91' lang='lat' dir='ltr'><strong>ideo</strong></span> <span class='ocrx_word' id='word_1_151' title='bbox 505 2482 615 2555; x_wconf 90' lang='lat' dir='ltr'><strong>potest</strong></span> <span class='ocrx_word' id='word_1_152' title='bbox 630 2472 674 2535; x_wconf 90' lang='lat' dir='ltr'><strong>ab</strong></span> <span class='ocrx_word' id='word_1_153' title='bbox 689 2473 882 2555; x_wconf 90' lang='lat' dir='ltr'><strong>operatione</strong></span> <span class='ocrx_word' id='word_1_154' title='bbox 898 2472 1063 2556; x_wconf 89' lang='lat' dir='ltr'><strong>prohiberi</strong></span> <span class='ocrx_word' id='word_1_155' title='bbox 1079 2494 1137 2556; x_wconf 87' lang='lat' dir='ltr'><strong>per</strong></span> <span class='ocrx_word' id='word_1_156' title='bbox 1153 2472 1345 2553; x_wconf 85' lang='lat' dir='ltr'><strong>impediens.</strong></span> 
     </span>
     <span class='ocr_line' id='line_1_19' title="bbox 243 2574 1562 2658; baseline -0.008 -15"><span class='ocrx_word' id='word_1_157' title='bbox 243 2595 347 2644; x_wconf 75' lang='lat' dir='ltr'><strong>Eventu</strong></span> <span class='ocrx_word' id='word_1_158' title='bbox 456 2576 502 2638; x_wconf 89' lang='lat' dir='ltr'><strong>Et</strong></span> <span class='ocrx_word' id='word_1_159' title='bbox 526 2576 595 2657; x_wconf 91' lang='lat' dir='ltr'><strong>jam</strong></span> <span class='ocrx_word' id='word_1_160' title='bbox 625 2575 702 2638; x_wconf 91' lang='lat' dir='ltr'><strong>huic</strong></span> <span class='ocrx_word' id='word_1_161' title='bbox 729 2576 930 2641; x_wconf 89' lang='lat' dir='ltr'><strong>conclusioni</strong></span> <span class='ocrx_word' id='word_1_162' title='bbox 956 2598 1124 2641; x_wconf 88' lang='lat' dir='ltr'><strong>annexum</strong></span> <span class='ocrx_word' id='word_1_163' title='bbox 1151 2588 1210 2655; x_wconf 92' lang='lat' dir='ltr'><strong>est,</strong></span> <span class='ocrx_word' id='word_1_164' title='bbox 1240 2596 1283 2639; x_wconf 90' lang='lat' dir='ltr'><strong>an</strong></span> <span class='ocrx_word' id='word_1_165' title='bbox 1314 2574 1488 2658; x_wconf 90' lang='lat' dir='ltr'><strong>quaelibet</strong></span> <span class='ocrx_word' id='word_1_166' title='bbox 1517 2591 1562 2634; x_wconf 89' lang='lat' dir='ltr'><strong>res</strong></span> 
     </span>
     <span class='ocr_line' id='line_1_20' title="bbox 240 2661 1562 2775; baseline -0.003 -31"><span class='ocrx_word' id='word_1_167' title='bbox 240 2661 373 2775; x_wconf 55' lang='lat' dir='ltr'><strong>ffl‘ffle</strong></span> <span class='ocrx_word' id='word_1_168' title='bbox 413 2691 522 2762; x_wconf 87' lang='lat' dir='ltr'><strong>potest</strong></span> <span class='ocrx_word' id='word_1_169' title='bbox 544 2678 700 2764; x_wconf 87' lang='lat' dir='ltr'><strong>perficere</strong></span> <span class='ocrx_word' id='word_1_170' title='bbox 720 2682 863 2762; x_wconf 89' lang='lat' dir='ltr'><strong>speciem</strong></span> <span class='ocrx_word' id='word_1_171' title='bbox 886 2703 980 2745; x_wconf 92' lang='lat' dir='ltr'><strong>suam</strong></span> <span class='ocrx_word' id='word_1_172' title='bbox 1005 2703 1063 2764; x_wconf 92' lang='lat' dir='ltr'><strong>per</strong></span> <span class='ocrx_word' id='word_1_173' title='bbox 1084 2691 1192 2746; x_wconf 93' lang='lat' dir='ltr'><strong>totum</strong></span> <span class='ocrx_word' id='word_1_174' title='bbox 1216 2681 1363 2743; x_wconf 91' lang='lat' dir='ltr'><strong>medium</strong></span> <span class='ocrx_word' id='word_1_175' title='bbox 1386 2688 1562 2761; x_wconf 91' lang='lat' dir='ltr'><strong>quantum-</strong></span> 
     </span>
     <span class='ocr_line' id='line_1_21' title="bbox 240 2782 1564 2867; baseline -0.004 -20"><span class='ocrx_word' id='word_1_176' title='bbox 240 2809 284 2856; x_wconf 75' lang='lat' dir='ltr'><strong>ray</strong></span> <span class='ocrx_word' id='word_1_177' title='bbox 295 2792 357 2841; x_wconf 83' lang='lat' dir='ltr'><strong>does</strong></span> <span class='ocrx_word' id='word_1_178' title='bbox 411 2805 543 2866; x_wconf 91' lang='lat' dir='ltr'><strong>cunque</strong></span> <span class='ocrx_word' id='word_1_179' title='bbox 576 2782 714 2849; x_wconf 86' lang='lat' dir='ltr'><strong>linitum.</strong></span> <span class='ocrx_word' id='word_1_180' title='bbox 771 2786 816 2848; x_wconf 88' lang='lat' dir='ltr'><strong>Et</strong></span> <span class='ocrx_word' id='word_1_181' title='bbox 845 2788 1021 2850; x_wconf 90' lang='lat' dir='ltr'><strong>dicendum</strong></span> <span class='ocrx_word' id='word_1_182' title='bbox 1056 2786 1226 2867; x_wconf 91' lang='lat' dir='ltr'><strong>estquod</strong></span> <span class='ocrx_word' id='word_1_183' title='bbox 1257 2805 1336 2848; x_wconf 91' lang='lat' dir='ltr'><strong>non.</strong></span> <span class='ocrx_word' id='word_1_184' title='bbox 1395 2784 1489 2847; x_wconf 91' lang='lat' dir='ltr'><strong>Nam</strong></span> <span class='ocrx_word' id='word_1_185' title='bbox 1518 2800 1564 2843; x_wconf 87' lang='lat' dir='ltr'><strong>res</strong></span> 
     </span>
     <span class='ocr_line' id='line_1_22' title="bbox 242 2858 1563 2973; baseline -0.005 -20"><span class='ocrx_word' id='word_1_186' title='bbox 242 2858 398 2973; x_wconf 48' lang='lat' dir='ltr'><strong>ffisssse</strong></span> <span class='ocrx_word' id='word_1_187' title='bbox 412 2888 528 2953; x_wconf 90' lang='lat' dir='ltr'><strong>debilis</strong></span> <span class='ocrx_word' id='word_1_188' title='bbox 543 2890 674 2953; x_wconf 90' lang='lat' dir='ltr'><strong>virtutis</strong></span> <span class='ocrx_word' id='word_1_189' title='bbox 690 2888 770 2954; x_wconf 91' lang='lat' dir='ltr'><strong>sacit</strong></span> <span class='ocrx_word' id='word_1_190' title='bbox 787 2890 930 2973; x_wconf 84' lang='lat' dir='ltr'><strong>speciem</strong></span> <span class='ocrx_word' id='word_1_191' title='bbox 946 2890 1102 2967; x_wconf 89' lang='lat' dir='ltr'><strong>debilem,</strong></span> <span class='ocrx_word' id='word_1_192' title='bbox 1117 2890 1192 2971; x_wconf 91' lang='lat' dir='ltr'><strong>quia</strong></span> <span class='ocrx_word' id='word_1_193' title='bbox 1207 2890 1332 2952; x_wconf 89' lang='lat' dir='ltr'><strong>invenit</strong></span> <span class='ocrx_word' id='word_1_194' title='bbox 1348 2888 1563 2951; x_wconf 88' lang='lat' dir='ltr'><strong>resistentiam</strong></span> 
     </span>
     <span class='ocr_line' id='line_1_23' title="bbox 243 2988 1565 3077; baseline -0.003 -22"><span class='ocrx_word' id='word_1_195' title='bbox 243 2989 317 3039; x_wconf 76' lang='lat' dir='ltr'><strong>linit.</strong></span> <span class='ocrx_word' id='word_1_196' title='bbox 412 2994 444 3055; x_wconf 93' lang='lat' dir='ltr'><strong>in</strong></span> <span class='ocrx_word' id='word_1_197' title='bbox 462 2995 572 3057; x_wconf 93' lang='lat' dir='ltr'><strong>medio</strong></span> <span class='ocrx_word' id='word_1_198' title='bbox 586 2994 912 3077; x_wconf 85' lang='lat' dir='ltr'><strong>improportionalem</strong></span> <span class='ocrx_word' id='word_1_199' title='bbox 928 2994 1002 3058; x_wconf 91' lang='lat' dir='ltr'><strong>sibi.</strong></span> <span class='ocrx_word' id='word_1_200' title='bbox 1050 2994 1197 3057; x_wconf 88' lang='lat' dir='ltr'><strong>Medium</strong></span> <span class='ocrx_word' id='word_1_201' title='bbox 1219 2992 1306 3056; x_wconf 92' lang='lat' dir='ltr'><strong>enim</strong></span> <span class='ocrx_word' id='word_1_202' title='bbox 1330 2992 1432 3074; x_wconf 92' lang='lat' dir='ltr'><strong>hujus</strong></span> <span class='ocrx_word' id='word_1_203' title='bbox 1455 2988 1565 3054; x_wconf 91' lang='lat' dir='ltr'><strong>mundi</strong></span> 
     </span>
     <span class='ocr_line' id='line_1_24' title="bbox 412 3096 1565 3180; baseline -0.004 -19"><span class='ocrx_word' id='word_1_204' title='bbox 412 3120 431 3161; x_wconf 90' lang='lat' dir='ltr'><strong>e</strong></span> <span class='ocrx_word' id='word_1_205' title='bbox 458 3108 546 3161; x_wconf 88' lang='lat' dir='ltr'><strong>terra</strong></span> <span class='ocrx_word' id='word_1_206' title='bbox 575 3118 679 3180; x_wconf 89' lang='lat' dir='ltr'><strong>usque</strong></span> <span class='ocrx_word' id='word_1_207' title='bbox 710 3099 752 3161; x_wconf 93' lang='lat' dir='ltr'><strong>ad</strong></span> <span class='ocrx_word' id='word_1_208' title='bbox 779 3098 910 3162; x_wconf 90' lang='lat' dir='ltr'><strong>coelum</strong></span> <span class='ocrx_word' id='word_1_209' title='bbox 939 3097 1092 3162; x_wconf 90' lang='lat' dir='ltr'><strong>ultimum</strong></span> <span class='ocrx_word' id='word_1_210' title='bbox 1118 3118 1184 3161; x_wconf 94' lang='lat' dir='ltr'><strong>non</strong></span> <span class='ocrx_word' id='word_1_211' title='bbox 1208 3107 1338 3161; x_wconf 90' lang='lat' dir='ltr'><strong>tanturn</strong></span> <span class='ocrx_word' id='word_1_212' title='bbox 1371 3096 1565 3168; x_wconf 90' lang='lat' dir='ltr'><strong>subtiliatur,</strong></span> 
     </span>
     <span class='ocr_line' id='line_1_25' title="bbox 413 3201 1566 3285; baseline 0 -22"><span class='ocrx_word' id='word_1_213' title='bbox 413 3214 575 3283; x_wconf 92' lang='lat' dir='ltr'><strong>quantum</strong></span> <span class='ocrx_word' id='word_1_214' title='bbox 605 3202 759 3268; x_wconf 88' lang='lat' dir='ltr'><strong>continue</strong></span> <span class='ocrx_word' id='word_1_215' title='bbox 792 3204 985 3267; x_wconf 89' lang='lat' dir='ltr'><strong>debilitatur</strong></span> <span class='ocrx_word' id='word_1_216' title='bbox 1021 3205 1146 3285; x_wconf 90' lang='lat' dir='ltr'><strong>species</strong></span> <span class='ocrx_word' id='word_1_217' title='bbox 1184 3222 1242 3284; x_wconf 90' lang='lat' dir='ltr'><strong>per</strong></span> <span class='ocrx_word' id='word_1_218' title='bbox 1277 3201 1566 3285; x_wconf 79' lang='lat' dir='ltr'><strong>multiplicationes</strong></span> 
     </span>
     <span class='ocr_line' id='line_1_26' title="bbox 413 3302 1566 3389; baseline -0.003 -22"><span class='ocrx_word' id='word_1_219' title='bbox 413 3305 632 3369; x_wconf 89' lang='lat' dir='ltr'><strong>accidentales</strong></span> <span class='ocrx_word' id='word_1_220' title='bbox 656 3306 812 3371; x_wconf 87' lang='lat' dir='ltr'><strong>infinities</strong></span> <span class='ocrx_word' id='word_1_221' title='bbox 833 3306 985 3382; x_wconf 86' lang='lat' dir='ltr'><strong>infinitas,</strong></span> <span class='ocrx_word' id='word_1_222' title='bbox 1000 3306 1156 3389; x_wconf 88' lang='lat' dir='ltr'><strong>quoniam</strong></span> <span class='ocrx_word' id='word_1_223' title='bbox 1175 3306 1207 3369; x_wconf 95' lang='lat' dir='ltr'><strong>in</strong></span> <span class='ocrx_word' id='word_1_224' title='bbox 1225 3306 1315 3368; x_wconf 90' lang='lat' dir='ltr'><strong>omni</strong></span> <span class='ocrx_word' id='word_1_225' title='bbox 1339 3317 1468 3389; x_wconf 89' lang='lat' dir='ltr'><strong>puncto</strong></span> <span class='ocrx_word' id='word_1_226' title='bbox 1491 3302 1566 3367; x_wconf 91' lang='lat' dir='ltr'><strong>lucis</strong></span> 
     </span>
     <span class='ocr_line' id='line_1_27' title="bbox 415 3408 1566 3493; baseline -0.003 -22"><span class='ocrx_word' id='word_1_227' title='bbox 415 3408 498 3472; x_wconf 86' lang='lat' dir='ltr'><strong>fiunt</strong></span> <span class='ocrx_word' id='word_1_228' title='bbox 515 3410 802 3489; x_wconf 90' lang='lat' dir='ltr'><strong>multiplicationes</strong></span> <span class='ocrx_word' id='word_1_229' title='bbox 825 3411 1044 3475; x_wconf 89' lang='lat' dir='ltr'><strong>accidentales</strong></span> <span class='ocrx_word' id='word_1_230' title='bbox 1067 3410 1220 3474; x_wconf 89' lang='lat' dir='ltr'><strong>infinitae.</strong></span> <span class='ocrx_word' id='word_1_231' title='bbox 1268 3409 1348 3483; x_wconf 88' lang='lat' dir='ltr'><strong>Sed,</strong></span> <span class='ocrx_word' id='word_1_232' title='bbox 1365 3410 1392 3472; x_wconf 91' lang='lat' dir='ltr'><strong>si</strong></span> <span class='ocrx_word' id='word_1_233' title='bbox 1416 3408 1566 3493; x_wconf 90' lang='lat' dir='ltr'><strong>aptitudo</strong></span> 
     </span>
     <span class='ocr_line' id='line_1_28' title="bbox 415 3511 1566 3596; baseline -0.003 -22"><span class='ocrx_word' id='word_1_234' title='bbox 415 3513 513 3575; x_wconf 89' lang='lat' dir='ltr'><strong>medii</strong></span> <span class='ocrx_word' id='word_1_235' title='bbox 529 3533 588 3594; x_wconf 89' lang='lat' dir='ltr'><strong>per</strong></span> <span class='ocrx_word' id='word_1_236' title='bbox 603 3514 793 3577; x_wconf 89' lang='lat' dir='ltr'><strong>continuam</strong></span> <span class='ocrx_word' id='word_1_237' title='bbox 808 3515 1067 3578; x_wconf 89' lang='lat' dir='ltr'><strong>subtiliationem</strong></span> <span class='ocrx_word' id='word_1_238' title='bbox 1084 3514 1243 3596; x_wconf 87' lang='lat' dir='ltr'><strong>majorem</strong></span> <span class='ocrx_word' id='word_1_239' title='bbox 1255 3522 1289 3576; x_wconf 89' lang='lat' dir='ltr'><strong>et</strong></span> <span class='ocrx_word' id='word_1_240' title='bbox 1299 3511 1463 3594; x_wconf 88' lang='lat' dir='ltr'><strong>majorem</strong></span> <span class='ocrx_word' id='word_1_241' title='bbox 1480 3512 1566 3576; x_wconf 89' lang='lat' dir='ltr'><strong>fieret</strong></span> 
     </span>
     <span class='ocr_line' id='line_1_29' title="bbox 413 3615 1568 3702; baseline -0.002 -21"><span class='ocrx_word' id='word_1_242' title='bbox 413 3639 432 3681; x_wconf 95' lang='lat' dir='ltr'><strong>e</strong></span> <span class='ocrx_word' id='word_1_243' title='bbox 448 3628 536 3681; x_wconf 88' lang='lat' dir='ltr'><strong>terra</strong></span> <span class='ocrx_word' id='word_1_244' title='bbox 548 3618 581 3680; x_wconf 89' lang='lat' dir='ltr'><strong>in</strong></span> <span class='ocrx_word' id='word_1_245' title='bbox 593 3616 722 3681; x_wconf 92' lang='lat' dir='ltr'><strong>coelum</strong></span> <span class='ocrx_word' id='word_1_246' title='bbox 732 3620 915 3681; x_wconf 88' lang='lat' dir='ltr'><strong>secundum</strong></span> <span class='ocrx_word' id='word_1_247' title='bbox 927 3619 1174 3702; x_wconf 91' lang='lat' dir='ltr'><strong>proportionem</strong></span> <span class='ocrx_word' id='word_1_248' title='bbox 1186 3616 1426 3680; x_wconf 89' lang='lat' dir='ltr'><strong>debilitationis</strong></span> <span class='ocrx_word' id='word_1_249' title='bbox 1438 3615 1568 3701; x_wconf 87' lang='lat' dir='ltr'><strong>speciei,</strong></span> 
     </span>
     <span class='ocr_line' id='line_1_30' title="bbox 413 3721 1568 3805; baseline -0.003 -21"><span class='ocrx_word' id='word_1_250' title='bbox 413 3723 499 3786; x_wconf 88' lang='lat' dir='ltr'><strong>bene</strong></span> <span class='ocrx_word' id='word_1_251' title='bbox 523 3724 687 3787; x_wconf 87' lang='lat' dir='ltr'><strong>accideret</strong></span> <span class='ocrx_word' id='word_1_252' title='bbox 711 3725 801 3805; x_wconf 92' lang='lat' dir='ltr'><strong>quod</strong></span> <span class='ocrx_word' id='word_1_253' title='bbox 825 3722 991 3804; x_wconf 88' lang='lat' dir='ltr'><strong>quaelibet</strong></span> <span class='ocrx_word' id='word_1_254' title='bbox 1017 3743 1069 3785; x_wconf 89' lang='lat' dir='ltr'><strong>res</strong></span> <span class='ocrx_word' id='word_1_255' title='bbox 1093 3742 1186 3786; x_wconf 92' lang='lat' dir='ltr'><strong>suam</strong></span> <span class='ocrx_word' id='word_1_256' title='bbox 1212 3721 1358 3804; x_wconf 91' lang='lat' dir='ltr'><strong>speciem</strong></span> <span class='ocrx_word' id='word_1_257' title='bbox 1387 3724 1568 3805; x_wconf 88' lang='lat' dir='ltr'><strong>compleret</strong></span> 
     </span>
     <span class='ocr_line' id='line_1_31' title="bbox 414 3825 1568 3909; baseline -0.003 -19"><span class='ocrx_word' id='word_1_258' title='bbox 414 3828 564 3908; x_wconf 89' lang='lat' dir='ltr'><strong>usquein</strong></span> <span class='ocrx_word' id='word_1_259' title='bbox 587 3826 717 3890; x_wconf 87' lang='lat' dir='ltr'><strong>coelum</strong></span> <span class='ocrx_word' id='word_1_260' title='bbox 737 3826 916 3907; x_wconf 89' lang='lat' dir='ltr'><strong>sphaerice.</strong></span> <span class='ocrx_word' id='word_1_261' title='bbox 962 3825 1029 3890; x_wconf 88' lang='lat' dir='ltr'><strong>Sed</strong></span> <span class='ocrx_word' id='word_1_262' title='bbox 1049 3847 1136 3889; x_wconf 92' lang='lat' dir='ltr'><strong>nunc</strong></span> <span class='ocrx_word' id='word_1_263' title='bbox 1156 3846 1222 3889; x_wconf 92' lang='lat' dir='ltr'><strong>non</strong></span> <span class='ocrx_word' id='word_1_264' title='bbox 1243 3834 1292 3887; x_wconf 93' lang='lat' dir='ltr'><strong>est</strong></span> <span class='ocrx_word' id='word_1_265' title='bbox 1315 3826 1371 3889; x_wconf 92' lang='lat' dir='ltr'><strong>ita.</strong></span> <span class='ocrx_word' id='word_1_266' title='bbox 1418 3826 1524 3909; x_wconf 84' lang='lat' dir='ltr'><strong>Quod</strong></span> <span class='ocrx_word' id='word_1_267' title='bbox 1545 3825 1568 3888; x_wconf 91' lang='lat' dir='ltr'><strong>si</strong></span> 
     </span>
     <span class='ocr_line' id='line_1_32' title="bbox 413 3930 1569 4015; baseline 0 -21"><span class='ocrx_word' id='word_1_268' title='bbox 413 3932 591 4012; x_wconf 88' lang='lat' dir='ltr'><strong>objiciatur</strong></span> <span class='ocrx_word' id='word_1_269' title='bbox 610 3932 701 4013; x_wconf 93' lang='lat' dir='ltr'><strong>quod</strong></span> <span class='ocrx_word' id='word_1_270' title='bbox 721 3951 808 4012; x_wconf 92' lang='lat' dir='ltr'><strong>quae</strong></span> <span class='ocrx_word' id='word_1_271' title='bbox 828 3939 879 3993; x_wconf 93' lang='lat' dir='ltr'><strong>est</strong></span> <span class='ocrx_word' id='word_1_272' title='bbox 900 3930 1069 4014; x_wconf 86' lang='lat' dir='ltr'><strong>proportio</strong></span> <span class='ocrx_word' id='word_1_273' title='bbox 1091 3930 1220 4012; x_wconf 83' lang='lat' dir='ltr'><strong>agentis</strong></span> <span class='ocrx_word' id='word_1_274' title='bbox 1242 3930 1336 3993; x_wconf 88' lang='lat' dir='ltr'><strong>sortis</strong></span> <span class='ocrx_word' id='word_1_275' title='bbox 1358 3931 1402 3994; x_wconf 89' lang='lat' dir='ltr'><strong>ad</strong></span> <span class='ocrx_word' id='word_1_276' title='bbox 1427 3932 1569 4015; x_wconf 85' lang='lat' dir='ltr'><strong>speciem</strong></span> 
     </span>
     <span class='ocr_line' id='line_1_33' title="bbox 415 4034 1569 4119; baseline -0.002 -20"><span class='ocrx_word' id='word_1_277' title='bbox 415 4036 535 4099; x_wconf 84' lang='lat' dir='ltr'><strong>sortem</strong></span> <span class='ocrx_word' id='word_1_278' title='bbox 552 4038 584 4098; x_wconf 90' lang='lat' dir='ltr'><strong>in</strong></span> <span class='ocrx_word' id='word_1_279' title='bbox 602 4037 759 4101; x_wconf 91' lang='lat' dir='ltr'><strong>distantia</strong></span> <span class='ocrx_word' id='word_1_280' title='bbox 774 4038 863 4112; x_wconf 89' lang='lat' dir='ltr'><strong>data,</strong></span> <span class='ocrx_word' id='word_1_281' title='bbox 879 4036 997 4098; x_wconf 88' lang='lat' dir='ltr'><strong>eadem</strong></span> <span class='ocrx_word' id='word_1_282' title='bbox 1013 4044 1063 4098; x_wconf 91' lang='lat' dir='ltr'><strong>est</strong></span> <span class='ocrx_word' id='word_1_283' title='bbox 1078 4034 1205 4117; x_wconf 86' lang='lat' dir='ltr'><strong>agentis</strong></span> <span class='ocrx_word' id='word_1_284' title='bbox 1220 4034 1341 4097; x_wconf 91' lang='lat' dir='ltr'><strong>debilis</strong></span> <span class='ocrx_word' id='word_1_285' title='bbox 1357 4037 1401 4098; x_wconf 92' lang='lat' dir='ltr'><strong>ad</strong></span> <span class='ocrx_word' id='word_1_286' title='bbox 1425 4036 1569 4119; x_wconf 86' lang='lat' dir='ltr'><strong>speciem</strong></span> 
     </span>
     <span class='ocr_line' id='line_1_34' title="bbox 414 4138 1569 4219; baseline -0.003 -16"><span class='ocrx_word' id='word_1_287' title='bbox 414 4140 559 4204; x_wconf 87' lang='lat' dir='ltr'><strong>debilem</strong></span> <span class='ocrx_word' id='word_1_288' title='bbox 575 4141 608 4202; x_wconf 92' lang='lat' dir='ltr'><strong>in</strong></span> <span class='ocrx_word' id='word_1_289' title='bbox 624 4141 741 4203; x_wconf 89' lang='lat' dir='ltr'><strong>eadem</strong></span> <span class='ocrx_word' id='word_1_290' title='bbox 764 4138 943 4217; x_wconf 87' lang='lat' dir='ltr'><strong>distantia;</strong></span> <span class='ocrx_word' id='word_1_291' title='bbox 965 4138 1143 4202; x_wconf 89' lang='lat' dir='ltr'><strong>dicendum</strong></span> <span class='ocrx_word' id='word_1_292' title='bbox 1166 4148 1217 4202; x_wconf 91' lang='lat' dir='ltr'><strong>est</strong></span> <span class='ocrx_word' id='word_1_293' title='bbox 1236 4138 1373 4219; x_wconf 90' lang='lat' dir='ltr'><strong>quodsi</strong></span> <span class='ocrx_word' id='word_1_294' title='bbox 1393 4139 1468 4204; x_wconf 89' lang='lat' dir='ltr'><strong>sola</strong></span> <span class='ocrx_word' id='word_1_295' title='bbox 1487 4139 1569 4203; x_wconf 89' lang='lat' dir='ltr'><strong>ratio</strong></span> 
     </span>
     <span class='ocr_line' id='line_1_35' title="bbox 415 4241 1569 4326; baseline -0.003 -18"><span class='ocrx_word' id='word_1_296' title='bbox 415 4246 590 4309; x_wconf 87' lang='lat' dir='ltr'><strong>distantiae</strong></span> <span class='ocrx_word' id='word_1_297' title='bbox 601 4245 870 4318; x_wconf 84' lang='lat' dir='ltr'><strong>consideraretur,</strong></span> <span class='ocrx_word' id='word_1_298' title='bbox 881 4262 996 4306; x_wconf 92' lang='lat' dir='ltr'><strong>verum</strong></span> <span class='ocrx_word' id='word_1_299' title='bbox 1010 4252 1096 4305; x_wconf 90' lang='lat' dir='ltr'><strong>esset</strong></span> <span class='ocrx_word' id='word_1_300' title='bbox 1109 4267 1116 4319; x_wconf 93' lang='lat'>;</span> <span class='ocrx_word' id='word_1_301' title='bbox 1137 4244 1194 4306; x_wconf 87' lang='lat' dir='ltr'><strong>sed</strong></span> <span class='ocrx_word' id='word_1_302' title='bbox 1207 4241 1295 4305; x_wconf 91' lang='lat' dir='ltr'><strong>aliud</strong></span> <span class='ocrx_word' id='word_1_303' title='bbox 1310 4250 1362 4305; x_wconf 90' lang='lat' dir='ltr'><strong>est</strong></span> <span class='ocrx_word' id='word_1_304' title='bbox 1374 4242 1569 4326; x_wconf 90' lang='lat' dir='ltr'><strong>impediens,</strong></span> 
     </span>
     <span class='ocr_line' id='line_1_36' title="bbox 415 4346 1570 4430; baseline -0.002 -18"><span class='ocrx_word' id='word_1_305' title='bbox 415 4350 536 4414; x_wconf 89' lang='lat' dir='ltr'><strong>scilicet</strong></span> <span class='ocrx_word' id='word_1_306' title='bbox 553 4349 737 4413; x_wconf 87' lang='lat' dir='ltr'><strong>resistentia</strong></span> <span class='ocrx_word' id='word_1_307' title='bbox 753 4348 861 4421; x_wconf 88' lang='lat' dir='ltr'><strong>medii,</strong></span> <span class='ocrx_word' id='word_1_308' title='bbox 877 4368 964 4429; x_wconf 90' lang='lat' dir='ltr'><strong>quae</strong></span> <span class='ocrx_word' id='word_1_309' title='bbox 980 4347 1120 4430; x_wconf 89' lang='lat' dir='ltr'><strong>impedit</strong></span> <span class='ocrx_word' id='word_1_310' title='bbox 1142 4346 1285 4428; x_wconf 91' lang='lat' dir='ltr'><strong>speciem</strong></span> <span class='ocrx_word' id='word_1_311' title='bbox 1304 4346 1452 4411; x_wconf 89' lang='lat' dir='ltr'><strong>debilem</strong></span> <span class='ocrx_word' id='word_1_312' title='bbox 1476 4350 1570 4413; x_wconf 88' lang='lat' dir='ltr'><strong>citius</strong></span> 
     </span>
     <span class='ocr_line' id='line_1_37' title="bbox 414 4454 1656 4541; baseline -0.003 -23"><span class='ocrx_word' id='word_1_313' title='bbox 414 4476 516 4538; x_wconf 90' lang='lat' dir='ltr'><strong>quam</strong></span> <span class='ocrx_word' id='word_1_314' title='bbox 533 4454 660 4519; x_wconf 82' lang='lat' dir='ltr'><strong>sortem.</strong></span> <span class='ocrx_word' id='word_1_315' title='bbox 1655 4534 1656 4541; x_wconf 8' lang='grc' dir='ltr'>ἵ</span> 
     </span>
     <span class='ocr_line' id='line_1_38' title="bbox 460 4552 1657 4642; baseline -0.003 -19"><span class='ocrx_word' id='word_1_316' title='bbox 460 4560 589 4623; x_wconf 91' lang='lat' dir='ltr'><strong>Deinde</strong></span> <span class='ocrx_word' id='word_1_317' title='bbox 611 4560 638 4623; x_wconf 94' lang='lat' dir='ltr'><strong>si</strong></span> <span class='ocrx_word' id='word_1_318' title='bbox 659 4558 804 4642; x_wconf 91' lang='lat' dir='ltr'><strong>spatium</strong></span> <span class='ocrx_word' id='word_1_319' title='bbox 829 4568 917 4621; x_wconf 86' lang='lat' dir='ltr'><strong>esset</strong></span> <span class='ocrx_word' id='word_1_320' title='bbox 939 4577 1080 4621; x_wconf 91' lang='lat' dir='ltr'><strong>vacuum</strong></span> <span class='ocrx_word' id='word_1_321' title='bbox 1108 4556 1189 4620; x_wconf 88' lang='lat' dir='ltr'><strong>insra</strong></span> <span class='ocrx_word' id='word_1_322' title='bbox 1214 4555 1354 4632; x_wconf 91' lang='lat' dir='ltr'><strong>coelum,</strong></span> <span class='ocrx_word' id='word_1_323' title='bbox 1380 4576 1450 4621; x_wconf 92' lang='lat' dir='ltr'><strong>non</strong></span> <span class='ocrx_word' id='word_1_324' title='bbox 1479 4556 1571 4621; x_wconf 89' lang='lat' dir='ltr'><strong>fieret</strong></span> <span class='ocrx_word' id='word_1_325' title='bbox 1655 4552 1657 4567; x_wconf 71' lang='lat'><strong>⁴</strong></span> 
     </span>
    </p>
   </div>
   <div class='ocr_carea' id='block_1_3' title="bbox 417 4660 1570 4747">
    <p class='ocr_par' dir='ltr' id='par_1_4' title="bbox 417 4660 1570 4747">
     <span class='ocr_line' id='line_1_39' title="bbox 417 4660 1570 4747; baseline -0.003 -20"><span class='ocrx_word' id='word_1_326' title='bbox 417 4664 645 4747; x_wconf 86' lang='lat' dir='ltr'><strong>multiplicatio</strong></span> <span class='ocrx_word' id='word_1_327' title='bbox 659 4664 778 4745; x_wconf 87' lang='lat' dir='ltr'><strong>speciei</strong></span> <span class='ocrx_word' id='word_1_328' title='bbox 794 4663 826 4725; x_wconf 92' lang='lat' dir='ltr'><strong>in</strong></span> <span class='ocrx_word' id='word_1_329' title='bbox 843 4682 894 4726; x_wconf 89' lang='lat' dir='ltr'><strong>eo.</strong></span> <span class='ocrx_word' id='word_1_330' title='bbox 942 4662 987 4725; x_wconf 87' lang='lat' dir='ltr'><strong>Et</strong></span> <span class='ocrx_word' id='word_1_331' title='bbox 1003 4680 1086 4725; x_wconf 91' lang='lat' dir='ltr'><strong>voco</strong></span> <span class='ocrx_word' id='word_1_332' title='bbox 1100 4680 1242 4725; x_wconf 90' lang='lat' dir='ltr'><strong>vacuum</strong></span> <span class='ocrx_word' id='word_1_333' title='bbox 1263 4662 1355 4743; x_wconf 92' lang='lat' dir='ltr'><strong>quod</strong></span> <span class='ocrx_word' id='word_1_334' title='bbox 1377 4660 1570 4747; x_wconf 89' lang='lat' dir='ltr'><strong>philosophi</strong></span> 
     </span>
    </p>
   </div>
   <div class='ocr_carea' id='block_1_4' title="bbox 0 0 1795 5359">
    <p class='ocr_par' dir='ltr' id='par_1_5' title="bbox 0 0 1795 5359">
     <span class='ocr_line' id='line_1_40' title="bbox 0 0 1795 5359; baseline 0 0"><span class='ocrx_word' id='word_1_335' title='bbox 0 0 1795 5359; x_wconf 95' lang='lat' dir='ltr'><strong> </strong></span> 
     </span>
    </p>
   </div>
  </div>
 </body>
</html>
