3542 5359
379 593 441 670 464
646 595 982 655 MULTIPLICATIO
1007 596 1262 656 SPECIERUM.

379 776 515 818 nervum
527 756 657 840 linguae
668 759 899 823 continuatum
912 759 1059 824 flexuose
1073 761 1228 842 usquead
1243 781 1347 844 prope
1356 781 1431 838 cor,
1455 763 1535 844 quia

380 881 505 943 organa
528 862 685 926 radicalia
713 866 849 927 istarum
876 865 1015 928 duarum
1040 867 1201 929 virtutum
1229 875 1308 929 sunt
1339 887 1442 948 prope
1468 886 1535 940 cor,

381 974 418 1027 ut
443 964 641 1031 Aristoteles
663 969 744 1032 dicit
771 968 855 1032 libro
882 969 925 1033 de
947 967 1171 1033 Animalibus.
1218 968 1380 1033 Similiter
1405 972 1535 1052 species

381 1069 532 1132 omnium
558 1070 763 1136 sensibilium
789 1073 915 1138 vadunt
941 1075 984 1136 ad
1008 1094 1071 1150 cor,
1094 1077 1173 1156 quia
1197 1074 1240 1137 ibi
1268 1083 1318 1137 est
1345 1075 1534 1139 radicaliter

380 1175 482 1237 virtus
511 1177 676 1250 sensitiva,
699 1179 783 1241 sicut
808 1177 1008 1241 Aristoteles
1038 1191 1071 1243 et
1094 1179 1270 1242 Avicenna
1297 1179 1533 1243 determinant.

381 1277 449 1342 Sed
470 1281 560 1342 nervi
581 1281 664 1344 sica
683 1282 833 1344 sensibus
853 1284 1018 1364 usquead
1041 1303 1099 1347 cor
1119 1283 1249 1347 extensi
1270 1282 1393 1346 habent
1410 1283 1533 1346 multas

379 1382 617 1462 flexuositates,
640 1395 674 1448 et
702 1387 779 1451 ideo
805 1389 933 1469 species
960 1388 1084 1451 incedit
1112 1408 1170 1470 per
1193 1387 1313 1456 lineam
1337 1397 1533 1451 tortuosam.

382 1487 427 1551 Et
443 1487 506 1550 hoc
522 1487 674 1553 Alhazen
690 1491 891 1554 determinat
908 1493 940 1555 in
958 1491 1106 1574 pluribus
1121 1491 1202 1555 locis
1218 1492 1250 1556 in
1266 1491 1351 1554 libro
1367 1513 1437 1555 suo.

212 1621 237 1670 5·
253 1605 328 1655 Aeci·
425 1591 552 1673 Quinta
577 1615 656 1657 vero
681 1592 778 1669 linea,
803 1616 904 1678 super
933 1617 1032 1679 quam
1058 1598 1151 1660 vadit
1183 1598 1320 1678 species,
1347 1596 1457 1660 diflert
1487 1596 1532 1660 ab

211 1671 367 1802 ἓῇᾝζξ
379 1697 532 1759 omnibus
554 1699 729 1779 praedictis
749 1701 827 1782 quia
847 1698 973 1765 scilicet
992 1721 1058 1763 non
1080 1701 1172 1764 venit
1191 1700 1235 1763 ab
1257 1709 1387 1783 agente,
1404 1701 1464 1764 sed
1488 1699 1533 1762 ab

211 1803 327 1879 notnom
336 1819 367 1851 an
379 1801 490 1883 aliqua
519 1803 762 1884 praedictarum
793 1803 954 1868 linearum
984 1814 1134 1886 quatuor,
1166 1815 1200 1868 et
1231 1804 1306 1868 ideo
1341 1826 1407 1868 non
1441 1787 1548 1867 venit⁴

210 1869 348 1983 mun
379 1927 401 1969 a
426 1926 460 1967 re
486 1904 625 1970 faciente
651 1908 808 1990 speciem,
834 1909 893 1972 sed
920 1930 940 1972 a
966 1910 1082 1992 specie
1128 1908 1253 1973 Verum
1280 1909 1407 1992 species
1433 1929 1533 1990 super

209 2001 321 2115 grimm
380 2029 454 2074 eam
475 2011 651 2076 decurrens
671 2023 722 2076 est
739 2014 868 2094 species
887 2014 1016 2097 speciei,
1031 2015 1116 2077 sicut
1138 2013 1198 2077 lux
1219 2013 1251 2076 in
1272 2012 1396 2095 angulo
1411 2015 1532 2077 domus

237 2083 262 2130 y.
379 2117 471 2178 venit
490 2137 518 2179 a·
531 2117 623 2180 radio
643 2117 742 2182 solari
763 2119 903 2182 cadente
924 2139 982 2200 per
1000 2118 1187 2182 fenestram.
1232 2119 1320 2181 Nam
1342 2119 1452 2182 radius
1476 2116 1532 2180 ille

377 2220 469 2283 venit
498 2242 519 2283 a
544 2220 613 2284 sole
639 2241 739 2304 super
765 2221 886 2285 lineam
915 2233 1038 2286 rectam
1066 2220 1204 2286 tractam
1231 2223 1283 2286 vel
1306 2221 1473 2299 reflexam,
1496 2231 1532 2285 et

378 2325 454 2388 ideo
473 2334 523 2388 est
544 2326 774 2408 multiplicatio
795 2326 992 2409 principalis.
1039 2325 1107 2390 Sed
1130 2327 1192 2390 ista
1209 2326 1277 2402 lux,
1293 2347 1379 2409 quae
1398 2349 1419 2389 a
1438 2327 1532 2390 radio

378 2429 467 2491 venit
488 2431 531 2493 ad
547 2440 657 2512 partes
673 2428 755 2494 alias
774 2432 904 2508 domus,
922 2441 973 2495 est
992 2429 1223 2512 multiplicatio
1243 2429 1471 2508 accidentalis;
1496 2439 1532 2494 et

379 2534 468 2615 quod
485 2534 621 2597 omnino
636 2533 701 2597 alia
715 2535 758 2598 sit
771 2534 1002 2618 multiplicatio
1014 2535 1096 2598 haec
1110 2557 1130 2599 a
1146 2535 1330 2617 praedictis,
1341 2556 1407 2599 nou
1423 2534 1532 2598 solum

380 2647 474 2720 patet
496 2658 555 2722 per
577 2639 754 2721 praedicta,
777 2639 834 2702 sed
860 2660 920 2721 per
941 2639 1006 2702 hoc
1027 2639 1118 2720 quod
1141 2639 1255 2702 oculus
1277 2659 1337 2721 per
1363 2660 1437 2702 eam
1464 2660 1533 2702 non

378 2743 505 2806 videbit
524 2763 625 2825 agens
641 2744 827 2825 principale,
842 2745 902 2807 sed
923 2743 994 2825 ejus
1009 2744 1153 2826 speciem
1170 2743 1385 2828 principalem
1406 2755 1530 2806 rectam

378 2846 431 2909 vel
455 2847 592 2911 fractam
615 2847 667 2912 vel
690 2847 859 2922 reflexam,
883 2849 1041 2930 quoniam
1065 2847 1181 2910 oculus
1204 2848 1237 2909 in
1264 2847 1387 2929 angulo
1410 2849 1531 2911 domus

379 2971 447 3014 non
467 2952 559 3016 videt
578 2952 692 3027 solem,
708 2953 768 3016 sed
788 2952 917 3016 radium
938 2953 1111 3016 cadentem
1127 2972 1186 3034 per
1206 2950 1355 3015 loramen
1375 2951 1424 3014 vel
1440 2951 1530 3014 lene-

377 3064 481 3118 stram
507 3055 559 3118 vel
586 3056 684 3119 aliam
715 3066 915 3138 aperturam.
962 3055 1063 3138 Quod
1094 3057 1120 3118 si
1140 3065 1294 3138 'ponatur
1323 3057 1366 3118 ad
1401 3055 1531 3119 radium

378 3154 726 3238 principalemvidebit
735 3155 840 3219 solem
852 3176 860 3232 ;
876 3165 910 3219 et
922 3155 1046 3218 Plinius
1059 3154 1138 3217 dicit
1150 3155 1296 3218 secundo
1309 3154 1531 3228 Naturalium,

378 3269 413 3322 et
430 3260 532 3322 scitur
551 3280 610 3342 per
628 3259 878 3342 experientiam,
894 3262 985 3342 quod
1006 3257 1122 3322 oculus
1141 3259 1287 3322 existens
1308 3261 1341 3322 in
1363 3259 1531 3342 profundo

379 3363 471 3445 putei
493 3364 585 3427 videt
607 3364 720 3427 stellas
747 3363 834 3428 fixas
860 3363 903 3426 de
930 3365 991 3441 die,
1014 3365 1093 3445 quia
1119 3363 1203 3427 radii
1229 3361 1308 3426 solis
1331 3362 1531 3445 principales

378 3487 445 3528 non
466 3468 590 3530 cadunt
605 3467 639 3530 in
661 3477 810 3550 puteum,
825 3469 883 3533 sed
905 3468 1125 3533 accidentales
1145 3478 1295 3545 tantum;
1318 3476 1352 3530 et
1373 3467 1447 3530 ideo
1463 3487 1531 3530 non

378 3571 558 3652 impeditur
583 3571 698 3635 oculus
728 3575 760 3636 in
787 3573 993 3637 contuitione
1019 3570 1188 3635 stellarum
1216 3592 1275 3655 per
1303 3571 1411 3634 radios
1438 3571 1530 3652 prin·

377 3675 500 3758 cipales
522 3695 634 3739 earum
654 3678 811 3741 cadentes
829 3678 862 3740 in
883 3687 1041 3761 puteum;
1064 3677 1122 3739 sed
1143 3677 1289 3740 existens
1308 3675 1340 3738 in
1357 3674 1532 3758 superficie

378 3781 468 3862 putei
491 3781 606 3862 recipit
630 3780 903 3864 impedimentum
928 3801 986 3862 per
1009 3781 1117 3843 radios
1140 3779 1336 3863 principales
1361 3779 1450 3856 solis,
1472 3781 1530 3861 qui

376 3895 454 3948 sunt
474 3884 626 3948 fortiores
646 3883 744 3969 longe
758 3905 860 3967 quam
877 3885 959 3949 radii
982 3883 1178 3967 principales
1198 3883 1378 3961 stellarum,
1394 3892 1531 3964 propter

375 3989 466 4069 quod
488 3989 695 4053 occultantur
714 4010 735 4052 a
755 3989 835 4066 visu,
855 3989 933 4071 quia
955 3988 1060 4070 major
1079 3988 1140 4050 lux
1161 3988 1337 4051 abscondit
1355 3987 1531 4050 minorem.

377 4092 474 4175 Quae
496 4093 597 4156 etiam
624 4091 859 4176 multiplicatio
885 4092 1099 4156 accidentalis
1126 4092 1309 4175 specierum
1335 4090 1531 4155 coelestium

376 4247 450 4297 walls
467 4246 497 4296 ol
511 4247 556 4295 the
572 4246 649 4295 skull.
682 4245 757 4308 They
774 4263 854 4307 were,
873 4247 1005 4304 however,
1024 4253 1070 4294 not
1091 4247 1150 4295 thus
1167 4246 1227 4294 shut
1246 4245 1284 4293 ol'l
1298 4245 1363 4293 from
1380 4245 1426 4292 the
1444 4245 1531 4304 beart,

375 4326 464 4375 which
480 4341 544 4386 was,
560 4341 703 4386 moreover,
717 4327 792 4375 made
810 4326 840 4375 ol
854 4327 898 4374 the
914 4341 985 4374 same
1002 4326 1138 4373 substance
1155 4341 1184 4374 as
1202 4324 1366 4381 themselves,
1384 4325 1435 4370 and
1453 4325 1532 4372 could

377 4406 508 4454 therefore
520 4406 617 4466 readily
629 4405 743 4466 respond
756 4413 783 4452 to
792 4405 860 4453 their
871 4404 978 4454 motion.
1013 4403 1061 4463 As,
1074 4404 1145 4468 then,
1160 4403 1194 4452 all
1207 4403 1257 4451 five
1268 4417 1359 4452 senses
1371 4402 1438 4450 alilre
1454 4403 1533 4452 could

376 4484 563 4533 communicate
579 4484 648 4531 their
663 4484 775 4531 motions
789 4490 816 4531 to
834 4485 879 4532 the
897 4484 979 4542 heart,
990 4483 1069 4531 while
1086 4483 1149 4544 only
1161 4483 1235 4530 three
1254 4481 1329 4530 could
1341 4481 1533 4530 communicate

375 4564 446 4611 them
458 4570 485 4610 to
497 4564 542 4611 the
554 4562 636 4620 hrain,
648 4562 692 4609 the
705 4562 779 4609 beart
790 4563 841 4610 and
853 4569 899 4610 not
911 4562 955 4609 the
967 4561 1038 4609 hrain
1049 4568 1117 4610 must
1129 4563 1161 4609 be
1173 4561 1216 4610 the
1228 4559 1367 4608 censorium
1378 4561 1533 4610 commune!

377 4641 401 4690 lt
409 4642 463 4689 will
472 4641 504 4689 be
515 4641 627 4702 noticed,
640 4642 772 4700 however,
785 4641 839 4689 that
851 4640 941 4688 Bacon
955 4655 1009 4688 was
1021 4646 1066 4688 not
1079 4640 1199 4702 ignorant
1211 4639 1240 4688 ol
1248 4653 1350 4687 nerves.
