3542 5359
181 941 220 989 De
232 939 317 988 Provi-

179 1006 271 1066 dentis,

177 1087 233 1136 cap.
245 1085 270 1132 3.

348 571 409 633 300
561 557 717 616 OPERIS
740 557 930 628 MAJORIS
954 557 1069 616 PARS
1093 557 1292 618 SEPTIMA.

349 716 496 802 pugnat’
513 767 520 782 .
536 771 543 784 .
560 766 569 782 .
585 719 694 784 ‘Ecce
711 714 801 806 [par]
823 719 888 783 deo
909 719 1046 801 dignum
1064 713 1330 807 [spectaculum]‚
1347 719 1396 781 vir
1410 717 1505 782 fortis

348 843 425 886 cum
442 823 574 887 fortuna
590 822 678 887 mala
693 820 915 906 compositus!

392 927 503 989 ‘Nihil
528 928 607 990 mihi
628 928 760 992 videtur
785 925 946 991 infelicius
973 947 1014 990 eo
1040 927 1091 991 cui
1116 927 1196 991 nihil
1223 947 1370 1010 unquam
1393 926 1505 990 evenit

348 1032 479 1095 adversi
487 1029 509 1094 ¹.
543 1032 620 1095 Non
634 1031 726 1096 licuit
737 1031 827 1096 enirn
840 1030 886 1094 illi
899 1051 936 1094 se
951 1031 1123 1114 experiri..
1136 1079 1144 1094 .
1157 1030 1337 1114 ‚Indignus
1349 1031 1439 1094 visus
1453 1041 1504 1094 est

348 1157 451 1219 aquo
465 1135 646 1219 aliquando
661 1138 844 1201 vinceretur
860 1136 1012 1213 fortuna;
1035 1137 1144 1219 quasit
1160 1136 1259 1211 dicat,
1271 1139 1287 1168 ‘⁴
1295 1135 1403 1200 Istum
1423 1135 1503 1198 mihi

348 1241 572 1306 adversarium
584 1247 779 1306 assumam?
802 1241 916 1305 statim
929 1261 1022 1305 arma
1038 1241 1223 1306 submittet.
1261 1240 1340 1305 Non
1357 1259 1441 1324 opus
1454 1249 1504 1304 est

348 1345 382 1409 in
405 1345 500 1408 illum
522 1355 597 1410 tota
619 1347 770 1429 potentia
792 1366 867 1410 mea
966 1365 1033 1409 non
1056 1354 1167 1429 potest
1189 1345 1352 1409 sustinere
1374 1343 1504 1408 vultum

349 1469 460 1513 meum
478 1497 485 1512 .
503 1450 658 1532 ..pudet
676 1450 832 1533 congredi
852 1469 930 1512 curn
948 1448 1085 1512 homine
1104 1449 1191 1513 vinci
1211 1447 1356 1531 parato.''
1403 1446 1505 1532 Igno-

349 1554 483 1617 miniam
502 1552 631 1636 judicat
648 1554 816 1636 gladiator
836 1573 912 1618 cum
935 1550 1088 1617 inferiore
1106 1552 1271 1634 componi,
1285 1561 1320 1614 et
1340 1553 1402 1616 scit
1426 1571 1504 1615 eum

347 1658 418 1722 sine
433 1658 537 1741 gloria
548 1658 646 1737 vinci,
658 1658 715 1740 qui
731 1659 801 1722 siue
814 1656 960 1742 periculo
976 1657 1126 1722 vincitur.
1158 1655 1252 1720 Idem
1265 1655 1343 1720 facit
1355 1653 1504 1719 fortuna:

346 1761 542 1826 fortissimos
557 1763 620 1826 sibi
638 1782 734 1847 pares
748 1762 888 1845 quaerit,
904 1762 1067 1844 quosdam
1088 1760 1221 1824 fastidio
1240 1760 1371 1836 transit,
1385 1770 1503 1824 contu-

347 1866 570 1929 macissimam
600 1887 768 1950 quemque
797 1877 831 1931 et
862 1865 1084 1929 rectissimum
1114 1864 1316 1946 aggreditur,
1345 1864 1504 1926 adversus

345 1991 444 2054 quem
460 1970 529 2033 vim
550 1991 644 2034 suam
665 1971 872 2035 intendat...
889 2016 897 2032 .
916 1967 1100 2052 Magnum²
1115 1967 1309 2049 exemplum
1331 1967 1394 2030 nisi
1416 1966 1505 2031 mala

346 2074 479 2139 fortuna
510 2095 578 2139 non
608 2075 830 2140 invenit...
855 2072 992 2156 Quanto
1018 2073 1093 2157 plus
1120 2071 1277 2136 tormenti
1304 2081 1402 2137 tanto
1428 2071 1504 2155 plus

346 2180 397 2242 est
419 2177 562 2262 gloriae:
586 2199 849 2262 ...prosperae
873 2198 925 2242 res
947 2178 980 2240 in
1004 2177 1136 2259 plebem
1158 2187 1192 2240 et
1216 2177 1248 2239 in
1270 2175 1349 2240 vilia
1374 2175 1505 2260 ingenia

346 2283 535 2346 deveniunt.

390 2385 455 2449 ‘At
473 2385 679 2451 calamitates
699 2397 907 2469 terroresque
927 2385 1114 2450 mortalium
1139 2383 1201 2449 sub
1221 2383 1340 2466 jugum
1363 2385 1503 2458 mittere,

346 2491 517 2574 proprium
540 2491 600 2553 viri
623 2491 735 2573 magni
760 2500 819 2555 est
865 2489 1007 2572 Semper
1028 2509 1108 2552 vero
1130 2509 1201 2552 esse
1224 2488 1353 2552 felicem
1375 2498 1410 2552 et
1431 2487 1504 2551 sine

347 2615 457 2659 morsu
473 2595 576 2659 animi
588 2597 726 2659 transire
737 2595 840 2659 vitam
855 2595 1008 2678 ignorare
1022 2604 1073 2659 est
1089 2612 1197 2656 rerum
1210 2601 1347 2657 naturae
1361 2592 1502 2658 alteram

346 2708 486 2782 partem.
532 2699 678 2784 Magnus
700 2721 737 2763 es
755 2699 806 2762 vir
818 2719 826 2777 ;
854 2699 912 2763 sed
936 2699 1025 2762 unde
1047 2697 1128 2776 scio,
1146 2698 1174 2760 si
1195 2697 1256 2760 tibi
1277 2696 1409 2761 fortuna
1434 2717 1501 2759 non

345 2805 405 2868 dat
427 2803 619 2869 facultatem
642 2803 852 2868 exhibendae
873 2803 1029 2870 virtutis?
1053 2849 1061 2866 .
1085 2852 1092 2866 .
1117 2850 1124 2863 .
1150 2801 1310 2865 Miserum
1333 2810 1369 2865 te
1388 2800 1503 2883 judico

345 2909 437 2990 quod
453 2929 622 2990 nunquam
639 2907 729 2972 luisti
750 2907 856 2971 miser.
902 2905 1064 2970 Transisti
1085 2906 1156 2969 sine
1177 2905 1365 2969 adversario
1387 2905 1501 2967 vitam.

346 3011 457 3074 Nemo
487 3012 569 3076 sciet
595 3012 676 3095 quid
706 3013 874 3095 potueris;
902 3031 944 3075 ne
969 3021 1005 3074 tu
1035 3010 1169 3093 quidem
1199 3009 1280 3092 ipse.
1324 3008 1421 3090 Opus
1450 3019 1502 3072 est

345 3115 435 3177 enim
464 3114 507 3178 ad
539 3117 693 3179 notitiam
723 3116 774 3178 sui
804 3115 1046 3196 experimento.
1101 3113 1193 3196 Quid
1224 3112 1365 3195 quisque
1396 3113 1502 3195 possit

346 3217 409 3281 nisi
441 3219 629 3283 tentando³
658 3239 725 3282 non
756 3219 881 3283 didicit.
934 3219 1054 3301 Itaque
1086 3217 1223 3300 quidam
1254 3218 1316 3300 ipsi
1348 3216 1436 3280 ultro
1465 3237 1502 3281 se

346 3321 551 3386 cessantibus
581 3321 677 3386 malis
705 3322 897 3389 obtulerunt
927 3333 961 3387 et
990 3324 1104 3385 virtuti
1129 3322 1235 3385 iturae
1262 3322 1294 3384 in
1322 3320 1502 3385 obscurum

346 3427 554 3490 occasionem
571 3446 630 3509 per
645 3446 746 3508 quam
761 3424 981 3492 enitesceret⁴
996 3427 1215 3510 quaesierunt.
1260 3424 1436 3502 Gaudent‚'
1454 3425 1502 3489 in-

344 3529 426 3612 quit,
451 3531 581 3611 ‘magni
603 3530 664 3594 viri
688 3530 870 3614 aliquando
891 3532 989 3596 rebus
1018 3531 1175 3610 adversis,
1191 3548 1258 3594 uon
1282 3529 1378 3594 aliter
1397 3549 1502 3612 quam

345 3632 447 3696 sortes
462 3633 584 3698 milites
596 3633 720 3698 bellis⁵.
737 3684 745 3700 .
762 3684 770 3700 .
787 3635 920 3699 .Avida
935 3646 986 3699 est
1000 3633 1134 3717 periculi
1148 3635 1271 3698 virtus:
1294 3654 1363 3716 quo
1374 3635 1502 3708 tendat,

345 3758 413 3802 non
436 3737 516 3819 quid
536 3757 674 3820 passura
696 3741 740 3803 sit
761 3740 911 3822 cogitat:
938 3740 1096 3821 quoniam
1119 3739 1220 3802 etiam
1248 3738 1339 3820 quod
1363 3757 1501 3819 passura

344 3853 404 3920 est,
430 3840 559 3924 gloriae
584 3864 661 3927 pars
692 3854 753 3909 est.
798 3843 961 3908 Militares
984 3844 1044 3908 viri
1074 3843 1258 3928 gloriantur
1287 3842 1501 3919 vulneribus;

343 3946 422 4010 laeti
439 3945 597 4011 liuentem
620 3947 747 4011 meliori
769 3967 848 4012 casu
863 3948 1058 4031 sanguinem
1080 3957 1260 4012 ostentant.
1308 3947 1403 4010 Idem
1424 3946 1502 4010 licet

343 4050 480 4113 fecerint
502 4052 559 4133 qui
582 4053 700 4134 integri
724 4061 934 4116 revertuntur
956 4072 999 4114 ex
1022 4053 1101 4129 acie,
1121 4052 1227 4134 magis
1250 4061 1421 4133 spectatur
1443 4051 1501 4131 qui

344 4155 475 4217 saucius
503 4155 598 4218 redit.
622 4204 630 4219 .
654 4205 663 4221 .
686 4152 705 4219 .’
750 4155 1036 4220 ‘Gubernatorem
1066 4157 1099 4218 in
1131 4164 1343 4240 tempestate,
1367 4156 1401 4218 in
1428 4154 1501 4220 acie

377 4355 384 4384 ¹
401 4355 442 4404 Os
453 4356 506 4405 this
523 4363 657 4420 sentence,
671 4360 769 4420 quoted
785 4359 850 4408 ironr
868 4359 1026 4421 Demetrius,
1043 4359 1144 4410 Seneca
1162 4373 1224 4421 says
1244 4359 1301 4409 that
1318 4357 1378 4408 itis
1399 4357 1501 4422 always

344 4433 449 4494 ringing
461 4435 489 4482 in
503 4435 544 4483 bis
558 4451 626 4485 ears.

376 4507 504 4571 ’malum
515 4519 562 4574 pru
573 4528 702 4574 magnum,
715 4514 793 4566 uss.
918 4515 1131 4579 'experimenta
1141 4523 1187 4578 pru
1198 4516 1332 4574 tentando,
1346 4516 1372 4562 in
1386 4514 1464 4566 MSS.

376 4585 387 4615 ⁴
403 4587 586 4652 innotesceret,
601 4590 678 4641 MSS.
1069 4593 1079 4622 ³
1095 4593 1155 4643 belli
1168 4593 1305 4657 triumpho,
1320 4593 1399 4646 MSS.
