3542 5359
560 627 675 687 PARS
699 626 884 702 QUINTA:
920 625 1010 685 CAP.
1036 624 1096 684 III.
1340 634 1398 696 541

248 789 517 875 appropinquant
544 792 684 855 incessui
714 787 1032 873 perpendicularium
1063 784 1257 850 exeuntium
1283 805 1305 848 a
1334 793 1400 846 ter·

249 895 344 957 minis
367 894 455 958 basis
477 896 618 979 agentis,
638 895 718 978 quia
739 893 889 977 pyramis
912 892 1042 974 longior
1059 889 1196 954 includit
1214 887 1397 953 breviorem

249 1008 287 1061 ut
303 1008 396 1081 patet
410 998 443 1061 in
459 998 574 1081 figura,
589 1009 622 1063 et
637 1000 782 1062 incessus
794 996 1117 1081 perpendicularium
1131 1003 1181 1058 est
1193 991 1399 1067 fortissimus,

249 1112 283 1165 et
305 1112 431 1185 quanto
455 1104 559 1188 magis
581 1102 620 1167 fit
642 1102 673 1167 ei
697 1100 976 1186 appropinquatio
999 1098 1062 1164 erit
1090 1097 1196 1180 major
1218 1095 1400 1169 sortitud03

249 1206 425 1270 dicendum
449 1215 510 1281 est,
537 1208 630 1290 quod
653 1208 717 1271 hae
742 1206 886 1271 rationes
913 1205 999 1268 duae
1025 1203 1209 1285 procedunt
1238 1208 1400 1283 quantum

249 1320 399 1393 possunt,
423 1311 482 1374 sed
511 1310 597 1377 aliae
625 1312 659 1375 in
692 1310 894 1375 contrarium
925 1317 1002 1373 sunt
1032 1306 1184 1371 fortiores
1213 1304 1282 1367 sine
1308 1324 1399 1368 com-

251 1415 431 1497 paratione,
450 1415 626 1500 praecipue
648 1417 764 1499 prima,
785 1425 820 1479 et
837 1416 912 1478 ideo
935 1412 1058 1497 priores
1076 1408 1265 1495 praevalent
1286 1408 1320 1471 in
1337 1408 1400 1471 hac

251 1527 354 1601 parte.
400 1519 447 1583 Et
461 1540 565 1601 quum
580 1530 752 1585 ostensum
768 1529 819 1583 est
835 1519 926 1603 prius
940 1520 1030 1600 quod
1046 1516 1171 1601 species
1187 1511 1402 1596 pymmidalis

250 1644 316 1686 non
342 1633 454 1707 potest
478 1625 590 1689 venire
616 1647 636 1689 a
662 1634 736 1688 tota
760 1623 939 1689 medietate
968 1621 1115 1705 corporis
1146 1617 1318 1705 sphaerici,
1343 1636 1402 1680 nec

746 1982 913 2403 )

764 2676 825 2725 Fre.
840 2676 895 2725 108.

253 2810 275 2852 a
290 2788 406 2871 majori
424 2789 582 2871 portione,
596 2792 656 2854 sed
671 2788 855 2853 necessario
871 2810 891 2852 a
907 2788 1053 2865 minore3
1071 2798 1106 2853 et
1120 2789 1404 2872 exemplificatum

254 2905 304 2958 est
319 2894 353 2955 in
371 2892 477 2976 figura
491 2894 663 2975 quomodo
678 2893 871 2977 pyramides
884 2892 1051 2975 longiores
1067 2892 1159 2967 fiunt,
1176 2906 1210 2958 et
1230 2894 1406 2967 breviores,

253 3006 288 3061 et
312 3017 398 3079 quae
422 3007 473 3061 est
502 2998 651 3060 omnium
679 2997 878 3075 brevissima,
904 2998 1063 3079 quoniam
1095 2997 1151 3061 illa
1179 2998 1274 3080 cujus
1302 2997 1405 3061 latera

254 3112 330 3165 sunt
355 3102 461 3164 lineae
485 3102 717 3184 contingentes
741 3100 917 3184 sphaeram
942 3102 974 3164 in
997 3102 1144 3165 terminis
1167 3102 1405 3167 diametrorum

253 3208 431 3271 ductarum
450 3226 472 3268 a
492 3206 641 3269 terminis
663 3206 808 3270 chordae
827 3205 1095 3269 intersecantium
1114 3228 1158 3284 se,
1182 3216 1218 3270 ut
1242 3207 1349 3289 patuit
1373 3208 1406 3269 in

254 3309 382 3393 figura3
405 3332 494 3373 nunc
510 3312 647 3393 planum
667 3320 720 3375 est
739 3312 830 3393 quod
852 3310 934 3374 haec
950 3310 1054 3393 magis
1074 3322 1126 3374 est
1144 3312 1252 3375 activa
1271 3322 1406 3395 propter

254 3415 328 3493 hoc,
340 3418 431 3498 quod
447 3415 672 3498 multipliciter
683 3426 778 3498 patet
793 3436 837 3479 ex
853 3415 960 3490 dictis,
973 3416 1052 3496 quia
1067 3416 1211 3480 brevitas
1227 3416 1404 3499 figurarum

254 3531 288 3585 et
304 3520 464 3584 linearum
487 3520 610 3585 iaciunt
625 3519 854 3585 vehementem
873 3519 1099 3602 operationem
1119 3529 1256 3603 propter
1271 3520 1405 3603 propin-

255 3626 418 3706 quitatem
433 3626 562 3707 agentis
577 3634 612 3689 et
627 3625 790 3708 patientis.

301 3727 346 3790 Et
361 3748 426 3791 non
442 3728 551 3792 solum
569 3739 620 3791 est
636 3729 730 3792 sortis
744 3730 832 3792 actio
853 3728 886 3791 in
908 3728 971 3791 ista
990 3729 1173 3809 pyramide,
1188 3727 1265 3791 licet
1290 3728 1404 3792 sortior
1419 3740 1498 3819 other
1509 3756 1577 3791 cases

256 3851 357 3914 quam
377 3832 410 3893 in
428 3831 507 3907 aliis,
523 3833 583 3895 sed
602 3832 634 3893 in
653 3832 809 3894 omnibus
825 3831 1065 3913 pyramidibus,
1080 3841 1113 3894 et
1129 3852 1195 3894 non
1210 3830 1319 3895 solum
1342 3833 1404 3896 illis
1419 3808 1571 3858 eonnderen.

255 3955 342 4016 quae
353 3935 476 3998 cadunt
487 3935 574 3996 ultra
583 3954 705 3996 conum
718 3934 904 4015 pyramidis
916 3934 1034 3998 ductae
1046 3934 1127 3995 inira
1140 3934 1403 3998 intersectionem

257 4036 386 4101 illarum
407 4036 568 4100 linearum
592 4037 848 4116 contingentiae,
864 4055 952 4118 quae
972 4036 1185 4099 continebant
1200 4039 1405 4117 pyramidem

257 4143 471 4224 praedictam.
517 4140 563 4205 Et
589 4141 653 4204 bae
683 4150 761 4203 sunt
791 4139 868 4203 illae
898 4140 1089 4224 pyramides
1118 4160 1205 4222 quae
1235 4142 1406 4206 includunt

257 4246 381 4309 dictam
398 4244 627 4328 pyramidem;
650 4253 683 4307 et
699 4244 776 4308 ideo
794 4253 871 4307 sunt
888 4242 1031 4307 fortioris
1051 4244 1189 4307 actionis
1207 4265 1308 4326 quam
1333 4246 1407 4309 illae

256 4349 448 4433 pyramides
478 4367 618 4429 quarum
642 4349 717 4410 coni
743 4349 868 4412 cadunt
892 4355 988 4412 extra
1011 4347 1275 4412 intersectionem
1307 4348 1407 4426 illam,

258 4463 292 4516 et
316 4471 403 4534 quae
428 4472 495 4515 non
519 4452 691 4515 continent
714 4451 921 4533 pyramidem
945 4452 1149 4533 praedictam
1172 4452 1406 4516 brevissimam.

258 4555 348 4639 Quia
372 4556 456 4619 radii
486 4557 544 4638 qui
578 4565 656 4619 sunt
685 4556 728 4619 de
760 4556 1003 4638 compositione
1033 4556 1169 4620 istarum
1197 4558 1407 4639 pyramidum

258 4680 399 4741 quarum
425 4660 498 4723 coni
526 4678 594 4723 non
620 4658 833 4724 includuntur
863 4658 946 4723 inira
976 4661 1099 4725 dictam
1130 4661 1409 4739 intersectionem,
