3542 5359
505 604 619 663 Pras
648 604 827 663 rrum:
864 604 953 663 cnr.
981 605 1038 663 ιη.
1283 619 1342 680 513

191 782 294 842 quare
326 787 391 829 una
420 788 471 830 res
501 768 654 831 videatur
686 789 759 843 una,
790 788 864 831 cum
895 779 1008 831 tamen
1037 768 1079 831 ad
1109 769 1193 830 duos
1228 765 1342 830 oculos
1355 773 1462 851 rodnl-

192 868 327 933 veniunt
351 873 437 935 duae
458 873 585 954 species
607 873 764 943 diversae,
782 873 865 936 dicit
886 873 977 954 quod
1001 873 1087 935 duae
1109 872 1235 954 species
1256 891 1342 952 quae
1356 842 1511 957 Ἐζᾶ

193 972 329 1037 veniunt
345 975 387 1038 ad
408 977 493 1040 duos
514 975 628 1040 oculos
647 985 818 1039 transeunt
837 977 880 1039 ad
904 995 1040 1039 nervum
1064 995 1283 1051 communem,
1300 977 1343 1039 ad

193 1094 293 1155 quem
319 1080 552 1143 continuantur
577 1080 672 1159 oculi,
699 1090 733 1142 et
759 1082 956 1161 supponitur
985 1100 1050 1143 una
1075 1080 1129 1144 alii
1156 1101 1199 1144 ex
1226 1084 1343 1143 eadem

195 1190 288 1258 parte
310 1181 395 1246 illius
419 1185 507 1248 nervi
531 1185 724 1263 communis,
739 1194 773 1247 et
795 1184 833 1248 fit
851 1183 1039 1249 una.sorma
1057 1205 1101 1249 ex
1123 1186 1188 1261 eis;
1212 1197 1246 1248 et
1268 1186 1343 1248 ideo

192 1284 296 1347 virtus
313 1288 478 1365 sensitiva,
493 1308 578 1370 quae
599 1300 649 1351 est
668 1288 701 1350 in
718 1289 775 1350 illo
796 1310 906 1365 nerv0‚
920 1290 1047 1371 judic'at
1062 1291 1105 1352 de
1122 1310 1155 1353 re
1171 1309 1237 1351 una
1252 1288 1342 1370 quod

193 1388 235 1451 sit
251 1409 327 1466 una,
346 1404 482 1473 propter
497 1412 597 1455 unam
612 1391 751 1456 sormam
767 1414 868 1476 quarn
882 1392 993 1458 habet.
1025 1395 1082 1458 Ex
1097 1414 1164 1476 qua
1181 1393 1343 1456 sententia

195 1492 404 1559 manifestum
420 1506 480 1569 est,
495 1498 585 1578 quod
604 1497 731 1578 species
747 1478 925 1560 miscentur
944 1498 987 1561 ad
1005 1499 1152 1575 invicem,
1169 1508 1202 1561 et
1222 1496 1259 1560 fit
1278 1517 1343 1559 una

194 1617 238 1657 ex
261 1594 336 1662 illis.
382 1600 558 1665 Plenitudo
584 1621 663 1663 vero
688 1601 872 1682 sapientiae
902 1602 1041 1666 istorum
1068 1603 1208 1666 duorum
1237 1600 1344 1683 philo-

193 1702 374 1783 sophorum
401 1706 435 1768 in
463 1705 553 1768 libris
580 1705 771 1768 manifestat
801 1706 890 1788 quod
922 1706 1048 1772 nullum
1075 1704 1194 1771 falsum
1221 1706 1344 1769 dicunt.

196 1804 242 1868 Et
260 1806 335 1871 ideo
359 1811 419 1891 ipsi
443 1812 476 1873 in
496 1809 588 1873 libris
611 1810 819 1892 Aspectuum
837 1821 915 1874 sunt
929 1812 972 1875 de
995 1811 1058 1873 illis
1076 1812 1266 1874 auctoribus
1287 1809 1343 1891 qui

194 1910 228 1971 in
253 1913 407 1977 omnibus
433 1925 510 1978 sunt
536 1915 723 1997 recipiendi,
744 1915 830 1978 sicut
855 1914 997 1979 habetur
1024 1916 1056 1977 in
1084 1914 1223 1997 prologo
1251 1913 1344 1978 istius

155 2082 160 2091 ¹
195 2015 312 2096 operis,
349 2020 428 2101 quia
467 2019 581 2082 florem
619 2019 851 2102 philosophiae
888 2020 1057 2101 explicant
1094 2021 1165 2083 sine
1202 2018 1345 2082 falsitate

194 2120 351 2199 qualibet.

239 2223 307 2287 Sed
334 2227 409 2289 licet
435 2228 517 2291 haec
543 2249 620 2310 pars
641 2228 685 2291 sit
714 2226 849 2289 omnino
871 2248 958 2299 vera,
981 2237 1093 2290 tamen
1120 2228 1222 2290 habet
1247 2226 1344 2289 valde
1359 2228 1414 2278 The
1426 2228 1489 2278 diffi-

196 2329 385 2406 probabiles
410 2332 686 2395 contradictiones
717 2351 775 2412 per
807 2332 1021 2394 auctoritates
1052 2330 1229 2396 multorum
1261 2329 1346 2393 male
1359 2294 1514 2425 fflssffiiing

195 2431 387 2496 intellectas.
435 2435 480 2498 Et
496 2444 634 2518 propter
648 2435 839 2498 distinctam
859 2434 948 2497 visus
963 2435 1195 2519 cognitionem,
1211 2445 1347 2517 propter
1359 2426 1421 2539 {3⁰¹¹
1434 2428 1495 2538 '¹3¹3‘

195 2555 296 2616 quam
318 2538 437 2620 vulgus
459 2539 663 2601 studentium
687 2539 842 2601 aestimat
865 2541 955 2619 quod
982 2540 1108 2621 species
1134 2559 1248 2603 omnes
1270 2546 1346 2603 sunt
1360 2504 1466 2606 diliirlli

196 2639 370 2704 distinctae
395 2641 428 2703 in
455 2643 542 2705 omni
571 2652 662 2723 parte
691 2641 802 2719 medii,
829 2651 862 2704 et
893 2644 982 2725 quod
1007 2642 1102 2706 aliter
1128 2643 1250 2717 salvari
1278 2623 1504 2738 nonffi'flffl'

197 2754 307 2825 potest
334 2747 490 2809 distincta
516 2747 605 2809 visus
634 2746 790 2829 cognitio,
817 2758 952 2830 propter
981 2748 1071 2829 quod
1098 2748 1216 2829 vulgus
1242 2746 1342 2810 trahit
1361 2768 1416 2803 one.

196 2849 408 2912 auctoritates
431 2850 608 2913 multorum
632 2859 666 2913 et
690 2870 885 2932 magnorum
909 2852 952 2914 ad
975 2871 1069 2914 suam
1092 2862 1231 2933 partem.
1277 2849 1345 2914 Sed

196 2951 260 3015 hoc
283 2973 349 3017 non
371 2964 514 3035 oportet,
534 2955 611 3036 quia
633 2964 667 3017 et
691 2962 829 3036 possunt
848 2954 967 3018 salvari
990 2955 1203 3019 auctoritates
1225 2964 1259 3017 et
1282 2955 1346 3018 dis·

196 3057 301 3119 tincta
331 3058 422 3121 visus
450 3058 608 3140 cognitio,
636 3056 712 3121 licet
744 3058 777 3121 iu
813 3059 925 3122 medio
960 3058 1018 3123 frat
1052 3080 1130 3121 vera
1163 3058 1345 3140 specierum

198 3160 318 3223 mixtio
335 3182 447 3224 earum
469 3181 556 3244 quae
574 3172 671 3225 natae
691 3170 769 3225 sunt
788 3163 881 3224 visui.
927 3163 973 3225 Et
996 3163 1071 3227 ideo
1092 3172 1228 3244 propter
1250 3161 1347 3243 hujus

197 3264 418 3344 ignorantiam
444 3265 566 3329 clamat
594 3264 712 3347 vulgus
733 3265 768 3327 in
794 3267 1007 3341 contrarium,
1027 3276 1060 3329 et
1083 3267 1235 3329 doctores
1257 3266 1346 3348 vulgi

196 3368 356 3447 similiter,
381 3369 538 3433 solatium
565 3389 645 3434 suae
672 3370 858 3452 imperitiae
880 3382 1078 3451 quaerentes
1103 3370 1344 3435 manifestando

198 3492 257 3553 per
273 3471 362 3535 hunc
377 3476 523 3538 modurn.

243 3576 327 3640 Dico
357 3578 466 3661 igitur,
496 3580 587 3661 quod
617 3578 694 3643 licet
724 3578 850 3662 species
884 3579 952 3642 albi
988 3590 1021 3642 et
1058 3579 1143 3661 nigri
1179 3580 1347 3642 venientes
1362 3589 1444 3665 The·

197 3700 217 3742 a
243 3680 381 3743 diversis
406 3684 581 3765 agentibus
607 3682 801 3747 naturaliter
829 3684 1029 3747 misceantur
1057 3684 1089 3746 in
1115 3695 1208 3765 parte
1239 3666 1348 3757 medii,
1362 3670 1491 3783 {flffgssf

198 3795 232 3845 et
247 3785 383 3848 veniant
395 3786 521 3868 species
538 3787 664 3849 mixtae
679 3788 721 3849 ad
739 3786 910 3869 pupillam,
922 3798 1034 3850 tamen
1049 3809 1069 3851 a
1085 3786 1158 3849 loco
1175 3786 1348 3850 mixtionis
1362 3802 1463 3863 perpen-
1511 3869 1515 3879 ,

199 3887 307 3969 primo
328 3889 362 3949 in
389 3890 500 3952 medio
523 3910 588 3952 una
611 3890 741 3952 illarum
768 3890 875 3953 veniet
903 3891 946 3954 ab
970 3892 1042 3973 ipsa
1067 3910 1102 3953 re
1124 3902 1255 3953 sensata
1277 3912 1349 3973 per·
1362 3852 1517 3966 ἓξοέὲζψ

199 3992 453 4074 pendiculariter
475 4012 574 4074 super
597 3992 730 4057 oculum
753 4006 787 4056 et
811 3994 980 4075 pupillam,
1003 4006 1037 4057 et
1059 3993 1143 4057 aliae
1167 3997 1348 4058 secundum
1362 3982 1517 4096 Pgffduwlh

199 4096 318 4157 lineam
330 4096 566 4159 accidentalem
578 4122 586 4173 3
611 4117 670 4160 nec
685 4118 706 4159 a
721 4116 756 4161 re
767 4108 899 4160 sensata
913 4098 1022 4161 veniet
1034 4098 1350 4180 perpendiculariter
1362 4064 1476 4178 gxptiirls
1488 4115 1516 4163 it.

199 4200 241 4262 ad
269 4200 386 4275 visum,
413 4201 471 4262 sed
498 4200 606 4263 solum
633 4220 654 4262 a
679 4200 753 4264 loco
783 4202 966 4280 mixtionis,
993 4210 1026 4263 et
1056 4201 1131 4263 ideo
1165 4221 1229 4263 una
1259 4202 1350 4265 venit

199 4303 294 4366 sortis
320 4314 354 4365 et
377 4302 521 4368 occultat
548 4304 657 4379 aliam,
679 4305 764 4368 sicut
791 4303 897 4385 major
924 4304 983 4367 lux
1006 4304 1150 4369 occultat
1178 4306 1351 4383 minorem,

199 4418 232 4469 et
255 4418 436 4488 occupatur
457 4410 560 4471 virtus
581 4408 685 4471 visiva
703 4410 789 4473 circa
812 4428 932 4491 corpus
954 4410 1141 4485 immutans,
1157 4418 1191 4471 et
1211 4409 1350 4473 dimittit

200 4510 299 4573 aliam
326 4512 480 4592 speciem.
527 4512 572 4575 Et
599 4513 632 4575 in
658 4521 789 4577 tantum
817 4523 927 4594 potest
954 4532 1026 4576 esse
1047 4512 1231 4576 dominium
1255 4515 1352 4577 unius

200 4615 364 4690 contrarii,
374 4617 464 4695 quod
477 4614 563 4678 illius
575 4616 701 4698 species
711 4617 915 4700 praevalebit
926 4617 958 4679 in
968 4616 1041 4681 loco
1053 4616 1225 4681 mixtionis
1236 4617 1352 4701 prim0‚

244 4731 325 4782 voc.
343 4732 380 4783 11.
746 4735 769 4785 ι,
786 4720 797 4784 1
