<?xml version="1.0" encoding="UTF-8"?>
<!DOCTYPE html PUBLIC "-//W3C//DTD XHTML 1.0 Transitional//EN"
    "http://www.w3.org/TR/xhtml1/DTD/xhtml1-transitional.dtd">
<html xmlns="http://www.w3.org/1999/xhtml" xml:lang="en" lang="en">
 <head>
  <title>
</title>
<meta http-equiv="Content-Type" content="text/html;charset=utf-8" />
  <meta name='ocr-system' content='tesseract 3.04.00' />
  <meta name='ocr-capabilities' content='ocr_page ocr_carea ocr_par ocr_line ocrx_word'/>
</head>
<body>
  <div class='ocr_page' id='page_1' title='image "./opusmajusrogerb02bridgoog/opusmajusrogerb02bridgoog_0135.png"; bbox 0 0 3542 5359; ppageno 0'>
   <div class='ocr_carea' id='block_1_1' title="bbox 349 604 1285 676">
    <p class='ocr_par' dir='ltr' id='par_1_1' title="bbox 349 604 1285 676">
     <span class='ocr_line' id='line_1_1' title="bbox 349 604 1285 676; baseline -0.007 -9"><span class='ocrx_word' id='word_1_1' title='bbox 349 608 407 667; x_wconf 88' lang='lat'>116</span> <span class='ocrx_word' id='word_1_2' title='bbox 582 607 738 666; x_wconf 82' lang='lat' dir='ltr'><em>OPERIS</em></span> <span class='ocrx_word' id='word_1_3' title='bbox 763 605 950 676; x_wconf 84' lang='lat' dir='ltr'><em>MAJORIS</em></span> <span class='ocrx_word' id='word_1_4' title='bbox 974 605 1089 662; x_wconf 83' lang='lat' dir='ltr'><em>PARS</em></span> <span class='ocrx_word' id='word_1_5' title='bbox 1115 604 1285 676; x_wconf 78' lang='lat' dir='ltr'>QUINTA.</span> 
     </span>
    </p>
   </div>
   <div class='ocr_carea' id='block_1_2' title="bbox 184 766 1508 1998">
    <p class='ocr_par' dir='ltr' id='par_1_2' title="bbox 347 766 1508 1792">
     <span class='ocr_line' id='line_1_2' title="bbox 347 766 1503 855; baseline -0.01 -19"><span class='ocrx_word' id='word_1_6' title='bbox 347 773 437 855; x_wconf 94' lang='lat' dir='ltr'>quod</span> <span class='ocrx_word' id='word_1_7' title='bbox 454 771 679 836; x_wconf 86' lang='lat' dir='ltr'>consideretur</span> <span class='ocrx_word' id='word_1_8' title='bbox 693 769 834 851; x_wconf 86' lang='lat' dir='ltr'>angulus</span> <span class='ocrx_word' id='word_1_9' title='bbox 850 778 883 832; x_wconf 90' lang='lat' dir='ltr'>et</span> <span class='ocrx_word' id='word_1_10' title='bbox 900 768 1074 851; x_wconf 89' lang='lat' dir='ltr'>longitudo</span> <span class='ocrx_word' id='word_1_11' title='bbox 1090 768 1281 850; x_wconf 83' lang='lat' dir='ltr'>pyramidis,</span> <span class='ocrx_word' id='word_1_12' title='bbox 1297 778 1330 829; x_wconf 93' lang='lat' dir='ltr'>et</span> <span class='ocrx_word' id='word_1_13' title='bbox 1346 766 1396 828; x_wconf 93' lang='lat' dir='ltr'>his</span> <span class='ocrx_word' id='word_1_14' title='bbox 1413 783 1503 828; x_wconf 82' lang='lat' dir='ltr'>conr-</span> 
     </span>
     <span class='ocr_line' id='line_1_3' title="bbox 348 870 1504 960; baseline -0.01 -18"><span class='ocrx_word' id='word_1_15' title='bbox 348 886 482 960; x_wconf 85' lang='lat' dir='ltr'>paretur</span> <span class='ocrx_word' id='word_1_16' title='bbox 504 876 594 940; x_wconf 90' lang='lat' dir='ltr'>basis</span> <span class='ocrx_word' id='word_1_17' title='bbox 616 875 801 958; x_wconf 85' lang='lat' dir='ltr'>pyramidis</span> <span class='ocrx_word' id='word_1_18' title='bbox 824 881 984 956; x_wconf 89' lang='lat' dir='ltr'>quaeest</span> <span class='ocrx_word' id='word_1_19' title='bbox 1009 893 1059 936; x_wconf 89' lang='lat' dir='ltr'>res</span> <span class='ocrx_word' id='word_1_20' title='bbox 1082 874 1160 935; x_wconf 92' lang='lat' dir='ltr'>visa.</span> <span class='ocrx_word' id='word_1_21' title='bbox 1209 870 1400 954; x_wconf 83' lang='lat' dir='ltr'>Longitudo</span> <span class='ocrx_word' id='word_1_22' title='bbox 1425 888 1504 931; x_wconf 90' lang='lat' dir='ltr'>vero</span> 
     </span>
     <span class='ocr_line' id='line_1_4' title="bbox 351 974 1505 1065; baseline -0.008 -21"><span class='ocrx_word' id='word_1_23' title='bbox 351 981 531 1065; x_wconf 88' lang='lat' dir='ltr'>pyramidis</span> <span class='ocrx_word' id='word_1_24' title='bbox 554 979 846 1062; x_wconf 86' lang='lat' dir='ltr'>comprehenditur</span> <span class='ocrx_word' id='word_1_25' title='bbox 870 999 929 1060; x_wconf 86' lang='lat' dir='ltr'>per</span> <span class='ocrx_word' id='word_1_26' title='bbox 958 976 1285 1060; x_wconf 85' lang='lat' dir='ltr'>comprehensionem</span> <span class='ocrx_word' id='word_1_27' title='bbox 1311 974 1505 1056; x_wconf 80' lang='lat' dir='ltr'>quantitatis</span> 
     </span>
     <span class='ocr_line' id='line_1_5' title="bbox 350 1077 1504 1167; baseline -0.008 -20"><span class='ocrx_word' id='word_1_28' title='bbox 350 1104 527 1167; x_wconf 91' lang='lat' dir='ltr'>corporum</span> <span class='ocrx_word' id='word_1_29' title='bbox 545 1083 818 1166; x_wconf 90' lang='lat' dir='ltr'>interjacentium,</span> <span class='ocrx_word' id='word_1_30' title='bbox 834 1083 919 1146; x_wconf 89' lang='lat' dir='ltr'>sicut</span> <span class='ocrx_word' id='word_1_31' title='bbox 937 1081 1025 1164; x_wconf 91' lang='lat' dir='ltr'>prius</span> <span class='ocrx_word' id='word_1_32' title='bbox 1046 1082 1171 1143; x_wconf 91' lang='lat' dir='ltr'>dictum</span> <span class='ocrx_word' id='word_1_33' title='bbox 1187 1087 1238 1142; x_wconf 92' lang='lat' dir='ltr'>est</span> <span class='ocrx_word' id='word_1_34' title='bbox 1253 1081 1296 1142; x_wconf 93' lang='lat' dir='ltr'>de</span> <span class='ocrx_word' id='word_1_35' title='bbox 1312 1077 1504 1141; x_wconf 84' lang='lat' dir='ltr'>remotione.</span> 
     </span>
     <span class='ocr_line' id='line_1_6' title="bbox 352 1184 1505 1264; baseline -0.008 -13"><span class='ocrx_word' id='word_1_36' title='bbox 352 1189 398 1251; x_wconf 92' lang='lat' dir='ltr'>Et</span> <span class='ocrx_word' id='word_1_37' title='bbox 413 1189 476 1252; x_wconf 90' lang='lat' dir='ltr'>hoc</span> <span class='ocrx_word' id='word_1_38' title='bbox 492 1187 530 1252; x_wconf 91' lang='lat' dir='ltr'>fit</span> <span class='ocrx_word' id='word_1_39' title='bbox 549 1189 582 1250; x_wconf 92' lang='lat' dir='ltr'>in</span> <span class='ocrx_word' id='word_1_40' title='bbox 604 1188 701 1252; x_wconf 91' lang='lat' dir='ltr'>rebus</span> <span class='ocrx_word' id='word_1_41' title='bbox 723 1188 889 1251; x_wconf 90' lang='lat' dir='ltr'>consuetis</span> <span class='ocrx_word' id='word_1_42' title='bbox 910 1195 942 1249; x_wconf 92' lang='lat' dir='ltr'>et</span> <span class='ocrx_word' id='word_1_43' title='bbox 960 1185 1133 1249; x_wconf 90' lang='lat' dir='ltr'>mediocris</span> <span class='ocrx_word' id='word_1_44' title='bbox 1149 1184 1325 1247; x_wconf 86' lang='lat' dir='ltr'>distantiae</span> <span class='ocrx_word' id='word_1_45' title='bbox 1341 1203 1400 1264; x_wconf 92' lang='lat' dir='ltr'>per</span> <span class='ocrx_word' id='word_1_46' title='bbox 1414 1201 1505 1243; x_wconf 90' lang='lat' dir='ltr'>com·</span> 
     </span>
     <span class='ocr_line' id='line_1_7' title="bbox 351 1288 1504 1376; baseline -0.009 -19"><span class='ocrx_word' id='word_1_47' title='bbox 351 1294 551 1376; x_wconf 91' lang='lat' dir='ltr'>positionem</span> <span class='ocrx_word' id='word_1_48' title='bbox 580 1303 614 1355; x_wconf 92' lang='lat' dir='ltr'>et</span> <span class='ocrx_word' id='word_1_49' title='bbox 645 1290 878 1354; x_wconf 88' lang='lat' dir='ltr'>resolutionem</span> <span class='ocrx_word' id='word_1_50' title='bbox 910 1290 1094 1372; x_wconf 90' lang='lat' dir='ltr'>subjectam</span> <span class='ocrx_word' id='word_1_51' title='bbox 1126 1290 1169 1352; x_wconf 92' lang='lat' dir='ltr'>ad</span> <span class='ocrx_word' id='word_1_52' title='bbox 1203 1288 1346 1370; x_wconf 88' lang='lat' dir='ltr'>aliquam</span> <span class='ocrx_word' id='word_1_53' title='bbox 1380 1297 1504 1348; x_wconf 91' lang='lat' dir='ltr'>certam</span> 
     </span>
     <span class='ocr_line' id='line_1_8' title="bbox 352 1391 1507 1478; baseline -0.008 -18"><span class='ocrx_word' id='word_1_54' title='bbox 352 1417 538 1460; x_wconf 90' lang='lat' dir='ltr'>mensuram</span> <span class='ocrx_word' id='word_1_55' title='bbox 577 1397 756 1458; x_wconf 89' lang='lat' dir='ltr'>memoriae</span> <span class='ocrx_word' id='word_1_56' title='bbox 791 1404 990 1478; x_wconf 88' lang='lat' dir='ltr'>promptam,</span> <span class='ocrx_word' id='word_1_57' title='bbox 1028 1392 1213 1476; x_wconf 90' lang='lat' dir='ltr'>cujusmodi</span> <span class='ocrx_word' id='word_1_58' title='bbox 1251 1402 1300 1454; x_wconf 94' lang='lat' dir='ltr'>est</span> <span class='ocrx_word' id='word_1_59' title='bbox 1336 1391 1507 1472; x_wconf 89' lang='lat' dir='ltr'>quantitas</span> 
     </span>
     <span class='ocr_line' id='line_1_9' title="bbox 350 1495 1505 1565; baseline -0.007 0"><span class='ocrx_word' id='word_1_60' title='bbox 350 1501 493 1565; x_wconf 88' lang='lat' dir='ltr'>hominis</span> <span class='ocrx_word' id='word_1_61' title='bbox 532 1500 752 1563; x_wconf 88' lang='lat' dir='ltr'>mensurantis</span> <span class='ocrx_word' id='word_1_62' title='bbox 796 1500 977 1562; x_wconf 92' lang='lat' dir='ltr'>secundum</span> <span class='ocrx_word' id='word_1_63' title='bbox 1016 1519 1052 1561; x_wconf 87' lang='lat' dir='ltr'>se</span> <span class='ocrx_word' id='word_1_64' title='bbox 1084 1507 1193 1561; x_wconf 89' lang='lat' dir='ltr'>toturn</span> <span class='ocrx_word' id='word_1_65' title='bbox 1234 1495 1286 1559; x_wconf 97' lang='lat' dir='ltr'>vel</span> <span class='ocrx_word' id='word_1_66' title='bbox 1322 1495 1505 1558; x_wconf 89' lang='lat' dir='ltr'>secundum</span> 
     </span>
     <span class='ocr_line' id='line_1_10' title="bbox 351 1598 1508 1688; baseline -0.005 -20"><span class='ocrx_word' id='word_1_67' title='bbox 351 1615 491 1688; x_wconf 89' lang='lat' dir='ltr'>partem,</span> <span class='ocrx_word' id='word_1_68' title='bbox 515 1614 548 1668; x_wconf 91' lang='lat' dir='ltr'>et</span> <span class='ocrx_word' id='word_1_69' title='bbox 572 1605 789 1668; x_wconf 88' lang='lat' dir='ltr'>haecomnia</span> <span class='ocrx_word' id='word_1_70' title='bbox 812 1601 971 1667; x_wconf 86' lang='lat' dir='ltr'>certificat</span> <span class='ocrx_word' id='word_1_71' title='bbox 994 1602 1070 1667; x_wconf 86' lang='lat' dir='ltr'>axis</span> <span class='ocrx_word' id='word_1_72' title='bbox 1090 1601 1224 1666; x_wconf 90' lang='lat' dir='ltr'>visualis</span> <span class='ocrx_word' id='word_1_73' title='bbox 1244 1620 1343 1682; x_wconf 91' lang='lat' dir='ltr'>super</span> <span class='ocrx_word' id='word_1_74' title='bbox 1365 1598 1508 1662; x_wconf 88' lang='lat' dir='ltr'>visibilia</span> 
     </span>
     <span class='ocr_line' id='line_1_11' title="bbox 353 1718 610 1792; baseline -0.012 -20"><span class='ocrx_word' id='word_1_75' title='bbox 353 1718 610 1792; x_wconf 89' lang='lat' dir='ltr'>transportatus.</span> 
     </span>
    </p>

    <p class='ocr_par' dir='ltr' id='par_1_3' title="bbox 184 1807 1507 1902">
     <span class='ocr_line' id='line_1_12' title="bbox 184 1807 1507 1902; baseline -0.004 -27"><span class='ocrx_word' id='word_1_76' title='bbox 184 1826 303 1902; x_wconf 64' lang='lat' dir='ltr'>umcros</span> <span class='ocrx_word' id='word_1_77' title='bbox 396 1813 532 1877; x_wconf 87' lang='lat' dir='ltr'>Accidit</span> <span class='ocrx_word' id='word_1_78' title='bbox 548 1825 660 1876; x_wconf 87' lang='lat' dir='ltr'>autem</span> <span class='ocrx_word' id='word_1_79' title='bbox 676 1832 765 1875; x_wconf 92' lang='lat' dir='ltr'>error</span> <span class='ocrx_word' id='word_1_80' title='bbox 779 1813 810 1874; x_wconf 94' lang='lat' dir='ltr'>in</span> <span class='ocrx_word' id='word_1_81' title='bbox 824 1811 1059 1894; x_wconf 85' lang='lat' dir='ltr'>magnitudinis</span> <span class='ocrx_word' id='word_1_82' title='bbox 1069 1808 1360 1891; x_wconf 91' lang='lat' dir='ltr'>comprehensione</span> <span class='ocrx_word' id='word_1_83' title='bbox 1371 1807 1507 1890; x_wconf 88' lang='lat' dir='ltr'>quando</span> 
     </span>
    </p>

    <p class='ocr_par' dir='ltr' id='par_1_4' title="bbox 184 1906 1508 1998">
     <span class='ocr_line' id='line_1_13' title="bbox 184 1906 1508 1998; baseline -0.008 -16"><span class='ocrx_word' id='word_1_84' title='bbox 184 1906 307 1942; x_wconf 48' lang='lat' dir='ltr'>‘mv‘</span> <span class='ocrx_word' id='word_1_85' title='bbox 354 1929 404 1982; x_wconf 91' lang='lat' dir='ltr'>est</span> <span class='ocrx_word' id='word_1_86' title='bbox 434 1918 653 1980; x_wconf 88' lang='lat' dir='ltr'>immoderata</span> <span class='ocrx_word' id='word_1_87' title='bbox 691 1917 840 1989; x_wconf 92' lang='lat' dir='ltr'>remotio,</span> <span class='ocrx_word' id='word_1_88' title='bbox 879 1915 1038 1998; x_wconf 92' lang='lat' dir='ltr'>quoniam</span> <span class='ocrx_word' id='word_1_89' title='bbox 1067 1914 1233 1978; x_wconf 91' lang='lat' dir='ltr'>videbitur</span> <span class='ocrx_word' id='word_1_90' title='bbox 1263 1913 1368 1976; x_wconf 93' lang='lat' dir='ltr'>multo</span> <span class='ocrx_word' id='word_1_91' title='bbox 1398 1912 1508 1974; x_wconf 91' lang='lat' dir='ltr'>minus</span> 
     </span>
    </p>
   </div>
   <div class='ocr_carea' id='block_1_3' title="bbox 184 1958 1508 2105">
    <p class='ocr_par' dir='ltr' id='par_1_5' title="bbox 184 1958 1508 2105">
     <span class='ocr_line' id='line_1_14' title="bbox 184 1958 339 2007; baseline -0.026 0"><span class='ocrx_word' id='word_1_92' title='bbox 184 1958 294 2007; x_wconf 80' lang='lat' dir='ltr'>distance</span> <span class='ocrx_word' id='word_1_93' title='bbox 307 1971 339 2004; x_wconf 92' lang='lat' dir='ltr'>on</span> 
     </span>
     <span class='ocr_line' id='line_1_15' title="bbox 184 2015 1508 2105; baseline -0.007 -19"><span class='ocrx_word' id='word_1_94' title='bbox 184 2021 337 2072; x_wconf 77' lang='lat' dir='ltr'>estimateol</span> <span class='ocrx_word' id='word_1_95' title='bbox 353 2042 454 2105; x_wconf 90' lang='lat' dir='ltr'>quam</span> <span class='ocrx_word' id='word_1_96' title='bbox 481 2022 524 2085; x_wconf 92' lang='lat' dir='ltr'>sit</span> <span class='ocrx_word' id='word_1_97' title='bbox 556 2021 588 2083; x_wconf 93' lang='lat' dir='ltr'>in</span> <span class='ocrx_word' id='word_1_98' title='bbox 619 2021 767 2083; x_wconf 88' lang='lat' dir='ltr'>veritate.</span> <span class='ocrx_word' id='word_1_99' title='bbox 823 2018 928 2100; x_wconf 86' lang='lat' dir='ltr'>Cujus</span> <span class='ocrx_word' id='word_1_100' title='bbox 952 2038 1051 2081; x_wconf 91' lang='lat' dir='ltr'>causa</span> <span class='ocrx_word' id='word_1_101' title='bbox 1075 2028 1126 2081; x_wconf 92' lang='lat' dir='ltr'>est</span> <span class='ocrx_word' id='word_1_102' title='bbox 1153 2018 1309 2099; x_wconf 92' lang='lat' dir='ltr'>quoniam</span> <span class='ocrx_word' id='word_1_103' title='bbox 1334 2015 1508 2097; x_wconf 87' lang='lat' dir='ltr'>longitudo</span> 
     </span>
    </p>
   </div>
   <div class='ocr_carea' id='block_1_4' title="bbox 185 2088 1510 2937">
    <p class='ocr_par' dir='ltr' id='par_1_6' title="bbox 185 2088 1510 2937">
     <span class='ocr_line' id='line_1_16' title="bbox 185 2088 1507 2219; baseline -0.006 -30"><span class='ocrx_word' id='word_1_104' title='bbox 185 2088 340 2152; x_wconf 77' lang='lat' dir='ltr'>magmrude.</span> <span class='ocrx_word' id='word_1_105' title='bbox 355 2127 574 2209; x_wconf 91' lang='lat' dir='ltr'>intemperata</span> <span class='ocrx_word' id='word_1_106' title='bbox 590 2134 650 2202; x_wconf 89' lang='lat' dir='ltr'>est,</span> <span class='ocrx_word' id='word_1_107' title='bbox 662 2144 747 2207; x_wconf 93' lang='lat' dir='ltr'>quae</span> <span class='ocrx_word' id='word_1_108' title='bbox 764 2133 874 2206; x_wconf 91' lang='lat' dir='ltr'>partes</span> <span class='ocrx_word' id='word_1_109' title='bbox 888 2121 1152 2219; x_wconf 81' lang='lat' dir='ltr'>proportionales</span> <span class='ocrx_word' id='word_1_110' title='bbox 1169 2122 1232 2184; x_wconf 91' lang='lat' dir='ltr'>toti</span> <span class='ocrx_word' id='word_1_111' title='bbox 1249 2121 1281 2182; x_wconf 93' lang='lat' dir='ltr'>in</span> <span class='ocrx_word' id='word_1_112' title='bbox 1294 2121 1507 2201; x_wconf 90' lang='lat' dir='ltr'>proportione</span> 
     </span>
     <span class='ocr_line' id='line_1_17' title="bbox 354 2223 1507 2306; baseline -0.009 -12"><span class='ocrx_word' id='word_1_113' title='bbox 354 2231 455 2295; x_wconf 87' lang='lat' dir='ltr'>etiarn</span> <span class='ocrx_word' id='word_1_114' title='bbox 469 2229 612 2293; x_wconf 87' lang='lat' dir='ltr'>sensibili</span> <span class='ocrx_word' id='word_1_115' title='bbox 625 2229 801 2292; x_wconf 88' lang='lat' dir='ltr'>abscondit</span> <span class='ocrx_word' id='word_1_116' title='bbox 812 2227 895 2290; x_wconf 93' lang='lat' dir='ltr'>visui</span> <span class='ocrx_word' id='word_1_117' title='bbox 908 2252 915 2304; x_wconf 92' lang='grc'><strong>;</strong></span> <span class='ocrx_word' id='word_1_118' title='bbox 932 2235 965 2289; x_wconf 90' lang='lat' dir='ltr'>et</span> <span class='ocrx_word' id='word_1_119' title='bbox 978 2246 1054 2289; x_wconf 89' lang='lat' dir='ltr'>curn</span> <span class='ocrx_word' id='word_1_120' title='bbox 1066 2226 1163 2288; x_wconf 86' lang='lat' dir='ltr'>luerit</span> <span class='ocrx_word' id='word_1_121' title='bbox 1175 2225 1351 2288; x_wconf 90' lang='lat' dir='ltr'>occultatio</span> <span class='ocrx_word' id='word_1_122' title='bbox 1364 2223 1507 2306; x_wconf 91' lang='lat' dir='ltr'>partium</span> 
     </span>
     <span class='ocr_line' id='line_1_18' title="bbox 354 2328 1507 2416; baseline -0.008 -19"><span class='ocrx_word' id='word_1_123' title='bbox 354 2333 462 2398; x_wconf 91' lang='lat' dir='ltr'>sensui</span> <span class='ocrx_word' id='word_1_124' title='bbox 486 2330 762 2416; x_wconf 90' lang='lat' dir='ltr'>perceptibilium,</span> <span class='ocrx_word' id='word_1_125' title='bbox 778 2330 892 2413; x_wconf 88' lang='lat' dir='ltr'>anguli</span> <span class='ocrx_word' id='word_1_126' title='bbox 915 2332 948 2393; x_wconf 94' lang='lat' dir='ltr'>in</span> <span class='ocrx_word' id='word_1_127' title='bbox 971 2350 1055 2413; x_wconf 90' lang='lat' dir='ltr'>quos</span> <span class='ocrx_word' id='word_1_128' title='bbox 1078 2331 1201 2393; x_wconf 91' lang='lat' dir='ltr'>cadunt</span> <span class='ocrx_word' id='word_1_129' title='bbox 1224 2348 1290 2391; x_wconf 94' lang='lat' dir='ltr'>non</span> <span class='ocrx_word' id='word_1_130' title='bbox 1314 2328 1507 2401; x_wconf 88' lang='lat' dir='ltr'>sentiuntur,</span> 
     </span>
     <span class='ocr_line' id='line_1_19' title="bbox 355 2431 1509 2517; baseline -0.004 -18"><span class='ocrx_word' id='word_1_131' title='bbox 355 2438 432 2500; x_wconf 92' lang='lat' dir='ltr'>licet</span> <span class='ocrx_word' id='word_1_132' title='bbox 447 2436 514 2501; x_wconf 92' lang='lat' dir='ltr'>sint</span> <span class='ocrx_word' id='word_1_133' title='bbox 530 2436 624 2500; x_wconf 91' lang='lat' dir='ltr'>totali</span> <span class='ocrx_word' id='word_1_134' title='bbox 640 2435 764 2516; x_wconf 83' lang='lat' dir='ltr'>angulo</span> <span class='ocrx_word' id='word_1_135' title='bbox 789 2435 1061 2517; x_wconf 90' lang='lat' dir='ltr'>proportionales.</span> <span class='ocrx_word' id='word_1_136' title='bbox 1107 2433 1207 2497; x_wconf 90' lang='lat' dir='ltr'>Unde</span> <span class='ocrx_word' id='word_1_137' title='bbox 1229 2453 1305 2496; x_wconf 90' lang='lat' dir='ltr'>curn</span> <span class='ocrx_word' id='word_1_138' title='bbox 1322 2431 1509 2495; x_wconf 92' lang='lat' dir='ltr'>discurrerit</span> 
     </span>
     <span class='ocr_line' id='line_1_20' title="bbox 354 2538 1508 2623; baseline -0.007 -19"><span class='ocrx_word' id='word_1_139' title='bbox 354 2541 429 2605; x_wconf 89' lang='lat' dir='ltr'>axis</span> <span class='ocrx_word' id='word_1_140' title='bbox 453 2560 552 2623; x_wconf 89' lang='lat' dir='ltr'>super</span> <span class='ocrx_word' id='word_1_141' title='bbox 579 2560 648 2602; x_wconf 89' lang='lat' dir='ltr'>rern</span> <span class='ocrx_word' id='word_1_142' title='bbox 675 2541 790 2616; x_wconf 87' lang='lat' dir='ltr'>visam,</span> <span class='ocrx_word' id='word_1_143' title='bbox 810 2538 1059 2603; x_wconf 87' lang='lat' dir='ltr'>absconduntur</span> <span class='ocrx_word' id='word_1_144' title='bbox 1082 2538 1187 2600; x_wconf 87' lang='lat' dir='ltr'>lineae</span> <span class='ocrx_word' id='word_1_145' title='bbox 1211 2556 1313 2599; x_wconf 86' lang='lat' dir='ltr'>exea</span> <span class='ocrx_word' id='word_1_146' title='bbox 1339 2545 1374 2598; x_wconf 93' lang='lat' dir='ltr'>et</span> <span class='ocrx_word' id='word_1_147' title='bbox 1400 2544 1508 2617; x_wconf 82' lang='lat' dir='ltr'>partes</span> 
     </span>
     <span class='ocr_line' id='line_1_21' title="bbox 357 2640 1507 2724; baseline -0.005 -17"><span class='ocrx_word' id='word_1_148' title='bbox 357 2645 491 2722; x_wconf 91' lang='lat' dir='ltr'>multae,</span> <span class='ocrx_word' id='word_1_149' title='bbox 517 2646 604 2707; x_wconf 90' lang='lat' dir='ltr'>unde</span> <span class='ocrx_word' id='word_1_150' title='bbox 635 2644 742 2707; x_wconf 90' lang='lat' dir='ltr'>minor</span> <span class='ocrx_word' id='word_1_151' title='bbox 772 2641 913 2706; x_wconf 88' lang='lat' dir='ltr'>efficitur</span> <span class='ocrx_word' id='word_1_152' title='bbox 942 2641 1056 2707; x_wconf 89' lang='lat' dir='ltr'>totalis</span> <span class='ocrx_word' id='word_1_153' title='bbox 1081 2642 1285 2724; x_wconf 88' lang='lat' dir='ltr'>apparentia.</span> <span class='ocrx_word' id='word_1_154' title='bbox 1334 2640 1380 2704; x_wconf 91' lang='lat' dir='ltr'>Et</span> <span class='ocrx_word' id='word_1_155' title='bbox 1406 2641 1507 2703; x_wconf 90' lang='lat' dir='ltr'>etiam</span> 
     </span>
     <span class='ocr_line' id='line_1_22' title="bbox 356 2744 1510 2833; baseline -0.005 -23"><span class='ocrx_word' id='word_1_156' title='bbox 356 2759 491 2833; x_wconf 91' lang='lat' dir='ltr'>propter</span> <span class='ocrx_word' id='word_1_157' title='bbox 507 2748 593 2811; x_wconf 92' lang='lat' dir='ltr'>male</span> <span class='ocrx_word' id='word_1_158' title='bbox 603 2746 790 2811; x_wconf 91' lang='lat' dir='ltr'>sensibilem</span> <span class='ocrx_word' id='word_1_159' title='bbox 805 2749 1003 2829; x_wconf 90' lang='lat' dir='ltr'>parvitatem</span> <span class='ocrx_word' id='word_1_160' title='bbox 1014 2745 1125 2829; x_wconf 88' lang='lat' dir='ltr'>anguli</span> <span class='ocrx_word' id='word_1_161' title='bbox 1137 2766 1201 2808; x_wconf 92' lang='lat' dir='ltr'>non</span> <span class='ocrx_word' id='word_1_162' title='bbox 1212 2746 1297 2808; x_wconf 87' lang='lat' dir='ltr'>bene</span> <span class='ocrx_word' id='word_1_163' title='bbox 1306 2744 1510 2815; x_wconf 90' lang='lat' dir='ltr'>ordinabitur</span> 
     </span>
     <span class='ocr_line' id='line_1_23' title="bbox 356 2847 1510 2937; baseline -0.006 -21"><span class='ocrx_word' id='word_1_164' title='bbox 356 2852 481 2936; x_wconf 91' lang='lat' dir='ltr'>species</span> <span class='ocrx_word' id='word_1_165' title='bbox 498 2853 529 2916; x_wconf 95' lang='lat' dir='ltr'>in</span> <span class='ocrx_word' id='word_1_166' title='bbox 546 2861 640 2937; x_wconf 84' lang='lat' dir='ltr'>parte</span> <span class='ocrx_word' id='word_1_167' title='bbox 660 2852 808 2916; x_wconf 87' lang='lat' dir='ltr'>sensibili</span> <span class='ocrx_word' id='word_1_168' title='bbox 831 2851 971 2916; x_wconf 89' lang='lat' dir='ltr'>membri</span> <span class='ocrx_word' id='word_1_169' title='bbox 991 2851 1173 2930; x_wconf 90' lang='lat' dir='ltr'>sentientis,</span> <span class='ocrx_word' id='word_1_170' title='bbox 1186 2860 1220 2914; x_wconf 89' lang='lat' dir='ltr'>et</span> <span class='ocrx_word' id='word_1_171' title='bbox 1239 2850 1314 2912; x_wconf 92' lang='lat' dir='ltr'>ideo</span> <span class='ocrx_word' id='word_1_172' title='bbox 1335 2869 1401 2913; x_wconf 93' lang='lat' dir='ltr'>non</span> <span class='ocrx_word' id='word_1_173' title='bbox 1425 2847 1510 2911; x_wconf 90' lang='lat' dir='ltr'>bene</span> 
     </span>
    </p>
   </div>
   <div class='ocr_carea' id='block_1_5' title="bbox 355 2957 753 3039">
    <p class='ocr_par' dir='ltr' id='par_1_7' title="bbox 355 2957 753 3039">
     <span class='ocr_line' id='line_1_24' title="bbox 355 2957 753 3039; baseline 0 -19"><span class='ocrx_word' id='word_1_174' title='bbox 355 2957 559 3039; x_wconf 85' lang='lat' dir='ltr'>judicabitur</span> <span class='ocrx_word' id='word_1_175' title='bbox 574 2957 753 3039; x_wconf 88' lang='lat' dir='ltr'>quantitas.</span> 
     </span>
    </p>
   </div>
   <div class='ocr_carea' id='block_1_6' title="bbox 777 3161 1090 3227">
    <p class='ocr_par' dir='ltr' id='par_1_8' title="bbox 777 3161 1090 3227">
     <span class='ocr_line' id='line_1_25' title="bbox 777 3161 1090 3227; baseline -0.006 -2"><span class='ocrx_word' id='word_1_176' title='bbox 777 3161 1005 3227; x_wconf 71' lang='lat' dir='ltr'>Cnprrunuu</span> <span class='ocrx_word' id='word_1_177' title='bbox 1028 3162 1090 3226; x_wconf 83' lang='lat' dir='ltr'>VI.</span> 
     </span>
    </p>
   </div>
   <div class='ocr_carea' id='block_1_7' title="bbox 190 3311 1512 3398">
    <p class='ocr_par' dir='ltr' id='par_1_9' title="bbox 190 3311 1512 3398">
     <span class='ocr_line' id='line_1_26' title="bbox 190 3311 1512 3398; baseline 0 -21"><span class='ocrx_word' id='word_1_178' title='bbox 190 3335 218 3381; x_wconf 73' lang='lat' dir='ltr'>r„</span> <span class='ocrx_word' id='word_1_179' title='bbox 232 3333 336 3398; x_wconf 77' lang='lat' dir='ltr'>tooking</span> <span class='ocrx_word' id='word_1_180' title='bbox 403 3313 456 3377; x_wconf 94' lang='lat' dir='ltr'>De</span> <span class='ocrx_word' id='word_1_181' title='bbox 479 3311 669 3395; x_wconf 89' lang='lat' dir='ltr'>corporibus</span> <span class='ocrx_word' id='word_1_182' title='bbox 691 3321 803 3376; x_wconf 88' lang='lat' dir='ltr'>autern</span> <span class='ocrx_word' id='word_1_183' title='bbox 827 3313 1011 3396; x_wconf 90' lang='lat' dir='ltr'>sphaericis,</span> <span class='ocrx_word' id='word_1_184' title='bbox 1034 3315 1119 3378; x_wconf 90' lang='lat' dir='ltr'>sicut</span> <span class='ocrx_word' id='word_1_185' title='bbox 1142 3323 1219 3377; x_wconf 92' lang='lat' dir='ltr'>sunt</span> <span class='ocrx_word' id='word_1_186' title='bbox 1241 3314 1357 3380; x_wconf 88' lang='lat' dir='ltr'>stellae</span> <span class='ocrx_word' id='word_1_187' title='bbox 1379 3323 1413 3378; x_wconf 90' lang='lat' dir='ltr'>et</span> <span class='ocrx_word' id='word_1_188' title='bbox 1435 3315 1512 3387; x_wconf 90' lang='lat' dir='ltr'>alia,</span> 
     </span>
    </p>
   </div>
   <div class='ocr_carea' id='block_1_8' title="bbox 189 3401 1511 3514">
    <p class='ocr_par' dir='ltr' id='par_1_10' title="bbox 189 3401 1511 3514">
     <span class='ocr_line' id='line_1_27' title="bbox 189 3401 1511 3514; baseline 0 -34"><span class='ocrx_word' id='word_1_189' title='bbox 189 3401 340 3514; x_wconf 50' lang='grc' dir='ltr'>ᾚξῖξζξ</span> <span class='ocrx_word' id='word_1_190' title='bbox 360 3437 426 3480; x_wconf 92' lang='lat' dir='ltr'>non</span> <span class='ocrx_word' id='word_1_191' title='bbox 442 3425 492 3480; x_wconf 90' lang='lat' dir='ltr'>est</span> <span class='ocrx_word' id='word_1_192' title='bbox 507 3415 666 3498; x_wconf 91' lang='lat' dir='ltr'>possibile</span> <span class='ocrx_word' id='word_1_193' title='bbox 682 3416 772 3498; x_wconf 92' lang='lat' dir='ltr'>quod</span> <span class='ocrx_word' id='word_1_194' title='bbox 789 3415 904 3481; x_wconf 89' lang='lat' dir='ltr'>oculus</span> <span class='ocrx_word' id='word_1_195' title='bbox 925 3418 1039 3481; x_wconf 91' lang='lat' dir='ltr'>videat</span> <span class='ocrx_word' id='word_1_196' title='bbox 1063 3418 1288 3495; x_wconf 88' lang='lat' dir='ltr'>medietatem,</span> <span class='ocrx_word' id='word_1_197' title='bbox 1303 3419 1362 3482; x_wconf 90' lang='lat' dir='ltr'>sed</span> <span class='ocrx_word' id='word_1_198' title='bbox 1378 3427 1511 3501; x_wconf 91' lang='lat' dir='ltr'>oportet</span> 
     </span>
    </p>
   </div>
   <div class='ocr_carea' id='block_1_9' title="bbox 190 3519 1513 4229">
    <p class='ocr_par' dir='ltr' id='par_1_11' title="bbox 190 3519 1513 4022">
     <span class='ocr_line' id='line_1_28' title="bbox 190 3519 1511 3606; baseline 0.004 -27"><span class='ocrx_word' id='word_1_199' title='bbox 190 3530 322 3579; x_wconf 72' lang='lat' dir='ltr'>thannan.</span> <span class='ocrx_word' id='word_1_200' title='bbox 358 3520 450 3606; x_wconf 91' lang='lat' dir='ltr'>quod</span> <span class='ocrx_word' id='word_1_201' title='bbox 473 3521 585 3583; x_wconf 91' lang='lat' dir='ltr'>videat</span> <span class='ocrx_word' id='word_1_202' title='bbox 608 3519 769 3583; x_wconf 90' lang='lat' dir='ltr'>minorem</span> <span class='ocrx_word' id='word_1_203' title='bbox 793 3520 992 3603; x_wconf 91' lang='lat' dir='ltr'>portionem.</span> <span class='ocrx_word' id='word_1_204' title='bbox 1039 3522 1128 3585; x_wconf 91' lang='lat' dir='ltr'>Nam</span> <span class='ocrx_word' id='word_1_205' title='bbox 1153 3523 1234 3585; x_wconf 93' lang='lat' dir='ltr'>radii</span> <span class='ocrx_word' id='word_1_206' title='bbox 1260 3524 1511 3588; x_wconf 87' lang='lat' dir='ltr'>extremitatum</span> 
     </span>
     <span class='ocr_line' id='line_1_29' title="bbox 358 3622 1512 3708; baseline 0.003 -22"><span class='ocrx_word' id='word_1_207' title='bbox 358 3625 403 3687; x_wconf 90' lang='lat' dir='ltr'>rei</span> <span class='ocrx_word' id='word_1_208' title='bbox 420 3633 617 3688; x_wconf 92' lang='lat' dir='ltr'>concurrunt</span> <span class='ocrx_word' id='word_1_209' title='bbox 632 3623 665 3686; x_wconf 93' lang='lat' dir='ltr'>in</span> <span class='ocrx_word' id='word_1_210' title='bbox 681 3622 835 3687; x_wconf 91' lang='lat' dir='ltr'>oculum:</span> <span class='ocrx_word' id='word_1_211' title='bbox 860 3625 942 3687; x_wconf 92' lang='lat' dir='ltr'>radii</span> <span class='ocrx_word' id='word_1_212' title='bbox 965 3634 1088 3701; x_wconf 90' lang='lat' dir='ltr'>autem,</span> <span class='ocrx_word' id='word_1_213' title='bbox 1103 3626 1159 3708; x_wconf 93' lang='lat' dir='ltr'>qui</span> <span class='ocrx_word' id='word_1_214' title='bbox 1180 3626 1223 3689; x_wconf 96' lang='lat' dir='ltr'>ab</span> <span class='ocrx_word' id='word_1_215' title='bbox 1243 3626 1512 3691; x_wconf 86' lang='lat' dir='ltr'>extremitatibus</span> 
     </span>
     <span class='ocr_line' id='line_1_30' title="bbox 359 3727 1513 3813; baseline 0 -22"><span class='ocrx_word' id='word_1_216' title='bbox 359 3727 547 3792; x_wconf 89' lang='lat' dir='ltr'>medietatis</span> <span class='ocrx_word' id='word_1_217' title='bbox 569 3727 729 3811; x_wconf 91' lang='lat' dir='ltr'>sphaerae</span> <span class='ocrx_word' id='word_1_218' title='bbox 746 3730 905 3806; x_wconf 90' lang='lat' dir='ltr'>venirent,</span> <span class='ocrx_word' id='word_1_219' title='bbox 921 3730 1154 3813; x_wconf 85' lang='lat' dir='ltr'>contingerent</span> <span class='ocrx_word' id='word_1_220' title='bbox 1172 3731 1331 3793; x_wconf 90' lang='lat' dir='ltr'>terminos</span> <span class='ocrx_word' id='word_1_221' title='bbox 1351 3730 1513 3806; x_wconf 90' lang='lat' dir='ltr'>diametri,</span> 
     </span>
     <span class='ocr_line' id='line_1_31' title="bbox 359 3831 1512 3916; baseline 0.001 -22"><span class='ocrx_word' id='word_1_222' title='bbox 359 3851 417 3914; x_wconf 93' lang='lat' dir='ltr'>per</span> <span class='ocrx_word' id='word_1_223' title='bbox 434 3831 496 3894; x_wconf 87' lang='lat' dir='ltr'>xix</span> <span class='ocrx_word' id='word_1_224' title='bbox 521 3833 607 3895; x_wconf 92' lang='lat' dir='ltr'>tertii</span> <span class='ocrx_word' id='word_1_225' title='bbox 632 3831 893 3910; x_wconf 89' lang='lat' dir='ltr'>Elementorum,</span> <span class='ocrx_word' id='word_1_226' title='bbox 917 3843 951 3896; x_wconf 89' lang='lat' dir='ltr'>et</span> <span class='ocrx_word' id='word_1_227' title='bbox 974 3833 1119 3896; x_wconf 83' lang='lat' dir='ltr'>lacerent</span> <span class='ocrx_word' id='word_1_228' title='bbox 1142 3834 1283 3916; x_wconf 87' lang='lat' dir='ltr'>angulos</span> <span class='ocrx_word' id='word_1_229' title='bbox 1305 3843 1413 3899; x_wconf 89' lang='lat' dir='ltr'>rectos</span> <span class='ocrx_word' id='word_1_230' title='bbox 1435 3854 1512 3896; x_wconf 93' lang='lat' dir='ltr'>cum</span> 
     </span>
     <span class='ocr_line' id='line_1_32' title="bbox 358 3935 1510 4022; baseline 0.003 -23"><span class='ocrx_word' id='word_1_231' title='bbox 358 3935 507 3999; x_wconf 90' lang='lat' dir='ltr'>terminis</span> <span class='ocrx_word' id='word_1_232' title='bbox 522 3935 682 4010; x_wconf 87' lang='lat' dir='ltr'>diametri,</span> <span class='ocrx_word' id='word_1_233' title='bbox 695 3935 778 3999; x_wconf 90' lang='lat' dir='ltr'>sicut</span> <span class='ocrx_word' id='word_1_234' title='bbox 795 3936 917 4000; x_wconf 90' lang='lat' dir='ltr'>ibidem</span> <span class='ocrx_word' id='word_1_235' title='bbox 934 3936 1070 4000; x_wconf 90' lang='lat' dir='ltr'>dicetur.</span> <span class='ocrx_word' id='word_1_236' title='bbox 1108 3937 1198 4021; x_wconf 86' lang='lat' dir='ltr'>Ergo</span> <span class='ocrx_word' id='word_1_237' title='bbox 1210 3938 1405 4022; x_wconf 89' lang='lat' dir='ltr'>relinquitur</span> <span class='ocrx_word' id='word_1_238' title='bbox 1420 3940 1510 4021; x_wconf 92' lang='lat' dir='ltr'>quod</span> 
     </span>
    </p>

    <p class='ocr_par' dir='ltr' id='par_1_12' title="bbox 359 4041 1512 4229">
     <span class='ocr_line' id='line_1_33' title="bbox 359 4041 931 4124; baseline 0.002 -20"><span class='ocrx_word' id='word_1_239' title='bbox 359 4059 425 4104; x_wconf 91' lang='lat' dir='ltr'>non</span> <span class='ocrx_word' id='word_1_240' title='bbox 440 4051 635 4104; x_wconf 89' lang='lat' dir='ltr'>concurrent</span> <span class='ocrx_word' id='word_1_241' title='bbox 651 4060 710 4123; x_wconf 90' lang='lat' dir='ltr'>per</span> <span class='ocrx_word' id='word_1_242' title='bbox 725 4041 931 4124; x_wconf 90' lang='lat' dir='ltr'>petitionem.</span> 
     </span>
     <span class='ocr_line' id='line_1_34' title="bbox 403 4142 1512 4229; baseline 0.004 -22"><span class='ocrx_word' id='word_1_243' title='bbox 403 4142 504 4225; x_wconf 86' lang='lat' dir='ltr'>Quod</span> <span class='ocrx_word' id='word_1_244' title='bbox 520 4153 631 4208; x_wconf 88' lang='lat' dir='ltr'>autern</span> <span class='ocrx_word' id='word_1_245' title='bbox 654 4143 771 4207; x_wconf 91' lang='lat' dir='ltr'>stellae</span> <span class='ocrx_word' id='word_1_246' title='bbox 794 4164 837 4207; x_wconf 89' lang='lat' dir='ltr'>ex</span> <span class='ocrx_word' id='word_1_247' title='bbox 862 4164 962 4207; x_wconf 88' lang='lat' dir='ltr'>causa</span> <span class='ocrx_word' id='word_1_248' title='bbox 982 4154 1140 4228; x_wconf 89' lang='lat' dir='ltr'>perpetua</span> <span class='ocrx_word' id='word_1_249' title='bbox 1157 4146 1332 4210; x_wconf 88' lang='lat' dir='ltr'>videantur</span> <span class='ocrx_word' id='word_1_250' title='bbox 1347 4145 1512 4229; x_wconf 87' lang='lat' dir='ltr'>majores¹</span> 
     </span>
    </p>
   </div>
   <div class='ocr_carea' id='block_1_10' title="bbox 359 4296 1515 4676">
    <p class='ocr_par' dir='ltr' id='par_1_13' title="bbox 359 4296 1515 4676">
     <span class='ocr_line' id='line_1_35' title="bbox 394 4296 1513 4362; baseline 0.004 -18"><span class='ocrx_word' id='word_1_251' title='bbox 394 4297 400 4325; x_wconf 89' lang='lat'><strong>¹</strong></span> <span class='ocrx_word' id='word_1_252' title='bbox 420 4297 528 4346; x_wconf 86' lang='lat' dir='ltr'>Ptolom.</span> <span class='ocrx_word' id='word_1_253' title='bbox 549 4297 643 4359; x_wconf 82' lang='lat' dir='ltr'>Oplr&#39;ca,</span> <span class='ocrx_word' id='word_1_254' title='bbox 659 4313 683 4358; x_wconf 92' lang='lat' dir='ltr'>p.</span> <span class='ocrx_word' id='word_1_255' title='bbox 702 4298 751 4358; x_wconf 75' lang='lat'>783</span> <span class='ocrx_word' id='word_1_256' title='bbox 771 4296 900 4346; x_wconf 90' lang='lat' dir='ltr'>‘Visibilis</span> <span class='ocrx_word' id='word_1_257' title='bbox 917 4298 1011 4358; x_wconf 76' lang='lat' dir='ltr'>radius,</span> <span class='ocrx_word' id='word_1_258' title='bbox 1029 4299 1133 4360; x_wconf 83' lang='lat' dir='ltr'>quando</span> <span class='ocrx_word' id='word_1_259' title='bbox 1148 4299 1216 4348; x_wconf 82' lang='lat' dir='ltr'>cadit</span> <span class='ocrx_word' id='word_1_260' title='bbox 1232 4314 1313 4362; x_wconf 89' lang='lat' dir='ltr'>super</span> <span class='ocrx_word' id='word_1_261' title='bbox 1328 4314 1371 4348; x_wconf 88' lang='lat' dir='ltr'>res</span> <span class='ocrx_word' id='word_1_262' title='bbox 1388 4300 1513 4350; x_wconf 82' lang='lat' dir='ltr'>videndas</span> 
     </span>
     <span class='ocr_line' id='line_1_36' title="bbox 360 4375 1514 4436; baseline 0.003 -12"><span class='ocrx_word' id='word_1_263' title='bbox 360 4375 435 4424; x_wconf 78' lang='lat' dir='ltr'>aliter</span> <span class='ocrx_word' id='word_1_264' title='bbox 444 4390 521 4436; x_wconf 81' lang='lat' dir='ltr'>quam</span> <span class='ocrx_word' id='word_1_265' title='bbox 533 4375 602 4424; x_wconf 86' lang='lat' dir='ltr'>inest</span> <span class='ocrx_word' id='word_1_266' title='bbox 613 4375 637 4424; x_wconf 88' lang='lat' dir='ltr'>ei</span> <span class='ocrx_word' id='word_1_267' title='bbox 648 4375 682 4423; x_wconf 85' lang='lat' dir='ltr'>de</span> <span class='ocrx_word' id='word_1_268' title='bbox 694 4381 784 4423; x_wconf 79' lang='lat' dir='ltr'>natura</span> <span class='ocrx_word' id='word_1_269' title='bbox 801 4383 827 4423; x_wconf 90' lang='lat' dir='ltr'>et</span> <span class='ocrx_word' id='word_1_270' title='bbox 843 4376 1040 4435; x_wconf 89' lang='lat' dir='ltr'>consuetudine,</span> <span class='ocrx_word' id='word_1_271' title='bbox 1053 4377 1138 4425; x_wconf 88' lang='lat' dir='ltr'>minus</span> <span class='ocrx_word' id='word_1_272' title='bbox 1154 4378 1233 4426; x_wconf 84' lang='lat' dir='ltr'>sentit</span> <span class='ocrx_word' id='word_1_273' title='bbox 1245 4393 1337 4426; x_wconf 89' lang='lat' dir='ltr'>omnes</span> <span class='ocrx_word' id='word_1_274' title='bbox 1350 4379 1514 4428; x_wconf 86' lang='lat' dir='ltr'>diversitates</span> 
     </span>
     <span class='ocr_line' id='line_1_37' title="bbox 359 4453 1514 4518; baseline 0.004 -18"><span class='ocrx_word' id='word_1_275' title='bbox 359 4468 427 4515; x_wconf 81' lang='lat' dir='ltr'>quae</span> <span class='ocrx_word' id='word_1_276' title='bbox 444 4453 471 4500; x_wconf 92' lang='lat' dir='ltr'>in</span> <span class='ocrx_word' id='word_1_277' title='bbox 489 4453 527 4501; x_wconf 90' lang='lat' dir='ltr'>eis</span> <span class='ocrx_word' id='word_1_278' title='bbox 543 4461 618 4513; x_wconf 86' lang='lat' dir='ltr'>sunt;</span> <span class='ocrx_word' id='word_1_279' title='bbox 634 4453 753 4502; x_wconf 89' lang='lat' dir='ltr'>similiter</span> <span class='ocrx_word' id='word_1_280' title='bbox 766 4453 844 4502; x_wconf 77' lang='lat' dir='ltr'>ettam</span> <span class='ocrx_word' id='word_1_281' title='bbox 860 4455 910 4502; x_wconf 85' lang='lat' dir='ltr'>erit</span> <span class='ocrx_word' id='word_1_282' title='bbox 928 4455 1082 4503; x_wconf 81' lang='lat' dir='ltr'>sensibilitas</span> <span class='ocrx_word' id='word_1_283' title='bbox 1099 4456 1155 4516; x_wconf 82' lang='lat' dir='ltr'>ejus</span> <span class='ocrx_word' id='word_1_284' title='bbox 1172 4456 1205 4504; x_wconf 89' lang='lat' dir='ltr'>de</span> <span class='ocrx_word' id='word_1_285' title='bbox 1223 4457 1352 4505; x_wconf 85' lang='lat' dir='ltr'>distantiis</span> <span class='ocrx_word' id='word_1_286' title='bbox 1363 4472 1427 4518; x_wconf 79' lang='lat' dir='ltr'>quas</span> <span class='ocrx_word' id='word_1_287' title='bbox 1444 4473 1514 4505; x_wconf 81' lang='lat' dir='ltr'>corn·</span> 
     </span>
     <span class='ocr_line' id='line_1_38' title="bbox 359 4530 1515 4596; baseline 0.004 -17"><span class='ocrx_word' id='word_1_288' title='bbox 359 4530 498 4593; x_wconf 83' lang='lat' dir='ltr'>prehendit</span> <span class='ocrx_word' id='word_1_289' title='bbox 509 4531 600 4580; x_wconf 86' lang='lat' dir='ltr'>minor.</span> <span class='ocrx_word' id='word_1_290' title='bbox 634 4531 743 4580; x_wconf 89' lang='lat' dir='ltr'>Videtur</span> <span class='ocrx_word' id='word_1_291' title='bbox 753 4532 823 4580; x_wconf 88' lang='lat' dir='ltr'>enim</span> <span class='ocrx_word' id='word_1_292' title='bbox 835 4533 882 4580; x_wconf 85' lang='lat' dir='ltr'>hac</span> <span class='ocrx_word' id='word_1_293' title='bbox 894 4533 928 4580; x_wconf 89' lang='lat' dir='ltr'>de</span> <span class='ocrx_word' id='word_1_294' title='bbox 940 4549 1016 4582; x_wconf 78' lang='lat' dir='ltr'>causa</span> <span class='ocrx_word' id='word_1_295' title='bbox 1025 4535 1095 4594; x_wconf 92' lang='lat' dir='ltr'>quod</span> <span class='ocrx_word' id='word_1_296' title='bbox 1107 4535 1140 4582; x_wconf 93' lang='lat' dir='ltr'>de</span> <span class='ocrx_word' id='word_1_297' title='bbox 1156 4535 1233 4582; x_wconf 87' lang='lat' dir='ltr'>rebus</span> <span class='ocrx_word' id='word_1_298' title='bbox 1244 4550 1310 4596; x_wconf 85' lang='lat' dir='ltr'>quae</span> <span class='ocrx_word' id='word_1_299' title='bbox 1325 4543 1385 4584; x_wconf 90' lang='lat' dir='ltr'>sunt</span> <span class='ocrx_word' id='word_1_300' title='bbox 1397 4537 1423 4583; x_wconf 92' lang='lat' dir='ltr'>in</span> <span class='ocrx_word' id='word_1_301' title='bbox 1439 4536 1515 4584; x_wconf 85' lang='lat' dir='ltr'>coelo</span> 
     </span>
     <span class='ocr_line' id='line_1_39' title="bbox 359 4607 1515 4676; baseline 0.005 -20"><span class='ocrx_word' id='word_1_302' title='bbox 359 4615 386 4657; x_wconf 88' lang='lat' dir='ltr'>et</span> <span class='ocrx_word' id='word_1_303' title='bbox 397 4607 555 4657; x_wconf 87' lang='lat' dir='ltr'>subtendunt</span> <span class='ocrx_word' id='word_1_304' title='bbox 568 4609 690 4670; x_wconf 74' lang='lat' dir='ltr'>aequales</span> <span class='ocrx_word' id='word_1_305' title='bbox 705 4609 814 4670; x_wconf 77' lang='lat' dir='ltr'>angulos</span> <span class='ocrx_word' id='word_1_306' title='bbox 825 4611 894 4659; x_wconf 90' lang='lat' dir='ltr'>inter</span> <span class='ocrx_word' id='word_1_307' title='bbox 905 4611 991 4659; x_wconf 79' lang='lat' dir='ltr'>radios</span> <span class='ocrx_word' id='word_1_308' title='bbox 1003 4611 1121 4674; x_wconf 78' lang='lat' dir='ltr'>visibiles,</span> <span class='ocrx_word' id='word_1_309' title='bbox 1134 4611 1193 4661; x_wconf 77' lang='lat' dir='ltr'>illae</span> <span class='ocrx_word' id='word_1_310' title='bbox 1204 4627 1270 4673; x_wconf 77' lang='lat' dir='ltr'>quae</span> <span class='ocrx_word' id='word_1_311' title='bbox 1281 4613 1442 4676; x_wconf 82' lang='lat' dir='ltr'>propinquae</span> <span class='ocrx_word' id='word_1_312' title='bbox 1453 4621 1515 4662; x_wconf 88' lang='lat' dir='ltr'>sunt</span> 
     </span>
    </p>
   </div>
   <div class='ocr_carea' id='block_1_11' title="bbox 0 0 1787 5359">
    <p class='ocr_par' dir='ltr' id='par_1_14' title="bbox 0 0 1787 5359">
     <span class='ocr_line' id='line_1_40' title="bbox 0 0 1787 5359; baseline 0 0"><span class='ocrx_word' id='word_1_313' title='bbox 0 0 1787 5359; x_wconf 95' lang='lat' dir='ltr'> </span> 
     </span>
    </p>
   </div>
  </div>
 </body>
</html>
