3542 5359
366 625 429 704 378
581 628 737 688 OPERIS
761 625 950 697 MAJORIS
974 624 1088 683 PARS
1110 619 1308 681 SEPTIMA.

368 789 550 874 aliquando
579 813 645 855 non
674 793 828 857 fuerunt:
864 812 944 873 ergo
977 810 1052 854 cum
1083 807 1150 851 non
1185 806 1256 849 esse
1285 781 1459 864 elongetur
1490 774 1524 838 5¹1

370 894 536 960 infinitum
566 897 610 959 ab
640 917 682 960 eo
712 897 802 979 quod
828 915 959 979 semper
985 893 1056 968 fuit,
1084 911 1150 955 non
1174 901 1225 953 est
1247 884 1418 970 proportio
1439 881 1525 945 inter

371 999 436 1063 illa.
482 999 529 1064 Et
555 1002 631 1064 ideo
657 1000 733 1063 talis
759 1021 811 1064 res
838 1020 904 1063 non
932 999 1055 1081 poterit
1083 1015 1149 1059 non
1175 1014 1266 1058 esse:
1297 1000 1330 1053 et
1357 987 1447 1051 istud
1472 995 1524 1047 est

371 1104 596 1187 receptibilius
620 1106 711 1167 omni
737 1125 963 1187 eorumquae
989 1103 1042 1165 hic
1068 1101 1233 1176 dicuntur,
1253 1106 1288 1161 et
1315 1095 1391 1158 ideo
1417 1088 1524 1171 magis

370 1218 423 1272 est
437 1208 656 1291 conceptibile
671 1229 770 1291 quam
788 1210 940 1291 indigens
955 1207 1160 1289 probatione.

205 1324 315 1386 Eremiry
331 1322 361 1370 ot
416 1311 517 1394 Quod
547 1324 659 1377 autem
689 1333 741 1376 res
770 1333 856 1395 quae
885 1331 1016 1392 semper
1046 1309 1108 1372 fuit
1145 1317 1179 1370 et
1209 1305 1270 1369 erit
1300 1304 1344 1367 sit
1377 1297 1526 1364 infinitae

202 1390 325 1439 ummoe

203 1454 304 1520 implies

204 1521 298 1569 infinite

204 1602 299 1650 power.

210 2359 309 2407 lnhnite

209 2441 293 2488 power
317 2425 364 2472 im·

208 2491 274 2602 plies
285 2492 322 2538 in·

225 2558 276 2606 nite

210 2637 314 2671 essence

371 1417 553 1500 potentiae,
578 1417 787 1480 manifestum
813 1428 872 1479 est.
920 1415 1008 1497 Quia
1029 1415 1056 1476 si
1076 1415 1117 1477 sit
1133 1411 1245 1475 finitae
1260 1407 1430 1490 potentiae
1445 1411 1525 1464 tunc

371 1541 431 1583 sua
446 1523 597 1602 potentia
612 1532 662 1584 est
682 1519 883 1604 imperfecta,
899 1521 978 1602 quia
997 1519 1030 1581 in
1050 1517 1141 1581 omni
1157 1515 1251 1578 finito
1272 1519 1383 1595 potest
1397 1505 1525 1588 aliquid

372 1624 461 1700 addi,
484 1635 518 1688 et
544 1645 643 1688 omne
665 1623 893 1706 imperfectum
917 1633 968 1687 est
990 1621 1182 1687 naturaliter
1204 1616 1392 1697 subjectum
1416 1620 1526 1674 muta-

373 1728 467 1804 tioni,
496 1729 555 1791 sed
585 1749 651 1791 non
680 1740 732 1792 est
758 1727 917 1810 possibile
943 1727 1021 1811 poni
1044 1726 1189 1807 aliquam
1218 1718 1437 1785 mutationem
1465 1713 1528 1776 nisi

374 1841 517 1914 ponatur
537 1832 651 1913 prima.
695 1832 842 1895 Primum
858 1833 947 1894 enim
968 1841 1020 1894 est
1040 1841 1118 1892 ante
1138 1826 1302 1910 posterius
1322 1818 1527 1886 naturaliter.

376 1935 422 1997 Et
437 1935 512 1998 ideo
526 1955 603 1999 cum
620 1938 725 2018 prima
741 1937 884 2000 mutatio
900 1937 943 1998 sit
960 1936 1048 1998 circa
1069 1954 1141 1996 esse
1162 1943 1194 1994 et
1214 1951 1280 1994 non
1296 1947 1377 2004 esse,
1392 1933 1529 2008 oportet

374 2042 465 2121 quod
482 2040 565 2105 haec
583 2041 627 2104 sit
645 2040 812 2123 possibilis
835 2043 867 2103 in
885 2061 925 2104 eo
945 2039 1035 2120 quod
1055 2038 1157 2101 habet
1177 2033 1363 2117 potentiam
1387 2029 1529 2093 finitam.

376 2142 444 2208 Sed
461 2143 542 2208 haec
558 2145 700 2207 mutatio
717 2165 784 2207 non
800 2145 890 2208 cadit
906 2144 939 2205 in
959 2163 1001 2206 eo
1014 2141 1103 2225 quod
1125 2159 1255 2221 semper
1271 2136 1333 2200 fuit
1348 2145 1383 2200 et
1398 2153 1532 2215 semper

376 2247 458 2324 erit;
480 2259 683 2331 quapropter
698 2269 757 2312 nec
773 2247 882 2311 finitas
897 2247 1075 2329 potentiae.

422 2351 508 2413 Item
525 2351 738 2435 Philosophia
758 2353 867 2433 arguit
888 2351 986 2414 tertio
1001 2351 1044 2413 de
1060 2344 1318 2413 Consolatione¹
1335 2345 1400 2408 hoc
1417 2343 1531 2406 modo.

379 2454 417 2516 In
435 2455 525 2517 omni
542 2474 662 2536 genere
677 2455 733 2518 ubi
750 2456 909 2537 reperitur
929 2454 1157 2537 imperfectum
1181 2462 1297 2515 uatum
1321 2459 1372 2512 est
1395 2445 1532 2529 reperiri

378 2557 568 2639 perfectum.
627 2559 673 2622 Et
702 2561 779 2624 ideo
809 2561 843 2621 in
872 2579 994 2642 genere
1025 2558 1192 2640 potentiae
1221 2563 1355 2638 oportet
1386 2551 1533 2633 reperire

377 2664 562 2743 potentiam
579 2661 759 2745 perfectam
776 2674 955 2746 postquam
976 2661 1204 2746 imperfectam
1225 2659 1414 2741 reperimus
1462 2653 1533 2718 Sed

377 2767 558 2849 perfectum
571 2766 584 2802 ²
597 2778 648 2831 est
662 2769 715 2831 cui
730 2767 810 2830 nihil
826 2768 929 2840 deest,
946 2787 1007 2829 nec
1022 2767 1149 2848 aliquid
1163 2764 1243 2828 addi
1259 2771 1390 2844 potest;
1414 2778 1534 2823 secun-

376 2871 458 2934 dum
473 2870 692 2934 Aristotelem
709 2872 808 2935 tertio
825 2871 1042 2953 Physicorum
1066 2882 1099 2934 et
1123 2870 1242 2951 quinto
1267 2865 1535 2947 Metaphysicae.

379 2974 426 3036 Et
455 2975 508 3037 cui
535 2975 616 3037 nihil
646 2975 725 3038 addi
762 2985 873 3057 potest
903 2973 984 3038 illud
1015 2984 1066 3036 est
1096 2971 1284 3045 infinitum
1321 2970 1402 3051 quia
1436 2968 1534 3031 finito

380 3078 472 3140 omni
501 3079 534 3140 in
560 3088 722 3159 quantum
752 3078 954 3159 hujusmodi,
977 3086 1090 3159 potest
1120 3076 1190 3140 fieri
1216 3075 1355 3150 additi0,
1376 3083 1411 3135 et
1440 3072 1534 3136 aliud

379 3190 477 3243 extra
492 3180 573 3244 illud
592 3182 728 3264 intelligi
746 3191 865 3264 potest
910 3181 1054 3263 Oportet
1073 3201 1153 3262 ergo
1173 3180 1264 3262 quod
1286 3177 1438 3261 potentia
1460 3196 1536 3258 per·

380 3284 466 3346 fecta
489 3285 532 3346 sit
558 3283 695 3348 infinita
750 3285 817 3349 Sed
842 3286 875 3348 in
900 3287 998 3348 rebus
1027 3285 1101 3348 aliis
1129 3284 1174 3348 ab
1204 3283 1266 3346 hac
1297 3302 1398 3346 causa
1428 3299 1534 3362 quam

380 3388 570 3468 quaerimus
593 3407 659 3450 non
681 3400 731 3451 eet
754 3391 904 3472 potentia
925 3387 1071 3471 perfecta
1094 3399 1129 3453 et
1152 3386 1290 3458 infinita,
1312 3407 1395 3469 ergo
1417 3386 1451 3448 in
1472 3384 1537 3448 hac

380 3489 441 3552 erit
466 3489 543 3552 talis
569 3491 727 3571 potentia.
773 3491 842 3557 Sed
871 3495 899 3556 si
930 3493 1080 3576 potentia
1109 3491 1182 3572 ejus
1210 3501 1261 3553 est
1289 3489 1429 3566 infinita,
1455 3501 1537 3552 tunc

380 3593 524 3656 essentia
552 3603 602 3657 est
632 3594 768 3672 infinita,
798 3597 876 3677 quia
906 3597 1055 3677 potentia
1087 3615 1153 3658 non
1178 3594 1314 3658 excedit
1346 3594 1539 3656 essentiam.

382 3697 470 3758 Nam
494 3699 634 3761 essentia
651 3695 703 3759 vel
723 3711 774 3762 est
795 3700 941 3782 aequalis
964 3701 1134 3781 potentiae
1156 3700 1209 3763 vel
1238 3697 1350 3779 major.
1397 3697 1445 3759 Et
1466 3697 1538 3779 jam

381 3799 508 3880 positae
529 3811 606 3863 sunt
627 3802 928 3866 demonstrationes
950 3805 994 3866 ad
1016 3805 1080 3866 hoc
1104 3804 1136 3866 in
1159 3803 1207 3867 eis
1229 3821 1316 3884 quae
1344 3803 1436 3865 dicta
1459 3811 1541 3865 sunt

382 3903 425 3966 de
449 3904 588 3967 materia
596 3906 619 3966 ³.
666 3905 881 3969 Manifestum
915 3917 966 3970 est
996 3908 1095 3991 igitur
1124 3907 1214 3988 quod
1245 3907 1392 3969 essentia
1415 3925 1540 3969 causae

382 4007 509 4087 primae
523 4018 573 4070 est
588 4007 723 4072 infinita.

417 4176 424 4204 ¹
442 4175 540 4225 Consul.
552 4176 729 4240 Philosophiae,
744 4178 787 4227 lib.
800 4177 834 4226 iii.
848 4178 929 4228 Prosa
940 4195 974 4227 x:
995 4181 1096 4230 ‘Omne
1109 4181 1179 4229 enim
1192 4183 1262 4243 quod
1280 4181 1461 4243 imperfectum
1480 4195 1542 4229 esse

384 4253 486 4310 dicitur,
499 4255 524 4302 id
537 4254 713 4304 immin.tione
731 4256 837 4317 perfecti
854 4258 1030 4318 imperfectum
1042 4275 1101 4308 esse
1116 4260 1273 4321 perhibetur.
1309 4259 1369 4320 Quo
1385 4259 1415 4307 fit
1432 4267 1463 4308 ut
1479 4261 1503 4308 si
1516 4259 1543 4308 in

384 4334 497 4394 quolibet
508 4351 604 4395 genere
616 4337 791 4398 imperfectum
803 4339 863 4398 quid
875 4355 934 4388 me
945 4342 1070 4403 videatur,
1084 4343 1110 4389 in
1122 4359 1154 4389 eo
1166 4343 1309 4404 perfectum
1324 4357 1430 4403 quoque
1442 4343 1544 4403 aliquid

385 4426 446 4459 esse
463 4427 569 4461 neeesse
590 4415 632 4464 sit.
666 4415 776 4474 Etenim,
794 4416 953 4476 perfectione
969 4419 1077 4480 sublata,
1095 4421 1165 4469 unde
1183 4421 1245 4468 illud
1266 4421 1338 4483 quod
1358 4420 1544 4482 imperfectum

387 4488 535 4548 perhibetur
545 4493 660 4540 extiterit
671 4508 703 4540 ne
716 4493 778 4554 fingi
789 4495 891 4554 quidem
904 4497 1007 4557 potest’

417 4562 428 4590 ²
443 4565 482 4613 De
491 4565 568 4628 Coelo,
581 4569 606 4615 ii.
618 4585 633 4629 4
644 4567 740 4616 τέλειόν
750 4570 819 4618 ἐστιν
830 4568 859 4619 oi
869 4573 945 4634 μηδὲν
955 4572 1001 4636 ἕξοι
1011 4575 1099 4629 λαβεῖν
1109 4575 1184 4624 αὑτοῦ
1194 4575 1304 4626 δυνατόν.

421 4640 431 4667 ³
448 4641 487 4690 Cf.
501 4643 552 4693 vol.
565 4645 581 4692 i.
593 4660 635 4706 pp.
651 4650 771 4708 143—148.
