3542 5359
389 596 450 678 398
604 600 760 659 OPERIS
782 599 971 671 MAJORIS
995 598 1110 660 PARS
1132 598 1332 659 SEPTIMA.

392 764 547 829 Daemon
576 765 620 828 ad
651 784 784 829 murum
816 764 987 848 quendam
1009 785 1113 847 prope
1135 773 1169 828 et
1192 765 1346 845 deposita
1375 783 1498 828 corona
1523 785 1544 828 a

391 868 501 950 capite
515 889 577 934 suo
591 868 742 934 adoravit
757 880 792 934 et
807 889 893 952 genu
911 869 1015 934 flexit.
1061 868 1138 950 Quo
1158 867 1246 934 iacto
1268 889 1416 933 reversus
1435 879 1487 934 est
1501 869 1543 931 ad

391 993 457 1044 eos,
475 971 594 1036 iterum
608 992 767 1055 quaereus
779 975 859 1056 quid
873 973 1008 1036 vellent.
1054 971 1188 1037 Etcum
1203 973 1386 1037 Dominam
1394 973 1545 1036 homines

391 1077 534 1158 perversi
550 1077 785 1155 sollicitabant,
800 1078 939 1161 ipsaque
956 1097 1038 1159 prae
1052 1077 1172 1141 timore
1192 1097 1258 1140 non
1280 1087 1332 1141 est
1349 1098 1429 1141 ausa
1445 1077 1544 1159 loqui,

391 1182 489 1245 rediit
505 1181 668 1247 Diabolus
684 1184 728 1246 ad
744 1183 854 1246 locum
869 1185 1013 1266 priorem
1030 1182 1087 1247 ubi
1106 1183 1311 1258 adoraverat,
1326 1191 1360 1245 et
1376 1180 1544 1245 inclinavit

390 1296 492 1369 caput
521 1306 630 1365 suum,
659 1287 719 1350 sed
748 1306 817 1350 non
845 1287 1000 1370 deposuit
1029 1305 1188 1350 coronam
1226 1307 1286 1350 nec
1322 1305 1411 1368 genu
1441 1284 1545 1349 flexit.

391 1389 523 1454 Deinde
545 1390 643 1453 rediit
662 1390 706 1455 ad
727 1411 794 1468 eos,
814 1400 849 1454 et
871 1391 1104 1472 quaesiverunt
1127 1389 1232 1454 abeo
1254 1410 1357 1473 quare
1374 1390 1421 1452 sic
1437 1390 1544 1472 primo

390 1493 468 1557 lecit
487 1503 522 1558 et
544 1495 591 1557 sic
612 1495 767 1558 secundo.
814 1494 892 1577 Ipse
914 1514 993 1557 vero
1014 1495 1100 1557 dixit
1125 1493 1372 1576 quodquidam
1397 1491 1545 1556 infirmus

388 1597 490 1679 jacuit
512 1597 599 1660 ultra
629 1617 760 1661 murum
783 1598 817 1661 in
840 1598 944 1662 domo
972 1599 1126 1681 quadam,
1149 1607 1183 1661 et
1213 1599 1369 1662 sacerdos
1398 1597 1544 1679 portavit

391 1721 510 1783 corpus
540 1700 662 1766 Christi
691 1702 735 1764 ad
765 1723 864 1766 eum:
896 1709 930 1765 et
960 1703 1128 1782 ‘oportuit
1158 1697 1229 1778 me,'
1257 1701 1347 1766 dixit
1378 1703 1544 1775 Daemon,

391 1811 566 1869 ‘coronam
583 1807 625 1868 de
640 1807 751 1888 capite
767 1826 843 1870 meo
858 1807 1026 1888 deponere
1041 1814 1075 1869 et
1090 1807 1230 1870 adorare
1244 1815 1278 1868 et
1299 1825 1386 1888 genu
1403 1804 1545 1882 flectere,

389 1909 469 1990 quia
494 1909 654 1990 scriptum
675 1920 734 1984 est,
758 1909 796 1972 ln
822 1909 955 1973 nomine
975 1909 1054 1991 Jesu
1075 1930 1174 1973 omne
1195 1929 1282 1993 genu
1303 1909 1446 1974 flectitur
1465 1928 1544 1973 coe-

391 2013 533 2086 lestium,
556 2015 768 2091 terrestrium,
785 2023 818 2078 et
835 2012 1044 2078 infernorum.
1091 2013 1137 2078 Et
1154 2015 1289 2097 quando
1307 2015 1450 2078 secunda
1471 2014 1544 2076 vice

391 2119 482 2192 redii,
509 2120 647 2182 dederat
674 2120 830 2184 sacerdos
856 2138 978 2202 corpus
1007 2118 1131 2182 Christi
1162 2118 1304 2199 infirmo,
1325 2129 1359 2182 et
1386 2119 1544 2202 portabat

391 2243 450 2287 vas
471 2242 623 2299 vacuum,
646 2232 681 2286 et
703 2222 779 2286 ideo
801 2243 868 2286 non
892 2223 1030 2306 deposui
1057 2242 1214 2288 coronam
1244 2242 1305 2287 nec
1334 2243 1422 2306 genu
1451 2220 1545 2301 flexi,

390 2327 450 2392 sed
480 2336 611 2392 tanturn
635 2335 771 2410 propter
800 2328 1018 2390 reverentiam
1042 2327 1211 2409 portitoris
1241 2336 1276 2390 et
1300 2327 1388 2390 vasis
1419 2325 1544 2391 Christi

391 2450 454 2514 ego
476 2430 632 2493 inclinavi
653 2438 754 2514 caput
776 2442 810 2493 et
832 2427 987 2495 adoravi!
1034 2430 1130 2494 Tunc
1150 2429 1337 2513 Episcopus
1357 2429 1544 2496 haereticus

392 2534 498 2598 factus
521 2545 571 2598 est
592 2554 689 2597 verus
712 2532 929 2609 Christianus,
953 2543 987 2598 et
1008 2537 1123 2599 statim
1148 2537 1271 2616 incepit
1294 2534 1393 2599 fidem
1417 2533 1543 2599 Christi

391 2639 591 2720 praedicare,
613 2648 647 2702 et
673 2637 873 2702 haereticam
897 2639 1098 2703 confundere
1125 2639 1333 2721 pravitatem.
1378 2637 1410 2702 O
1438 2658 1542 2720 quarn

389 2763 467 2806 vera
493 2743 646 2824 probatio
673 2751 707 2806 et
734 2762 834 2825 quam
862 2743 982 2806 nobilis
1009 2753 1060 2807 est
1086 2744 1157 2817 ista,
1180 2743 1274 2825 cujus
1300 2742 1372 2807 laus
1399 2745 1543 2806 enarrari

389 2867 457 2912 non
489 2855 619 2932 potestl
666 2846 712 2911 Et
748 2847 865 2910 vivunt
895 2847 992 2909 multi
1025 2848 1082 2930 qui
1119 2848 1207 2911 istud
1241 2847 1367 2911 factum
1398 2857 1543 2910 noscunt

388 2951 673 3016 certitudinaliter.

433 3056 566 3119 Accidit
582 3056 683 3119 etiarn
700 3055 732 3118 in
749 3056 863 3119 ordine
879 3055 1032 3119 Fratrum
1051 3055 1217 3118 Minorum
1234 3054 1324 3136 quod
1341 3073 1424 3118 unus
1440 3052 1544 3117 irater

389 3180 448 3242 per
459 3159 580 3222 multos
591 3179 698 3222 annos
710 3160 773 3222 hoc
790 3158 1044 3224 Sacramentum
1057 3159 1300 3222 communicare
1316 3178 1382 3222 non
1399 3168 1542 3242 poterat,

389 3284 451 3328 nec
473 3264 618 3330 stetisset
647 3285 759 3328 coram
781 3265 877 3329 altari
908 3263 1162 3328 cumfratribus
1192 3265 1328 3346 quando
1358 3265 1543 3327 commuui-

388 3367 519 3439 cabant,
534 3369 561 3430 si
577 3367 651 3451 quis
665 3368 695 3431 ei
710 3379 820 3432 totum
837 3370 997 3432 mundum
1012 3369 1179 3446 dedisset3
1202 3369 1260 3450 qui
1276 3378 1388 3432 tamen
1403 3367 1543 3431 nescivit

389 3473 468 3553 quid
484 3481 570 3534 esset
587 3471 621 3534 in
636 3491 745 3535 causa.
792 3472 838 3537 Et
853 3473 938 3537 sicut
954 3471 1030 3536 Deo
1046 3471 1178 3554 placuit,
1194 3492 1279 3535 unus
1295 3471 1395 3535 frater
1409 3471 1543 3554 sapiens

389 3586 423 3641 et
438 3585 573 3639 sanctus
589 3575 676 3638 dixit
694 3577 724 3639 ei
739 3578 829 3659 quod
845 3576 898 3640 vel
915 3576 976 3639 suit
991 3577 1024 3638 in
1040 3586 1178 3658 peccato
1195 3575 1323 3639 mortali
1340 3573 1472 3652 crudeli,
1488 3575 1542 3639 vel

388 3699 455 3743 non
479 3680 541 3744 luit
563 3679 761 3762 baptizatus.
808 3680 886 3762 lpse
909 3701 996 3752 vero,
1020 3679 1194 3762 diligenter
1217 3680 1427 3744 considerans
1449 3682 1540 3761 quod

388 3803 454 3846 non
492 3782 608 3847 habuit
638 3784 871 3847 conscientiam
906 3786 949 3848 de
985 3793 1134 3865 peccato,
1164 3783 1286 3864 incepit
1315 3783 1468 3846 dubitare
1499 3785 1542 3847 de

387 3887 566 3970 baptismo.
613 3886 658 3950 Et
685 3887 850 3969 inquirens
871 3907 891 3950 a
914 3885 1107 3969 parentibus
1130 3888 1173 3950 de
1204 3887 1305 3950 modo
1337 3886 1540 3969 baptizandi,

387 3992 511 4055 invenit
525 3992 617 4074 quod
633 3991 703 4072 ipse
718 4003 753 4055 et
772 3992 856 4055 alius
876 4012 958 4074 puer
981 3991 1112 4054 luerunt
1135 3991 1301 4054 sacerdoti
1320 3991 1421 4054 simul
1445 4012 1540 4073 prae-

386 4096 517 4171 sentati,
538 4096 594 4176 qui
624 4095 766 4158 alterum
796 4095 980 4176 baptizavit
1009 4103 1043 4157 et
1074 4095 1174 4158 istum
1205 4115 1264 4176 per
1293 4094 1541 4176 simplicitatem

386 4197 546 4281 neglexit.
592 4196 670 4279 Quo
685 4208 858 4281 comperto
873 4197 949 4262 fecit
965 4217 1000 4261 se
1010 4198 1042 4260 in
1060 4198 1176 4261 ordine
1186 4197 1357 4278 baptizari,
1370 4207 1404 4262 et
1421 4207 1541 4280 postea

387 4303 512 4383 recepit
528 4301 781 4366 Sacramentum
796 4301 924 4366 Altaris
939 4301 1023 4365 sicut
1040 4301 1124 4365 alius
1139 4300 1251 4365 horno.
1289 4301 1344 4364 Ex
1361 4322 1428 4383 quo
1445 4312 1540 4384 patet

387 4405 478 4485 quod
493 4406 614 4468 veritas
629 4403 729 4487 hujus
749 4405 958 4470 Sacramenti
974 4426 1033 4488 per
1054 4404 1264 4487 Baptismum
1280 4406 1421 4487 probata
1438 4417 1489 4470 est
1505 4418 1541 4471 et

386 4527 464 4570 vera
479 4516 538 4584 est,
554 4518 587 4571 et
601 4511 723 4573 veritas
739 4509 900 4592 Baptismi
921 4530 980 4592 per
1000 4508 1064 4574 hoe
1083 4508 1344 4572 Sacramentum.
1392 4510 1438 4574 Et
1453 4511 1542 4589 ideo,

387 4629 462 4678 cum
495 4610 643 4675 Ecclesia
664 4623 757 4677 tenet
786 4613 876 4695 quod
909 4612 1100 4696 Baptismus
1130 4612 1237 4694 primo
1268 4613 1369 4678 habet
1399 4612 1470 4678 fieri
1502 4627 1542 4680 ut
