3542 5359
364 639 426 700 322
578 623 735 682 OPERIS
758 623 822 681 MA
820 621 947 694 JORIS
970 621 1084 681 PARS
1108 621 1308 681 SEPTIMA.

367 798 418 850 est
440 807 517 868 pax,
532 786 591 850 vix
615 787 767 851 induciae
791 795 889 851 sunt.
910 836 917 851 .
935 836 942 850 .
961 786 1023 849 Est
1038 785 1172 870 quidem
1195 795 1313 850 natura
1332 779 1519 846 mortalium

367 899 405 954 ut
420 890 501 954 nihil
517 892 622 974 magis
637 891 768 974 placeat
784 911 884 973 quam
901 892 990 974 quod
1007 891 1164 954 amissum
1179 885 1249 954 est.'

411 992 553 1076 ‘Opinio
571 1005 621 1059 est
635 1015 722 1077 quae
742 1015 803 1058 nos
824 995 960 1074 cruciat,
975 1004 1008 1059 et
1029 995 1113 1058 tanti
1131 995 1289 1077 quodque
1311 992 1435 1055 malum
1460 1001 1520 1067 est,

366 1100 481 1182 quanti
497 1099 577 1163 illud
594 1101 794 1164 taxavimus.
842 1099 881 1163 ln
898 1109 1010 1163 nostra
1026 1108 1192 1182 potestate
1208 1097 1390 1162 remedium
1407 1092 1498 1160 est¹.'

408 1203 554 1268 ‘Omnia
567 1203 714 1269 humana
738 1205 852 1268 brevia
871 1213 905 1268 et
927 1205 1051 1268 caduca
1074 1212 1152 1266 sunt
1173 1212 1207 1266 et
1225 1201 1345 1265 infiniti
1362 1199 1521 1282 temporis

364 1307 489 1372 nullam
513 1318 643 1391 partem
669 1309 947 1390 occupantia...
969 1308 1063 1390 cujus
1089 1316 1396 1388 quantumcumque
1421 1303 1521 1368 luerit

365 1412 605 1476 incrementum
622 1433 689 1475 non
701 1411 842 1475 multum
859 1413 966 1476 aberit
978 1433 998 1474 a
1014 1411 1126 1476 nihilo
1173 1410 1252 1476 Uno
1265 1410 1367 1474 modo
1378 1408 1520 1473 multum

365 1525 416 1580 est
441 1517 531 1598 quod
554 1515 700 1581 viximus
723 1516 751 1578 si
775 1516 855 1579 satis
878 1526 930 1579 est
947 1566 954 1580 .
971 1563 978 1577 .
997 1562 1004 1578 .
1022 1514 1123 1579 Nulla
1144 1514 1204 1577 erit
1225 1513 1282 1577 illa
1305 1506 1518 1600 [brevissimi]

364 1615 642 1707 longissimi[que]
659 1621 730 1683 aevi
746 1619 942 1696 differentia,
957 1620 984 1683 si
1001 1621 1149 1702 inspecto
1164 1629 1289 1702 quanto
1307 1618 1382 1701 quis
1397 1616 1521 1680 vixerit

363 1725 481 1807 spatio,
497 1724 738 1808 comparaveris
753 1733 881 1806 quanto
897 1744 962 1786 non
977 1723 1118 1787 vixerit!

408 1827 593 1910 ‘Quereris
611 1828 744 1900 Marcia,
761 1848 828 1892 non
851 1837 919 1891 tam
943 1828 1001 1892 diu
1024 1826 1128 1891 filium
1152 1838 1248 1892 tuum
1269 1824 1394 1890 vixisse
1416 1845 1519 1907 quarn

364 1933 536 2014 potuisse?
566 1933 655 1996 unde
681 1933 769 1996 enim
791 1933 854 1996 scis
874 1952 917 1994 an
939 1932 1064 1996 diutius
1084 1931 1131 1995 illi
1153 1932 1338 2015 expedierit
1356 1924 1520 2018 [vivere]?

363 2057 406 2100 an
422 2035 469 2098 illi
485 2036 547 2099 hac
563 2048 670 2101 morte
684 2035 873 2100 consultum
889 2035 956 2100 sit?
1002 2035 1112 2118 Quem
1134 2036 1279 2100 invenire
1298 2035 1399 2098 hodie
1420 2044 1519 2116 potes

363 2139 457 2221 cujus
487 2151 632 2205 restam
663 2141 750 2204 bene
780 2139 910 2223 positae
940 2139 1164 2223 lundataeque
1193 2140 1260 2204 sint
1290 2149 1329 2204 ut
1360 2137 1440 2202 nihil
1471 2137 1518 2201 illi

363 2245 564 2325 procedente
600 2255 751 2328 tempore
788 2244 974 2308 timendum
1012 2245 1078 2308 sit?
1140 2242 1274 2308 Labant
1306 2242 1451 2307 humana
1485 2251 1521 2304 et

363 2347 468 2412 fluunt
485 2397 492 2410 .
512 2395 520 2410 .
542 2396 550 2411 .
572 2349 714 2430 ideoque
736 2347 933 2410 felicissimis
955 2349 1105 2431 optanda
1128 2368 1218 2411 mors
1240 2346 1308 2412 est’
1327 2393 1358 2410 ..
1379 2394 1387 2409 .
1405 2346 1520 2409 ‘Nihil

364 2444 443 2538 [est]
475 2462 545 2515 tam
569 2450 672 2514 fallax
695 2471 797 2534 quam
816 2452 885 2515 vita
908 2451 1062 2527 humana,
1092 2452 1172 2515 nihil
1201 2462 1271 2516 tam
1301 2451 1519 2528 insidiosum;

363 2575 430 2619 non
448 2601 456 2618 .
473 2604 481 2618 .
498 2601 506 2617 .
525 2557 698 2638 quisquam
715 2554 805 2619 illam
822 2556 1005 2638 accepisset
1020 2556 1081 2620 nisi
1096 2557 1231 2620 daretur
1246 2551 1478 2619 inscientibus!

407 2659 558 2723 ‘Praeter
587 2660 651 2724 hoc
681 2656 782 2742 quia²
812 2679 914 2723 omne
942 2660 1087 2724 futurum
1127 2660 1288 2724 incertum
1320 2668 1380 2734 est,
1409 2669 1444 2723 et
1474 2659 1518 2723 ad

362 2764 526 2829 deteriora
550 2763 679 2836 certius,
704 2762 898 2827 facillimum
920 2764 964 2827 ad
987 2783 1124 2846 superos
1146 2772 1196 2827 est
1220 2765 1283 2826 iter
1304 2763 1424 2827 animis
1451 2764 1520 2827 cito

361 2868 405 2930 ab
431 2867 577 2932 humana
605 2869 857 2931 conversatione
888 2866 1042 2930 dimissis.
1089 2867 1264 2931 Minimum
1295 2867 1385 2932 enim
1417 2865 1518 2931 faecis

362 2972 580 3054 ponderisque
621 2981 796 3035 traxerunt
833 2979 1013 3051 antequam
1050 2969 1150 3036 altius
1190 2981 1321 3035 terrena
1364 2971 1518 3052 concipe-

361 3085 495 3139 rent..
520 3123 528 3138 .
553 3075 701 3139 Liberati
726 3075 867 3138 leviores
893 3075 937 3136 ad
961 3075 1122 3158 originem
1149 3096 1243 3139 suam
1268 3073 1418 3139 revolant
1443 3122 1449 3136 .
1476 3121 1484 3135 .
1511 3122 1520 3136 .

362 3179 435 3242 Nec
465 3199 610 3262 unquam
643 3179 772 3261 magnis
803 3178 945 3260 ingeniis
974 3197 1050 3242 cara
1082 3179 1114 3241 in
1149 3199 1287 3262 corpore
1317 3199 1410 3243 mora
1443 3177 1517 3244 est.'

365 3281 410 3345 Et
425 3281 578 3346 caetera³
594 3291 630 3345 ut
645 3282 793 3365 superius
807 3293 859 3346 est
874 3290 1082 3346 annotatum.

775 3533 1001 3601 Carnorum
1027 3533 1101 3598 XV.

191 3703 257 3752 Two
404 3688 575 3772 Ampliavi
594 3688 665 3770 jam
688 3688 775 3752 hanc
799 3699 928 3772 partem
952 3690 1084 3755 tertiam
1109 3690 1249 3755 Moralis
1272 3690 1520 3772 Philosophiae,

191 3768 341 3899 ζιζᾞζζζ
361 3793 448 3858 ultra
462 3793 542 3857 illud
557 3794 647 3875 quod
663 3814 683 3857 a
699 3794 863 3876 principio
876 3795 1061 3858 aestimavi.
1100 3794 1169 3860 Sed
1181 3794 1326 3860 delectat
1337 3798 1519 3860 sententia-

191 3907 298 3949 atraere
362 3919 434 3961 rum
457 3898 629 3962 moralium
651 3898 860 3979 pulcritudo;
886 3908 920 3960 et
944 3899 1119 3981 praecipue
1137 3900 1216 3982 quia
1237 3920 1359 3982 magna
1383 3899 1521 3964 rationis

190 3966 292 4078 men.
362 4003 537 4065 vivacitate
553 4012 711 4065 eruuntur
729 4022 789 4085 per
804 4001 1078 4085 philosophorum
1102 4004 1306 4067 industriam.
1355 4003 1401 4068 Et
1421 4014 1520 4068 tanto

190 4094 341 4224 ξζέεᾞξξξζγ
361 4107 488 4169 avidius
505 4107 713 4188 recipiendae
728 4115 814 4181 sunt,
828 4116 955 4188 quanto
970 4127 1031 4170 nos
1047 4107 1319 4190 philosophantes
1335 4107 1519 4173 Christiani

190 4223 314 4274 toenio
361 4212 527 4272 nescimus
556 4213 599 4272 de
628 4218 723 4273 tanta
753 4230 884 4273 morum
915 4210 1076 4291 sapientia
1105 4211 1322 4293 percogitare,
1354 4231 1415 4276 nec
1445 4222 1518 4277 tam

190 4288 340 4416 ζῖιὲῗζίξ
360 4310 528 4395 eleganter
553 4314 762 4395 persuadere.
820 4313 959 4376 Utinam
982 4314 1138 4396 operibus
1162 4316 1456 4397 comprobaremus
1478 4336 1520 4380 ea

189 4417 284 4531 m}
295 4419 325 4466 οἱ
361 4435 447 4496 ‘luae
463 4415 525 4496 ipsi
542 4415 730 4497 Phl¹080phi
747 4416 845 4479 nobis
857 4425 926 4479 tam
940 4418 1105 4499 sapienter
1116 4429 1306 4502 proponunt
1356 4418 1521 4503 Quamvis

190 4547 349 4612 Phflmlhl·
394 4566 403 4595 ¹
420 4567 560 4615 remedium
572 4569 704 4627 habemus,
716 4569 826 4618 Seneca.
1255 4572 1265 4601 ¹
1281 4575 1361 4636 quod,
1374 4575 1485 4626 Seneca.

393 4646 403 4674 ¹
419 4645 535 4706 Alrendy
547 4647 644 4706 quoted
655 4647 682 4694 in
694 4661 750 4709 cap.
762 4661 785 4707 ⁵
822 4647 873 4696 See
885 4663 910 4710 p.
924 4662 981 4710 ²75·
