3542 5359
758 603 880 681 380
1185 607 1497 666 OPERIS
1542 608 1668 665 MA
1665 607 1921 677 JORIS
1965 606 2195 666 PARS
2244 604 2642 665 SEPTIMA.

762 771 1074 852 dignatur
1125 771 1371 845 audire,
1425 791 1563 835 nec.
1594 773 1819 854 aliqua
1869 783 2052 836 secta
2111 771 2317 855 ponit.
2408 769 2481 834 Si
2540 769 2715 832 enim
2778 767 3066 830 mundus

764 894 1025 955 semper
1074 873 1286 952 suerit,
1332 885 1399 939 et
1447 897 1783 959 nunquam
1831 877 2064 940 habuit
2113 896 2244 940 non
2307 896 2451 940 ωδε
2498 884 2654 937 ante
2699 893 2862 947 esse,
2906 882 3063 935 tunc

765 999 898 1042 non
944 981 1155 1044 exivit
1202 981 1266 1043 in
1311 1001 1455 1045 esse
1506 992 1659 1063 post
1720 1002 1850 1044 non
1901 1003 2062 1047 esse.
2176 981 2320 1043 Nec
2370 978 2565 1042 simul
2627 978 2866 1041 habuit
2919 995 3063 1038 esse

760 1093 828 1146 et
859 1104 990 1147 non
1024 1105 1191 1162 esse,
1221 1085 1375 1166 quia
1413 1087 1703 1149 secundo
1737 1087 2293 1150 contradictorum
2323 1103 2456 1147 non
2486 1093 2640 1146 sunt
2681 1079 2876 1143 simul
2909 1101 3063 1143 vera

762 1208 883 1252 nec
915 1199 1216 1271 tempore
1248 1209 1369 1253 nec
1400 1202 1650 1256 natura.
1722 1190 1904 1272 Ergo
1937 1192 2224 1255 mundus
2255 1189 2379 1252 fuit
2411 1189 2775 1271 productus
2805 1187 2872 1248 in
2902 1205 3064 1259 esse,

762 1292 878 1355 sed
913 1312 1045 1356 non
1078 1294 1200 1356 nisi
1226 1294 1311 1357 ab
1343 1294 1465 1356 hac
1500 1295 1714 1377 prima
1745 1315 1962 1360 causa.
2057 1295 2202 1357 Nisi
2235 1295 2418 1357 dicas
2448 1292 2628 1375 quod
2660 1292 2879 1374 plures
2909 1300 3064 1352 sunt

762 1394 1144 1477 hujusmodi
1198 1418 1477 1474 causae;
1544 1400 1725 1480 quod
1778 1420 1919 1463 esse
1972 1418 2103 1461 non
2151 1408 2376 1480 potest
2418 1398 2573 1479 quia
2617 1406 2848 1458 neutra
2891 1403 3066 1457 esset

764 1501 1055 1564 infinitae
1098 1504 1453 1583 potentiae.
1546 1503 1721 1586 Quia
1753 1503 1809 1566 si
1844 1524 1972 1567 una
2004 1514 2104 1566 est
2137 1501 2435 1566 infinitae
2473 1500 2811 1583 potentiae
2842 1509 3064 1581 potest

766 1603 979 1669 facere
1024 1606 1334 1688 quicquid
1383 1608 1543 1681 vult,
1588 1628 1747 1691 ergo
1802 1619 2032 1672 contra
2081 1607 2494 1672 voluntatem
2539 1604 2851 1681 alterius;
2905 1621 3067 1683 ergo

767 1710 1017 1792 reliqua
1060 1732 1191 1774 non
1233 1724 1335 1776 est
1377 1712 1666 1776 infinitae
1715 1715 2050 1795 potentiae
2093 1722 2447 1796 postquam
2497 1719 2716 1792 potest
2762 1709 2905 1790 ejus
2950 1728 3067 1770 vo-

769 1815 986 1879 luntas
1034 1817 1355 1899 impediri.
1450 1817 1540 1881 Et
1588 1818 1828 1882 saltem
1878 1819 1944 1881 in
1994 1839 2127 1881 uno
2176 1818 2426 1881 mundo
2479 1835 2645 1880 unus
2692 1815 2815 1876 erit
2860 1812 3066 1876 Deus,

770 1923 946 1984 Nam
982 1940 1147 1983 unus
1178 1921 1417 1985 sufficit
1454 1923 1538 1986 ad
1574 1943 1778 1986 unum
1814 1925 2155 1987 mundum.
2247 1923 2340 1986 Et
2383 1919 2782 1985 Aristoteles
2828 1929 3069 1982 octavo

769 2026 1199 2106 Physicorum
1246 2027 1407 2089 dicit
1453 2028 1631 2108 quod
1682 2027 1913 2091 melius
1950 2039 2051 2092 est
2084 2049 2326 2110 ponere
2376 2047 2579 2090 unum
2620 2044 2820 2106 quam
2865 2022 3073 2105 plura,

766 2140 1120 2216 postquam
1152 2151 1324 2194 unus
1354 2131 1627 2206 sufficit;
1671 2133 1787 2195 sed
1821 2132 2042 2214 plures
2076 2134 2304 2196 mundi
2337 2152 2564 2196 coesse
2597 2149 2731 2193 non
2772 2140 3073 2210 possunt,

769 2250 840 2300 ut
889 2237 1068 2320 prius
1105 2234 1405 2300 habitum
1448 2247 1550 2300 est
1596 2237 1661 2300 in
1698 2237 1994 2318 capitulo
2043 2238 2128 2300 de
2168 2236 2460 2300 unitate¹
2515 2234 2759 2298 mundi.
2851 2233 3072 2296 Mani-

765 2343 1005 2406 festum
1037 2351 1139 2403 est
1172 2341 1369 2423 igitur
1398 2342 1576 2422 quod
1612 2361 1776 2405 unus
1807 2352 1909 2405 est
1943 2342 2126 2404 Deus
2159 2351 2438 2404 tantum.
2532 2339 2702 2403 Item
2749 2339 2803 2401 si
2849 2337 3072 2419 plures

768 2446 996 2508 mundi
1034 2456 1277 2521 essent,
1311 2445 1529 2508 adhuc
1576 2445 1904 2509 sufficeret
1951 2467 2119 2509 unus
2165 2445 2366 2522 DeuS,
2397 2445 2551 2528 quia
2596 2444 2736 2526 ipse
2779 2441 3072 2506 infinitae

766 2558 867 2612 est
929 2549 1281 2631 potentiae,
1336 2571 1495 2633 ergo
1552 2551 1918 2631 producere
1977 2562 2044 2614 et
2099 2571 2322 2632 regere
2369 2558 2595 2632 posset
2640 2568 2872 2611 omnes
2923 2546 3072 2609 illos

772 2655 1076 2730 mundOS,
1096 2654 1250 2734 quia
1280 2674 1513 2716 omnes
1543 2653 1651 2730 illi,
1683 2666 2016 2737 quotquot
2041 2664 2277 2729 essent,
2311 2675 2441 2717 non
2475 2652 2764 2717 facerent
2793 2650 3067 2732 aliquod

769 2757 1117 2821 infinitum.

861 2861 1215 2926 Caeterum
1236 2860 1672 2927 Aristoteles²
1704 2864 1766 2925 in
1800 2873 2037 2928 octavo
2063 2864 2495 2946 Physicorum
2526 2873 2594 2925 et
2627 2863 2689 2924 in
2721 2861 3073 2924 undecimo

773 2966 1272 3049 Metaphysicae
1292 2967 1628 3032 concludit
1651 2988 1854 3031 unum
1883 2969 2170 3051 primum
2197 2979 2519 3031 motorem
2544 2988 2708 3040 esse,
2729 2986 2843 3030 seu
2868 2985 3072 3028 unam

772 3073 1052 3154 primam
1098 3092 1367 3136 causam
1417 3093 1579 3145 esse,
1612 3094 1729 3156 per
1778 3073 1904 3136 hoc
1951 3076 2132 3155 quod
2178 3094 2345 3137 unus
2391 3084 2490 3136 est
2537 3082 2758 3135 motus
2798 3070 3074 3153 primus,

770 3176 1020 3240 scilicet
1049 3177 1339 3253 diurnuS,
1367 3187 1435 3240 et
1468 3198 1637 3242 unus
1662 3179 1967 3241 mundus,
2057 3178 2147 3243 Et
2173 3180 2351 3260 quod
2386 3198 2517 3240 non
2540 3185 2821 3258 possunt
2853 3174 3075 3258 plures

773 3281 1002 3344 mundi
1051 3302 1193 3344 esse
1239 3282 1380 3363 ipse
1423 3284 1835 3347 demonstrat
1883 3285 1946 3345 in
1997 3285 2212 3366 primo
2260 3282 2445 3348 Coeli
2493 3293 2563 3346 et
2606 3281 2844 3344 Mundi
2865 3281 2912 3354 ³,
2955 3299 3075 3363 per

773 3385 899 3448 hoc
956 3386 1134 3467 quod
1199 3396 1356 3450 tunc
1418 3397 1591 3451 terra
1641 3389 1827 3452 istius
1888 3388 2117 3452 mundi
2175 3398 2348 3452 esset
2407 3386 2640 3450 similis
2702 3387 2768 3449 in
2836 3395 3075 3448 natura

773 3500 841 3554 et
894 3490 1113 3572 specie
1167 3500 1377 3554 terrae
1422 3491 1693 3556 alterius
1742 3495 1991 3557 mundi.
2087 3492 2222 3558 Sed
2286 3513 2390 3555 res
2449 3491 2744 3572 ejusdem
2796 3502 3076 3554 naturae

772 3595 1023 3659 habent
1048 3606 1304 3659 motum
1329 3597 1697 3660 naturalem
1730 3600 1818 3662 ad
1844 3600 2124 3662 eundem
2151 3599 2388 3671 locum,
2417 3607 2490 3661 ut
2521 3598 2817 3660 secundo
2846 3595 3076 3676 gravia

771 3719 1205 3782 quaecunque
1245 3710 1404 3764 nata
1440 3713 1595 3765 sunt
1637 3702 1885 3765 moveri
1927 3703 1992 3764 in
2033 3704 2341 3765 deorsum
2386 3703 2584 3766 idem.
2677 3701 2859 3784 Ergo
2901 3711 3079 3764 terra

772 3804 1041 3870 alterius
1080 3806 1308 3869 mundi
1340 3815 1495 3868 nata
1540 3817 1710 3869 esset
1754 3809 2003 3871 moveri
2036 3809 2120 3870 ad
2163 3807 2384 3871 locum
2417 3808 2705 3870 eundem
2745 3807 2833 3869 ad
2872 3824 3073 3888 quem

772 3922 930 3975 nata
974 3923 1075 3976 est
1123 3913 1366 3975 moveri
1401 3920 1587 3974 -terra
1629 3912 1815 3975 istius
1849 3914 2099 3987 mundi,
2132 3933 2282 3975 cum
2326 3913 2412 3975 sit
2459 3912 2751 3993 ejusdem
2803 3922 3080 3973 naturae

841 4105 848 4130 ¹
888 4102 1005 4150 Vol.
1032 4102 1063 4151 i.
1093 4118 1176 4164 pp.
1206 4104 1380 4163 164-5.

838 4181 857 4208 ²
895 4181 952 4229 In
976 4182 1097 4232 Nat.
1121 4182 1350 4230 Ans-cult.
1377 4182 1461 4229 lib.
1485 4181 1607 4240 viii„
1632 4182 1764 4230 after
1788 4182 1980 4242 having
2000 4183 2186 4230 shown
2211 4184 2344 4245 (cap.
2368 4182 2422 4243 6)
2449 4182 2559 4230 that
2593 4182 2682 4230 the
2709 4181 2879 4230 Prime
2906 4179 3083 4229 Motor-

775 4262 819 4309 is
843 4261 988 4309 itsen'
1003 4261 1319 4320 moflanless,
1334 4261 1582 4309 Aristotle
1604 4276 1734 4322 goes
1758 4277 1825 4309 on
1851 4268 1905 4309 to
1928 4262 2079 4310 show
2098 4263 2211 4310 that
2227 4263 2317 4310 the
2334 4262 2566 4323 primum
2592 4261 2765 4309 mobile
2786 4258 2867 4324 (τὸ
2889 4259 3083 4321 πρῶτον

776 4339 869 4387 ἐπὸ
884 4339 1061 4388 τούτου
1083 4338 1388 4403 κινούμενον)
1426 4340 1471 4388 is
1503 4340 1723 4401 eternal‚
1758 4342 1858 4389 and
1893 4342 2003 4389 that
2028 4341 2132 4389 this
2156 4341 2354 4389 etei-nal
2379 4342 2572 4389 motion
2597 4349 2733 4389 must
2755 4340 2819 4387 be
2843 4340 3078 4389 circular.

776 4419 834 4466 ln
858 4417 1077 4480 metaph.
1102 4418 1174 4469 xi.
1203 4420 1237 4466 8
1262 4422 1285 4475 5
1320 4433 1369 4478 2,
1396 4420 1543 4467 these
1581 4419 1908 4468 conclusions
1938 4431 2028 4467 are
2057 4421 2301 4480 restated,
2325 4421 2428 4468 and
2464 4420 2692 4480 eternity
2718 4418 2780 4466 os
2806 4418 3004 4466 motion
3038 4418 3085 4466 is

776 4499 1070 4558 predicated
1096 4505 1185 4547 not
1208 4499 1405 4560 merely
1430 4498 1487 4545 os
1505 4499 1592 4547 the
1617 4498 1862 4548 universe
1883 4513 1941 4548 as
1961 4515 1992 4546 a
2007 4499 2179 4548 whole
2207 4500 2258 4562 (ἡ
2283 4498 2372 4548 τοῦ
2394 4495 2570 4548 παντὸς
2590 4497 2722 4558 ἁπλῆ
2744 4496 2894 4560 φορά)
2916 4497 3010 4544 but
3033 4498 3095 4545 of

772 4579 899 4625 each
924 4577 984 4625 os
999 4578 1089 4625 the
1113 4578 1383 4639 planetary
1408 4578 1541 4626 orbs..

841 4655 859 4682 ³
892 4655 969 4702 De
994 4655 1152 4714 Coele,
1178 4657 1208 4703 i.
1232 4658 1279 4717 8,
1307 4672 1354 4718 9.
