<?xml version="1.0" encoding="UTF-8"?>
<!DOCTYPE html PUBLIC "-//W3C//DTD XHTML 1.0 Transitional//EN"
    "http://www.w3.org/TR/xhtml1/DTD/xhtml1-transitional.dtd">
<html xmlns="http://www.w3.org/1999/xhtml" xml:lang="en" lang="en">
 <head>
  <title>
</title>
<meta http-equiv="Content-Type" content="text/html;charset=utf-8" />
  <meta name='ocr-system' content='tesseract 3.04.00' />
  <meta name='ocr-capabilities' content='ocr_page ocr_carea ocr_par ocr_line ocrx_word'/>
</head>
<body>
  <div class='ocr_page' id='page_1' title='image "./opusmajusrogerb02bridgoog_0193.png"; bbox 0 0 3542 5359; ppageno 0'>
   <div class='ocr_carea' id='block_1_1' title="bbox 376 609 1299 690">
    <p class='ocr_par' dir='ltr' id='par_1_1' title="bbox 376 609 1299 690">
     <span class='ocr_line' id='line_1_1' title="bbox 376 609 1299 690; baseline 0.001 -22"><span class='ocrx_word' id='word_1_1' title='bbox 376 625 434 690; x_wconf 84' lang='lat'><strong>174</strong></span> <span class='ocrx_word' id='word_1_2' title='bbox 616 609 773 671; x_wconf 86' lang='lat' dir='ltr'><em>OPERIS</em></span> <span class='ocrx_word' id='word_1_3' title='bbox 796 609 986 679; x_wconf 76' lang='lat' dir='ltr'><em>MAJORIS</em></span> <span class='ocrx_word' id='word_1_4' title='bbox 1009 609 1125 670; x_wconf 84' lang='lat' dir='ltr'><em>PARS</em></span> <span class='ocrx_word' id='word_1_5' title='bbox 1148 610 1299 670; x_wconf 82' lang='lat' dir='ltr'><em>SEXTA.</em></span> 
     </span>
    </p>
   </div>
   <div class='ocr_carea' id='block_1_2' title="bbox 373 771 1656 3466">
    <p class='ocr_par' dir='ltr' id='par_1_2' title="bbox 373 771 1656 3466">
     <span class='ocr_line' id='line_1_2' title="bbox 374 771 1529 860; baseline -0.004 -20"><span class='ocrx_word' id='word_1_6' title='bbox 374 773 617 860; x_wconf 81' lang='lat' dir='ltr'><strong>perspicuitatis</strong></span> <span class='ocrx_word' id='word_1_7' title='bbox 632 774 821 840; x_wconf 91' lang='lat' dir='ltr'><strong>consimilis.</strong></span> <span class='ocrx_word' id='word_1_8' title='bbox 869 772 1009 856; x_wconf 84' lang='lat' dir='ltr'>Insuper</span> <span class='ocrx_word' id='word_1_9' title='bbox 1031 772 1063 836; x_wconf 89' lang='lat' dir='ltr'><strong>in</strong></span> <span class='ocrx_word' id='word_1_10' title='bbox 1079 771 1185 857; x_wconf 84' lang='lat' dir='ltr'><strong>figura</strong></span> <span class='ocrx_word' id='word_1_11' title='bbox 1202 771 1266 837; x_wconf 88' lang='lat' dir='ltr'><strong>alia</strong></span> <span class='ocrx_word' id='word_1_12' title='bbox 1281 773 1325 837; x_wconf 91' lang='lat' dir='ltr'><strong>ab</strong></span> <span class='ocrx_word' id='word_1_13' title='bbox 1341 772 1529 856; x_wconf 85' lang='lat' dir='ltr'><strong>hexagona,</strong></span> 
     </span>
     <span class='ocr_line' id='line_1_3' title="bbox 374 875 1527 963; baseline -0.002 -21"><span class='ocrx_word' id='word_1_14' title='bbox 374 879 559 944; x_wconf 90' lang='lat' dir='ltr'><strong>dummodo</strong></span> <span class='ocrx_word' id='word_1_15' title='bbox 574 879 641 943; x_wconf 89' lang='lat' dir='ltr'><strong>sint</strong></span> <span class='ocrx_word' id='word_1_16' title='bbox 657 898 796 963; x_wconf 85' lang='lat' dir='ltr'>rugosae</span> <span class='ocrx_word' id='word_1_17' title='bbox 811 877 1006 961; x_wconf 87' lang='lat' dir='ltr'><strong>superficiei,</strong></span> <span class='ocrx_word' id='word_1_18' title='bbox 1019 887 1055 942; x_wconf 90' lang='lat' dir='ltr'><strong>ut</strong></span> <span class='ocrx_word' id='word_1_19' title='bbox 1072 878 1199 961; x_wconf 80' lang='lat' dir='ltr'><strong>lapides</strong></span> <span class='ocrx_word' id='word_1_20' title='bbox 1215 875 1398 956; x_wconf 88' lang='lat' dir='ltr'><strong>Hibernici‚</strong></span> <span class='ocrx_word' id='word_1_21' title='bbox 1411 887 1445 942; x_wconf 91' lang='lat' dir='ltr'><strong>et</strong></span> <span class='ocrx_word' id='word_1_22' title='bbox 1460 897 1527 940; x_wconf 92' lang='lat' dir='ltr'><strong>non</strong></span> 
     </span>
     <span class='ocr_line' id='line_1_4' title="bbox 374 982 1530 1066; baseline -0.001 -19"><span class='ocrx_word' id='word_1_23' title='bbox 374 983 510 1047; x_wconf 91' lang='lat' dir='ltr'><strong>omnino</strong></span> <span class='ocrx_word' id='word_1_24' title='bbox 532 983 667 1066; x_wconf 88' lang='lat' dir='ltr'><strong>politae,</strong></span> <span class='ocrx_word' id='word_1_25' title='bbox 681 1003 742 1048; x_wconf 89' lang='lat' dir='ltr'><strong>nec</strong></span> <span class='ocrx_word' id='word_1_26' title='bbox 757 983 863 1066; x_wconf 86' lang='lat' dir='ltr'><strong>magis</strong></span> <span class='ocrx_word' id='word_1_27' title='bbox 885 1003 1021 1066; x_wconf 85' lang='lat' dir='ltr'>asperae</span> <span class='ocrx_word' id='word_1_28' title='bbox 1039 1002 1140 1064; x_wconf 88' lang='lat' dir='ltr'><strong>quam</strong></span> <span class='ocrx_word' id='word_1_29' title='bbox 1163 982 1221 1054; x_wconf 93' lang='lat' dir='ltr'><strong>illi,</strong></span> <span class='ocrx_word' id='word_1_30' title='bbox 1236 991 1271 1045; x_wconf 89' lang='lat' dir='ltr'><strong>et</strong></span> <span class='ocrx_word' id='word_1_31' title='bbox 1292 991 1370 1046; x_wconf 90' lang='lat' dir='ltr'><strong>sunt</strong></span> <span class='ocrx_word' id='word_1_32' title='bbox 1392 982 1474 1047; x_wconf 90' lang='lat' dir='ltr'><strong>tales</strong></span> <span class='ocrx_word' id='word_1_33' title='bbox 1497 983 1530 1046; x_wconf 92' lang='lat' dir='ltr'><strong>in</strong></span> 
     </span>
     <span class='ocr_line' id='line_1_5' title="bbox 374 1085 1529 1171; baseline 0.001 -23"><span class='ocrx_word' id='word_1_34' title='bbox 374 1087 577 1171; x_wconf 88' lang='lat' dir='ltr'><strong>proprietate</strong></span> <span class='ocrx_word' id='word_1_35' title='bbox 610 1086 804 1169; x_wconf 88' lang='lat' dir='ltr'><strong>superficiei,</strong></span> <span class='ocrx_word' id='word_1_36' title='bbox 833 1086 949 1170; x_wconf 90' lang='lat' dir='ltr'><strong>quales</strong></span> <span class='ocrx_word' id='word_1_37' title='bbox 982 1095 1100 1150; x_wconf 91' lang='lat' dir='ltr'><strong>natura</strong></span> <span class='ocrx_word' id='word_1_38' title='bbox 1128 1085 1282 1169; x_wconf 90' lang='lat' dir='ltr'><strong>producit</strong></span> <span class='ocrx_word' id='word_1_39' title='bbox 1319 1086 1529 1150; x_wconf 89' lang='lat' dir='ltr'><strong>Hibernicos.</strong></span> 
     </span>
     <span class='ocr_line' id='line_1_6' title="bbox 375 1188 1529 1274; baseline -0.001 -20"><span class='ocrx_word' id='word_1_40' title='bbox 375 1190 464 1255; x_wconf 88' lang='lat' dir='ltr'><strong>Nam</strong></span> <span class='ocrx_word' id='word_1_41' title='bbox 480 1210 636 1274; x_wconf 87' lang='lat' dir='ltr'><strong>rugarum</strong></span> <span class='ocrx_word' id='word_1_42' title='bbox 651 1191 826 1255; x_wconf 90' lang='lat' dir='ltr'><strong>diversitas</strong></span> <span class='ocrx_word' id='word_1_43' title='bbox 837 1190 918 1254; x_wconf 85' lang='lat' dir='ltr'><strong>facit</strong></span> <span class='ocrx_word' id='word_1_44' title='bbox 932 1190 1159 1254; x_wconf 88' lang='lat' dir='ltr'><strong>diversitatem</strong></span> <span class='ocrx_word' id='word_1_45' title='bbox 1171 1190 1301 1254; x_wconf 90' lang='lat' dir='ltr'><strong>coloris.</strong></span> <span class='ocrx_word' id='word_1_46' title='bbox 1333 1188 1379 1253; x_wconf 91' lang='lat' dir='ltr'><strong>Et</strong></span> <span class='ocrx_word' id='word_1_47' title='bbox 1394 1190 1529 1255; x_wconf 89' lang='lat' dir='ltr'><strong>ulterius</strong></span> 
     </span>
     <span class='ocr_line' id='line_1_7' title="bbox 375 1293 1529 1378; baseline 0.002 -21"><span class='ocrx_word' id='word_1_48' title='bbox 375 1295 563 1360; x_wconf 86' lang='lat' dir='ltr'><strong>considerat</strong></span> <span class='ocrx_word' id='word_1_49' title='bbox 592 1295 802 1378; x_wconf 84' lang='lat' dir='ltr'><strong>remigantes,</strong></span> <span class='ocrx_word' id='word_1_50' title='bbox 834 1304 868 1359; x_wconf 89' lang='lat' dir='ltr'><strong>et</strong></span> <span class='ocrx_word' id='word_1_51' title='bbox 897 1294 933 1358; x_wconf 90' lang='lat' dir='ltr'><strong>in</strong></span> <span class='ocrx_word' id='word_1_52' title='bbox 963 1294 1185 1359; x_wconf 90' lang='lat' dir='ltr'><strong>rorationibus</strong></span> <span class='ocrx_word' id='word_1_53' title='bbox 1213 1293 1452 1359; x_wconf 83' lang='lat' dir='ltr'><strong>distillantibus</strong></span> <span class='ocrx_word' id='word_1_54' title='bbox 1485 1294 1529 1360; x_wconf 91' lang='lat' dir='ltr'><strong>ab</strong></span> 
     </span>
     <span class='ocr_line' id='line_1_8' title="bbox 375 1398 1530 1482; baseline 0 -20"><span class='ocrx_word' id='word_1_55' title='bbox 375 1399 602 1464; x_wconf 88' lang='lat' dir='ltr'><strong>instrumentis</strong></span> <span class='ocrx_word' id='word_1_56' title='bbox 625 1399 761 1464; x_wconf 91' lang='lat' dir='ltr'><strong>elevatis</strong></span> <span class='ocrx_word' id='word_1_57' title='bbox 784 1398 911 1464; x_wconf 90' lang='lat' dir='ltr'><strong>colores</strong></span> <span class='ocrx_word' id='word_1_58' title='bbox 934 1401 1069 1464; x_wconf 90' lang='lat' dir='ltr'><strong>eosdem</strong></span> <span class='ocrx_word' id='word_1_59' title='bbox 1092 1400 1265 1482; x_wconf 89' lang='lat' dir='ltr'><strong>experitur</strong></span> <span class='ocrx_word' id='word_1_60' title='bbox 1287 1399 1422 1482; x_wconf 92' lang='lat' dir='ltr'><strong>quando</strong></span> <span class='ocrx_word' id='word_1_61' title='bbox 1448 1399 1530 1463; x_wconf 89' lang='lat' dir='ltr'><strong>radii</strong></span> 
     </span>
     <span class='ocr_line' id='line_1_9' title="bbox 375 1502 1529 1588; baseline -0.002 -20"><span class='ocrx_word' id='word_1_62' title='bbox 375 1502 499 1568; x_wconf 90' lang='lat' dir='ltr'><strong>solares</strong></span> <span class='ocrx_word' id='word_1_63' title='bbox 515 1513 688 1587; x_wconf 88' lang='lat' dir='ltr'><strong>penetrant</strong></span> <span class='ocrx_word' id='word_1_64' title='bbox 703 1504 894 1588; x_wconf 92' lang='lat' dir='ltr'><strong>hujusmodi</strong></span> <span class='ocrx_word' id='word_1_65' title='bbox 911 1504 1103 1568; x_wconf 87' lang='lat' dir='ltr'><strong>rorationes.</strong></span> <span class='ocrx_word' id='word_1_66' title='bbox 1138 1502 1298 1568; x_wconf 87' lang='lat' dir='ltr'><strong>Similiter</strong></span> <span class='ocrx_word' id='word_1_67' title='bbox 1312 1512 1362 1567; x_wconf 89' lang='lat' dir='ltr'><strong>est</strong></span> <span class='ocrx_word' id='word_1_68' title='bbox 1376 1504 1419 1568; x_wconf 92' lang='lat' dir='ltr'><strong>de</strong></span> <span class='ocrx_word' id='word_1_69' title='bbox 1434 1503 1529 1586; x_wconf 91' lang='lat' dir='ltr'><strong>aquis</strong></span> 
     </span>
     <span class='ocr_line' id='line_1_10' title="bbox 376 1607 1530 1690; baseline -0.001 -18"><span class='ocrx_word' id='word_1_70' title='bbox 376 1608 898 1685; x_wconf 85' lang='lat' dir='ltr'><strong>cadentibusarotismolendini3</strong></span> <span class='ocrx_word' id='word_1_71' title='bbox 919 1619 954 1674; x_wconf 90' lang='lat' dir='ltr'><strong>et</strong></span> <span class='ocrx_word' id='word_1_72' title='bbox 965 1609 1101 1690; x_wconf 91' lang='lat' dir='ltr'><strong>quando</strong></span> <span class='ocrx_word' id='word_1_73' title='bbox 1110 1607 1215 1672; x_wconf 88' lang='lat' dir='ltr'><strong>homo</strong></span> <span class='ocrx_word' id='word_1_74' title='bbox 1227 1607 1345 1690; x_wconf 86' lang='lat' dir='ltr'><strong>aspicit</strong></span> <span class='ocrx_word' id='word_1_75' title='bbox 1357 1607 1530 1673; x_wconf 88' lang='lat' dir='ltr'><strong>inaestate</strong></span> 
     </span>
     <span class='ocr_line' id='line_1_11' title="bbox 376 1711 1530 1796; baseline -0.002 -20"><span class='ocrx_word' id='word_1_76' title='bbox 376 1713 419 1776; x_wconf 92' lang='lat' dir='ltr'><strong>de</strong></span> <span class='ocrx_word' id='word_1_77' title='bbox 434 1731 531 1776; x_wconf 90' lang='lat' dir='ltr'><strong>mane</strong></span> <span class='ocrx_word' id='word_1_78' title='bbox 547 1712 666 1776; x_wconf 87' lang='lat' dir='ltr'><strong>herbas</strong></span> <span class='ocrx_word' id='word_1_79' title='bbox 684 1714 914 1795; x_wconf 87' lang='lat' dir='ltr'><strong>contingentes</strong></span> <span class='ocrx_word' id='word_1_80' title='bbox 931 1722 1045 1794; x_wconf 89' lang='lat' dir='ltr'><strong>guttas</strong></span> <span class='ocrx_word' id='word_1_81' title='bbox 1064 1711 1146 1776; x_wconf 91' lang='lat' dir='ltr'><strong>roris</strong></span> <span class='ocrx_word' id='word_1_82' title='bbox 1165 1712 1198 1775; x_wconf 88' lang='lat' dir='ltr'><strong>in</strong></span> <span class='ocrx_word' id='word_1_83' title='bbox 1216 1721 1314 1796; x_wconf 91' lang='lat' dir='ltr'><strong>prato</strong></span> <span class='ocrx_word' id='word_1_84' title='bbox 1330 1711 1384 1775; x_wconf 90' lang='lat' dir='ltr'><strong>vel</strong></span> <span class='ocrx_word' id='word_1_85' title='bbox 1401 1732 1530 1795; x_wconf 88' lang='lat' dir='ltr'><strong>campo,</strong></span> 
     </span>
     <span class='ocr_line' id='line_1_12' title="bbox 374 1816 1529 1902; baseline 0 -22"><span class='ocrx_word' id='word_1_86' title='bbox 374 1816 502 1880; x_wconf 89' lang='lat' dir='ltr'><strong>videbit</strong></span> <span class='ocrx_word' id='word_1_87' title='bbox 532 1816 667 1882; x_wconf 88' lang='lat' dir='ltr'><strong>colores.</strong></span> <span class='ocrx_word' id='word_1_88' title='bbox 714 1817 760 1881; x_wconf 90' lang='lat' dir='ltr'><strong>Et</strong></span> <span class='ocrx_word' id='word_1_89' title='bbox 790 1817 942 1882; x_wconf 88' lang='lat' dir='ltr'><strong>similiter</strong></span> <span class='ocrx_word' id='word_1_90' title='bbox 966 1818 1102 1901; x_wconf 92' lang='lat' dir='ltr'><strong>quando</strong></span> <span class='ocrx_word' id='word_1_91' title='bbox 1128 1817 1222 1902; x_wconf 91' lang='lat' dir='ltr'><strong>pluit,</strong></span> <span class='ocrx_word' id='word_1_92' title='bbox 1248 1817 1276 1881; x_wconf 86' lang='lat' dir='ltr'><strong>si</strong></span> <span class='ocrx_word' id='word_1_93' title='bbox 1303 1826 1370 1881; x_wconf 89' lang='lat' dir='ltr'><strong>stet</strong></span> <span class='ocrx_word' id='word_1_94' title='bbox 1396 1817 1428 1880; x_wconf 92' lang='lat' dir='ltr'><strong>in</strong></span> <span class='ocrx_word' id='word_1_95' title='bbox 1456 1816 1529 1880; x_wconf 92' lang='lat' dir='ltr'><strong>loco</strong></span> 
     </span>
     <span class='ocr_line' id='line_1_13' title="bbox 376 1920 1529 2000; baseline 0 -16"><span class='ocrx_word' id='word_1_96' title='bbox 376 1921 533 1984; x_wconf 90' lang='lat' dir='ltr'><strong>umbroso</strong></span> <span class='ocrx_word' id='word_1_97' title='bbox 554 1931 588 1986; x_wconf 92' lang='lat' dir='ltr'><strong>et</strong></span> <span class='ocrx_word' id='word_1_98' title='bbox 604 1921 687 1986; x_wconf 89' lang='lat' dir='ltr'><strong>radii</strong></span> <span class='ocrx_word' id='word_1_99' title='bbox 709 1920 794 1986; x_wconf 85' lang='lat' dir='ltr'><strong>ultra</strong></span> <span class='ocrx_word' id='word_1_100' title='bbox 810 1943 886 1985; x_wconf 90' lang='lat' dir='ltr'><strong>eum</strong></span> <span class='ocrx_word' id='word_1_101' title='bbox 904 1932 1130 1987; x_wconf 88' lang='lat' dir='ltr'><strong>transcurrant</strong></span> <span class='ocrx_word' id='word_1_102' title='bbox 1149 1923 1181 1984; x_wconf 91' lang='lat' dir='ltr'><strong>in</strong></span> <span class='ocrx_word' id='word_1_103' title='bbox 1202 1920 1385 2000; x_wconf 88' lang='lat' dir='ltr'><strong>stillicidiis,</strong></span> <span class='ocrx_word' id='word_1_104' title='bbox 1401 1930 1481 1984; x_wconf 92' lang='lat' dir='ltr'><strong>tunc</strong></span> <span class='ocrx_word' id='word_1_105' title='bbox 1496 1920 1529 1984; x_wconf 94' lang='lat' dir='ltr'><strong>in</strong></span> 
     </span>
     <span class='ocr_line' id='line_1_14' title="bbox 376 2025 1529 2110; baseline -0.002 -21"><span class='ocrx_word' id='word_1_106' title='bbox 376 2045 483 2110; x_wconf 91' lang='lat' dir='ltr'><strong>opaco</strong></span> <span class='ocrx_word' id='word_1_107' title='bbox 501 2045 606 2110; x_wconf 89' lang='lat' dir='ltr'><strong>prope</strong></span> <span class='ocrx_word' id='word_1_108' title='bbox 623 2025 833 2110; x_wconf 90' lang='lat' dir='ltr'><strong>apparebunt</strong></span> <span class='ocrx_word' id='word_1_109' title='bbox 852 2026 999 2104; x_wconf 89' lang='lat' dir='ltr'><strong>colores;</strong></span> <span class='ocrx_word' id='word_1_110' title='bbox 1022 2036 1056 2091; x_wconf 91' lang='lat' dir='ltr'><strong>et</strong></span> <span class='ocrx_word' id='word_1_111' title='bbox 1077 2026 1247 2090; x_wconf 87' lang='lat' dir='ltr'><strong>multoties</strong></span> <span class='ocrx_word' id='word_1_112' title='bbox 1267 2027 1310 2089; x_wconf 92' lang='lat' dir='ltr'><strong>de</strong></span> <span class='ocrx_word' id='word_1_113' title='bbox 1327 2036 1426 2090; x_wconf 91' lang='lat' dir='ltr'><strong>nocte</strong></span> <span class='ocrx_word' id='word_1_114' title='bbox 1443 2025 1529 2090; x_wconf 90' lang='lat' dir='ltr'><strong>circa</strong></span> 
     </span>
     <span class='ocr_line' id='line_1_15' title="bbox 376 2127 1529 2214; baseline 0 -20"><span class='ocrx_word' id='word_1_115' title='bbox 376 2129 548 2194; x_wconf 85' lang='lat' dir='ltr'><strong>candelam</strong></span> <span class='ocrx_word' id='word_1_116' title='bbox 564 2140 726 2214; x_wconf 87' lang='lat' dir='ltr'><strong>apparent</strong></span> <span class='ocrx_word' id='word_1_117' title='bbox 742 2130 878 2195; x_wconf 89' lang='lat' dir='ltr'><strong>colores.</strong></span> <span class='ocrx_word' id='word_1_118' title='bbox 907 2127 1026 2212; x_wconf 88' lang='lat' dir='ltr'><strong>Atque</strong></span> <span class='ocrx_word' id='word_1_119' title='bbox 1037 2130 1064 2193; x_wconf 92' lang='lat' dir='ltr'><strong>si</strong></span> <span class='ocrx_word' id='word_1_120' title='bbox 1080 2130 1183 2195; x_wconf 92' lang='lat' dir='ltr'><strong>homo</strong></span> <span class='ocrx_word' id='word_1_121' title='bbox 1198 2130 1232 2194; x_wconf 89' lang='lat' dir='ltr'><strong>in</strong></span> <span class='ocrx_word' id='word_1_122' title='bbox 1247 2140 1383 2207; x_wconf 79' lang='lat' dir='ltr'><strong>aestate,</strong></span> <span class='ocrx_word' id='word_1_123' title='bbox 1395 2131 1529 2213; x_wconf 93' lang='lat' dir='ltr'><strong>quando</strong></span> 
     </span>
     <span class='ocr_line' id='line_1_16' title="bbox 376 2233 1529 2318; baseline 0.003 -23"><span class='ocrx_word' id='word_1_124' title='bbox 376 2234 482 2318; x_wconf 88' lang='lat' dir='ltr'><strong>surgit</strong></span> <span class='ocrx_word' id='word_1_125' title='bbox 504 2255 524 2297; x_wconf 91' lang='lat' dir='ltr'><strong>a</strong></span> <span class='ocrx_word' id='word_1_126' title='bbox 545 2255 663 2299; x_wconf 92' lang='lat' dir='ltr'><strong>somno</strong></span> <span class='ocrx_word' id='word_1_127' title='bbox 684 2242 718 2299; x_wconf 90' lang='lat' dir='ltr'><strong>et</strong></span> <span class='ocrx_word' id='word_1_128' title='bbox 738 2234 840 2299; x_wconf 90' lang='lat' dir='ltr'><strong>habet</strong></span> <span class='ocrx_word' id='word_1_129' title='bbox 856 2234 971 2298; x_wconf 94' lang='lat' dir='ltr'><strong>oculos</strong></span> <span class='ocrx_word' id='word_1_130' title='bbox 993 2236 1143 2299; x_wconf 89' lang='lat' dir='ltr'><strong>nondum</strong></span> <span class='ocrx_word' id='word_1_131' title='bbox 1158 2234 1243 2298; x_wconf 89' lang='lat' dir='ltr'><strong>bene</strong></span> <span class='ocrx_word' id='word_1_132' title='bbox 1258 2245 1401 2318; x_wconf 90' lang='lat' dir='ltr'><strong>apertos,</strong></span> <span class='ocrx_word' id='word_1_133' title='bbox 1416 2233 1529 2299; x_wconf 88' lang='lat' dir='ltr'><strong>subito</strong></span> 
     </span>
     <span class='ocr_line' id='line_1_17' title="bbox 374 2338 1530 2421; baseline -0.001 -19"><span class='ocrx_word' id='word_1_134' title='bbox 374 2338 514 2420; x_wconf 90' lang='lat' dir='ltr'><strong>aspiciat</strong></span> <span class='ocrx_word' id='word_1_135' title='bbox 546 2340 589 2402; x_wconf 92' lang='lat' dir='ltr'><strong>ad</strong></span> <span class='ocrx_word' id='word_1_136' title='bbox 620 2338 770 2401; x_wconf 81' lang='lat' dir='ltr'><strong>foramen</strong></span> <span class='ocrx_word' id='word_1_137' title='bbox 800 2359 859 2421; x_wconf 92' lang='lat' dir='ltr'><strong>per</strong></span> <span class='ocrx_word' id='word_1_138' title='bbox 889 2339 980 2420; x_wconf 90' lang='lat' dir='ltr'><strong>quod</strong></span> <span class='ocrx_word' id='word_1_139' title='bbox 1009 2339 1111 2404; x_wconf 91' lang='lat' dir='ltr'><strong>intrat</strong></span> <span class='ocrx_word' id='word_1_140' title='bbox 1144 2338 1255 2402; x_wconf 91' lang='lat' dir='ltr'><strong>radius</strong></span> <span class='ocrx_word' id='word_1_141' title='bbox 1284 2338 1375 2419; x_wconf 86' lang='lat' dir='ltr'><strong>solis,</strong></span> <span class='ocrx_word' id='word_1_142' title='bbox 1403 2338 1530 2403; x_wconf 90' lang='lat' dir='ltr'><strong>videbit</strong></span> 
     </span>
     <span class='ocr_line' id='line_1_18' title="bbox 375 2441 1528 2526; baseline -0.001 -20"><span class='ocrx_word' id='word_1_143' title='bbox 375 2441 510 2507; x_wconf 90' lang='lat' dir='ltr'><strong>colores.</strong></span> <span class='ocrx_word' id='word_1_144' title='bbox 556 2441 602 2505; x_wconf 91' lang='lat' dir='ltr'><strong>Et</strong></span> <span class='ocrx_word' id='word_1_145' title='bbox 624 2443 651 2505; x_wconf 93' lang='lat' dir='ltr'><strong>si</strong></span> <span class='ocrx_word' id='word_1_146' title='bbox 674 2443 792 2506; x_wconf 88' lang='lat' dir='ltr'><strong>sedens</strong></span> <span class='ocrx_word' id='word_1_147' title='bbox 820 2442 905 2506; x_wconf 88' lang='lat' dir='ltr'><strong>ultra</strong></span> <span class='ocrx_word' id='word_1_148' title='bbox 926 2441 1031 2506; x_wconf 88' lang='lat' dir='ltr'><strong>solem</strong></span> <span class='ocrx_word' id='word_1_149' title='bbox 1058 2443 1219 2507; x_wconf 87' lang='lat' dir='ltr'><strong>extendat</strong></span> <span class='ocrx_word' id='word_1_150' title='bbox 1244 2443 1405 2526; x_wconf 91' lang='lat' dir='ltr'><strong>capitium</strong></span> <span class='ocrx_word' id='word_1_151' title='bbox 1431 2463 1528 2506; x_wconf 89' lang='lat' dir='ltr'><strong>suum</strong></span> 
     </span>
     <span class='ocr_line' id='line_1_19' title="bbox 375 2544 1656 2624; baseline 0 -16"><span class='ocrx_word' id='word_1_152' title='bbox 375 2545 463 2611; x_wconf 88' lang='lat' dir='ltr'><strong>ultra</strong></span> <span class='ocrx_word' id='word_1_153' title='bbox 485 2544 608 2623; x_wconf 89' lang='lat' dir='ltr'><strong>oculos,</strong></span> <span class='ocrx_word' id='word_1_154' title='bbox 627 2546 754 2611; x_wconf 90' lang='lat' dir='ltr'><strong>videbit</strong></span> <span class='ocrx_word' id='word_1_155' title='bbox 776 2547 925 2624; x_wconf 80' lang='lat' dir='ltr'><strong>colores;</strong></span> <span class='ocrx_word' id='word_1_156' title='bbox 947 2557 982 2612; x_wconf 93' lang='lat' dir='ltr'><strong>et</strong></span> <span class='ocrx_word' id='word_1_157' title='bbox 1004 2545 1155 2610; x_wconf 90' lang='lat' dir='ltr'><strong>similiter</strong></span> <span class='ocrx_word' id='word_1_158' title='bbox 1177 2547 1206 2610; x_wconf 93' lang='lat' dir='ltr'><strong>si</strong></span> <span class='ocrx_word' id='word_1_159' title='bbox 1228 2547 1362 2611; x_wconf 90' lang='lat' dir='ltr'><strong>claudat</strong></span> <span class='ocrx_word' id='word_1_160' title='bbox 1384 2546 1528 2624; x_wconf 92' lang='lat' dir='ltr'><strong>oculum,</strong></span> <span class='ocrx_word' id='word_1_161' title='bbox 1645 2549 1656 2564; x_wconf 83' lang='lat'>&#39;</span> 
     </span>
     <span class='ocr_line' id='line_1_20' title="bbox 375 2649 1528 2734; baseline 0 -20"><span class='ocrx_word' id='word_1_162' title='bbox 375 2649 535 2732; x_wconf 87' lang='lat' dir='ltr'><strong>contingit</strong></span> <span class='ocrx_word' id='word_1_163' title='bbox 565 2651 652 2716; x_wconf 90' lang='lat' dir='ltr'><strong>idem</strong></span> <span class='ocrx_word' id='word_1_164' title='bbox 683 2652 745 2717; x_wconf 91' lang='lat' dir='ltr'><strong>sub</strong></span> <span class='ocrx_word' id='word_1_165' title='bbox 775 2651 894 2715; x_wconf 90' lang='lat' dir='ltr'><strong>umbra</strong></span> <span class='ocrx_word' id='word_1_166' title='bbox 928 2651 1196 2734; x_wconf 91' lang='lat' dir='ltr'><strong>superciliorum:</strong></span> <span class='ocrx_word' id='word_1_167' title='bbox 1226 2660 1260 2715; x_wconf 93' lang='lat' dir='ltr'><strong>et</strong></span> <span class='ocrx_word' id='word_1_168' title='bbox 1291 2651 1409 2714; x_wconf 90' lang='lat' dir='ltr'><strong>iterum</strong></span> <span class='ocrx_word' id='word_1_169' title='bbox 1439 2651 1528 2714; x_wconf 92' lang='lat' dir='ltr'><strong>idem</strong></span> 
     </span>
     <span class='ocr_line' id='line_1_21' title="bbox 375 2753 1529 2839; baseline 0.001 -22"><span class='ocrx_word' id='word_1_170' title='bbox 375 2753 495 2818; x_wconf 85' lang='lat' dir='ltr'><strong>accidit</strong></span> <span class='ocrx_word' id='word_1_171' title='bbox 520 2775 580 2839; x_wconf 94' lang='lat' dir='ltr'><strong>per</strong></span> <span class='ocrx_word' id='word_1_172' title='bbox 608 2775 667 2818; x_wconf 92' lang='lat' dir='ltr'><strong>vas</strong></span> <span class='ocrx_word' id='word_1_173' title='bbox 693 2755 833 2820; x_wconf 88' lang='lat' dir='ltr'><strong>vitreum</strong></span> <span class='ocrx_word' id='word_1_174' title='bbox 859 2755 998 2839; x_wconf 92' lang='lat' dir='ltr'><strong>plenum</strong></span> <span class='ocrx_word' id='word_1_175' title='bbox 1028 2775 1115 2838; x_wconf 88' lang='lat' dir='ltr'><strong>aqua</strong></span> <span class='ocrx_word' id='word_1_176' title='bbox 1145 2755 1180 2818; x_wconf 91' lang='lat' dir='ltr'><strong>in</strong></span> <span class='ocrx_word' id='word_1_177' title='bbox 1206 2755 1308 2820; x_wconf 91' lang='lat' dir='ltr'><strong>radiis</strong></span> <span class='ocrx_word' id='word_1_178' title='bbox 1334 2754 1419 2818; x_wconf 82' lang='lat' dir='ltr'><strong>solis</strong></span> <span class='ocrx_word' id='word_1_179' title='bbox 1463 2753 1529 2819; x_wconf 87' lang='lat' dir='ltr'><strong>Vel</strong></span> 
     </span>
     <span class='ocr_line' id='line_1_22' title="bbox 373 2857 1527 2944; baseline -0.001 -22"><span class='ocrx_word' id='word_1_180' title='bbox 373 2859 523 2924; x_wconf 89' lang='lat' dir='ltr'><strong>similiter</strong></span> <span class='ocrx_word' id='word_1_181' title='bbox 537 2861 564 2922; x_wconf 91' lang='lat' dir='ltr'><strong>si</strong></span> <span class='ocrx_word' id='word_1_182' title='bbox 580 2860 654 2941; x_wconf 90' lang='lat' dir='ltr'><strong>quis</strong></span> <span class='ocrx_word' id='word_1_183' title='bbox 670 2868 786 2923; x_wconf 89' lang='lat' dir='ltr'><strong>tenens</strong></span> <span class='ocrx_word' id='word_1_184' title='bbox 796 2880 920 2943; x_wconf 89' lang='lat' dir='ltr'><strong>aquarn</strong></span> <span class='ocrx_word' id='word_1_185' title='bbox 936 2861 969 2924; x_wconf 90' lang='lat' dir='ltr'><strong>in</strong></span> <span class='ocrx_word' id='word_1_186' title='bbox 984 2881 1051 2936; x_wconf 91' lang='lat' dir='ltr'><strong>ore,</strong></span> <span class='ocrx_word' id='word_1_187' title='bbox 1064 2869 1097 2924; x_wconf 86' lang='lat' dir='ltr'><strong>et</strong></span> <span class='ocrx_word' id='word_1_188' title='bbox 1113 2857 1241 2924; x_wconf 87' lang='lat' dir='ltr'><strong>fortiter</strong></span> <span class='ocrx_word' id='word_1_189' title='bbox 1255 2869 1391 2944; x_wconf 84' lang='lat' dir='ltr'><strong>spargat</strong></span> <span class='ocrx_word' id='word_1_190' title='bbox 1406 2878 1527 2943; x_wconf 89' lang='lat' dir='ltr'><strong>aquam</strong></span> 
     </span>
     <span class='ocr_line' id='line_1_23' title="bbox 375 2963 1528 3048; baseline -0.001 -22"><span class='ocrx_word' id='word_1_191' title='bbox 375 2963 409 3026; x_wconf 95' lang='lat' dir='ltr'><strong>in</strong></span> <span class='ocrx_word' id='word_1_192' title='bbox 433 2963 542 3043; x_wconf 89' lang='lat' dir='ltr'><strong>radiis,</strong></span> <span class='ocrx_word' id='word_1_193' title='bbox 558 2972 592 3027; x_wconf 92' lang='lat' dir='ltr'><strong>et</strong></span> <span class='ocrx_word' id='word_1_194' title='bbox 606 2974 672 3028; x_wconf 88' lang='lat' dir='ltr'><strong>stet</strong></span> <span class='ocrx_word' id='word_1_195' title='bbox 686 2985 707 3027; x_wconf 92' lang='lat' dir='ltr'><strong>a</strong></span> <span class='ocrx_word' id='word_1_196' title='bbox 724 2964 827 3029; x_wconf 91' lang='lat' dir='ltr'><strong>latere</strong></span> <span class='ocrx_word' id='word_1_197' title='bbox 850 2965 1041 3042; x_wconf 90' lang='lat' dir='ltr'><strong>radiorum;</strong></span> <span class='ocrx_word' id='word_1_198' title='bbox 1064 2975 1097 3028; x_wconf 89' lang='lat' dir='ltr'><strong>et</strong></span> <span class='ocrx_word' id='word_1_199' title='bbox 1121 2965 1148 3028; x_wconf 93' lang='lat' dir='ltr'><strong>si</strong></span> <span class='ocrx_word' id='word_1_200' title='bbox 1170 2983 1229 3046; x_wconf 88' lang='lat' dir='ltr'><strong>per</strong></span> <span class='ocrx_word' id='word_1_201' title='bbox 1251 2963 1441 3048; x_wconf 88' lang='lat' dir='ltr'><strong>lampadem</strong></span> <span class='ocrx_word' id='word_1_202' title='bbox 1464 2963 1528 3026; x_wconf 91' lang='lat' dir='ltr'><strong>olei</strong></span> 
     </span>
     <span class='ocr_line' id='line_1_24' title="bbox 375 3068 1528 3150; baseline -0.002 -18"><span class='ocrx_word' id='word_1_203' title='bbox 375 3069 548 3150; x_wconf 90' lang='lat' dir='ltr'><strong>pendentis</strong></span> <span class='ocrx_word' id='word_1_204' title='bbox 564 3069 596 3131; x_wconf 92' lang='lat' dir='ltr'><strong>in</strong></span> <span class='ocrx_word' id='word_1_205' title='bbox 612 3088 688 3132; x_wconf 87' lang='lat' dir='ltr'><strong>aere</strong></span> <span class='ocrx_word' id='word_1_206' title='bbox 703 3078 874 3133; x_wconf 90' lang='lat' dir='ltr'><strong>transeant</strong></span> <span class='ocrx_word' id='word_1_207' title='bbox 891 3069 974 3133; x_wconf 91' lang='lat' dir='ltr'><strong>radii</strong></span> <span class='ocrx_word' id='word_1_208' title='bbox 990 3070 1023 3133; x_wconf 92' lang='lat' dir='ltr'><strong>in</strong></span> <span class='ocrx_word' id='word_1_209' title='bbox 1039 3068 1153 3132; x_wconf 93' lang='lat' dir='ltr'><strong>debito</strong></span> <span class='ocrx_word' id='word_1_210' title='bbox 1168 3069 1244 3143; x_wconf 89' lang='lat' dir='ltr'><strong>situ,</strong></span> <span class='ocrx_word' id='word_1_211' title='bbox 1255 3079 1291 3132; x_wconf 91' lang='lat' dir='ltr'><strong>ut</strong></span> <span class='ocrx_word' id='word_1_212' title='bbox 1301 3068 1413 3132; x_wconf 90' lang='lat' dir='ltr'><strong>lumen</strong></span> <span class='ocrx_word' id='word_1_213' title='bbox 1427 3069 1528 3131; x_wconf 89' lang='lat' dir='ltr'><strong>cadat</strong></span> 
     </span>
     <span class='ocr_line' id='line_1_25' title="bbox 374 3171 1529 3256; baseline 0.002 -23"><span class='ocrx_word' id='word_1_214' title='bbox 374 3191 473 3254; x_wconf 89' lang='lat' dir='ltr'><strong>super</strong></span> <span class='ocrx_word' id='word_1_215' title='bbox 501 3171 566 3235; x_wconf 90' lang='lat' dir='ltr'><strong>olei</strong></span> <span class='ocrx_word' id='word_1_216' title='bbox 595 3171 811 3254; x_wconf 85' lang='lat' dir='ltr'><strong>superficiem,</strong></span> <span class='ocrx_word' id='word_1_217' title='bbox 842 3172 924 3236; x_wconf 89' lang='lat' dir='ltr'><strong>fient</strong></span> <span class='ocrx_word' id='word_1_218' title='bbox 952 3173 1090 3238; x_wconf 90' lang='lat' dir='ltr'><strong>colores.</strong></span> <span class='ocrx_word' id='word_1_219' title='bbox 1135 3173 1181 3237; x_wconf 90' lang='lat' dir='ltr'><strong>Et</strong></span> <span class='ocrx_word' id='word_1_220' title='bbox 1210 3173 1258 3238; x_wconf 91' lang='lat' dir='ltr'><strong>sic</strong></span> <span class='ocrx_word' id='word_1_221' title='bbox 1288 3193 1348 3256; x_wconf 90' lang='lat' dir='ltr'><strong>per</strong></span> <span class='ocrx_word' id='word_1_222' title='bbox 1382 3171 1529 3235; x_wconf 87' lang='lat' dir='ltr'><strong>infinitos</strong></span> 
     </span>
     <span class='ocr_line' id='line_1_26' title="bbox 376 3275 1527 3362; baseline 0 -23"><span class='ocrx_word' id='word_1_223' title='bbox 376 3278 503 3354; x_wconf 92' lang='lat' dir='ltr'><strong>modos,</strong></span> <span class='ocrx_word' id='word_1_224' title='bbox 513 3285 582 3340; x_wconf 88' lang='lat' dir='ltr'><strong>tam</strong></span> <span class='ocrx_word' id='word_1_225' title='bbox 596 3276 762 3341; x_wconf 89' lang='lat' dir='ltr'><strong>naturales</strong></span> <span class='ocrx_word' id='word_1_226' title='bbox 774 3297 874 3359; x_wconf 92' lang='lat' dir='ltr'><strong>quam</strong></span> <span class='ocrx_word' id='word_1_227' title='bbox 884 3275 1082 3355; x_wconf 85' lang='lat' dir='ltr'><strong>artificiales,</strong></span> <span class='ocrx_word' id='word_1_228' title='bbox 1092 3278 1255 3362; x_wconf 90' lang='lat' dir='ltr'><strong>contingit</strong></span> <span class='ocrx_word' id='word_1_229' title='bbox 1269 3276 1397 3342; x_wconf 87' lang='lat' dir='ltr'><strong>colores</strong></span> <span class='ocrx_word' id='word_1_230' title='bbox 1412 3275 1527 3358; x_wconf 90' lang='lat' dir='ltr'><strong>hujus-</strong></span> 
     </span>
     <span class='ocr_line' id='line_1_27' title="bbox 376 3379 1483 3466; baseline 0.001 -25"><span class='ocrx_word' id='word_1_231' title='bbox 376 3379 465 3443; x_wconf 92' lang='lat' dir='ltr'><strong>modi</strong></span> <span class='ocrx_word' id='word_1_232' title='bbox 482 3400 650 3464; x_wconf 87' lang='lat' dir='ltr'><strong>apparere,</strong></span> <span class='ocrx_word' id='word_1_233' title='bbox 665 3381 751 3445; x_wconf 90' lang='lat' dir='ltr'><strong>sicut</strong></span> <span class='ocrx_word' id='word_1_234' title='bbox 765 3381 908 3464; x_wconf 89' lang='lat' dir='ltr'><strong>diligens</strong></span> <span class='ocrx_word' id='word_1_235' title='bbox 924 3383 1210 3465; x_wconf 84' lang='lat' dir='ltr'><strong>experimentator</strong></span> <span class='ocrx_word' id='word_1_236' title='bbox 1225 3383 1316 3446; x_wconf 92' lang='lat' dir='ltr'><strong>novit</strong></span> <span class='ocrx_word' id='word_1_237' title='bbox 1332 3382 1483 3466; x_wconf 87' lang='lat' dir='ltr'><strong>reperire.</strong></span> 
     </span>
    </p>
   </div>
   <div class='ocr_carea' id='block_1_3' title="bbox 796 3634 1113 3702">
    <p class='ocr_par' dir='ltr' id='par_1_3' title="bbox 796 3634 1113 3702">
     <span class='ocr_line' id='line_1_28' title="bbox 796 3634 1113 3702; baseline 0 -2"><span class='ocrx_word' id='word_1_238' title='bbox 796 3634 1023 3702; x_wconf 75' lang='lat' dir='ltr'><strong>Carrrucuu</strong></span> <span class='ocrx_word' id='word_1_239' title='bbox 1049 3636 1113 3700; x_wconf 90' lang='lat'>111.</span> 
     </span>
    </p>
   </div>
   <div class='ocr_carea' id='block_1_4' title="bbox 202 3789 1527 4608">
    <p class='ocr_par' dir='ltr' id='par_1_4' title="bbox 202 3789 1527 4608">
     <span class='ocr_line' id='line_1_29' title="bbox 205 3789 1526 3877; baseline -0.004 -18"><span class='ocrx_word' id='word_1_240' title='bbox 205 3799 336 3848; x_wconf 74' lang='lat' dir='ltr'><strong>Thesorm</strong></span> <span class='ocrx_word' id='word_1_241' title='bbox 418 3789 577 3858; x_wconf 90' lang='lat' dir='ltr'><strong>Similiter</strong></span> <span class='ocrx_word' id='word_1_242' title='bbox 599 3811 732 3876; x_wconf 90' lang='lat' dir='ltr'><strong>quoque</strong></span> <span class='ocrx_word' id='word_1_243' title='bbox 754 3791 893 3877; x_wconf 89' lang='lat' dir='ltr'><strong>figuram</strong></span> <span class='ocrx_word' id='word_1_244' title='bbox 916 3791 1066 3858; x_wconf 92' lang='lat' dir='ltr'><strong>colorum</strong></span> <span class='ocrx_word' id='word_1_245' title='bbox 1092 3793 1213 3874; x_wconf 91' lang='lat' dir='ltr'><strong>poterit</strong></span> <span class='ocrx_word' id='word_1_246' title='bbox 1237 3790 1390 3875; x_wconf 83' lang='lat' dir='ltr'><strong>experiri.</strong></span> <span class='ocrx_word' id='word_1_247' title='bbox 1436 3789 1526 3854; x_wconf 89' lang='lat' dir='ltr'><strong>Nam</strong></span> 
     </span>
     <span class='ocr_line' id='line_1_30' title="bbox 202 3865 1524 3981; baseline -0.005 -19"><span class='ocrx_word' id='word_1_248' title='bbox 202 3865 322 3981; x_wconf 48' lang='lat' dir='ltr'><strong>guiliss„</strong></span> <span class='ocrx_word' id='word_1_249' title='bbox 374 3916 433 3980; x_wconf 90' lang='lat' dir='ltr'><strong>per</strong></span> <span class='ocrx_word' id='word_1_250' title='bbox 445 3894 589 3980; x_wconf 90' lang='lat' dir='ltr'><strong>lapidem</strong></span> <span class='ocrx_word' id='word_1_251' title='bbox 601 3893 828 3981; x_wconf 89' lang='lat' dir='ltr'><strong>crystallinum</strong></span> <span class='ocrx_word' id='word_1_252' title='bbox 839 3896 1072 3979; x_wconf 91' lang='lat' dir='ltr'><strong>ethujusmodi</strong></span> <span class='ocrx_word' id='word_1_253' title='bbox 1083 3897 1228 3960; x_wconf 90' lang='lat' dir='ltr'><strong>inveniet</strong></span> <span class='ocrx_word' id='word_1_254' title='bbox 1237 3895 1378 3981; x_wconf 86' lang='lat' dir='ltr'><strong>figuram</strong></span> <span class='ocrx_word' id='word_1_255' title='bbox 1390 3904 1524 3959; x_wconf 89' lang='lat' dir='ltr'><strong>rectam.</strong></span> 
     </span>
     <span class='ocr_line' id='line_1_31' title="bbox 375 3998 1527 4085; baseline -0.003 -21"><span class='ocrx_word' id='word_1_256' title='bbox 375 3999 422 4065; x_wconf 92' lang='lat' dir='ltr'><strong>Et</strong></span> <span class='ocrx_word' id='word_1_257' title='bbox 444 4021 504 4084; x_wconf 92' lang='lat' dir='ltr'><strong>per</strong></span> <span class='ocrx_word' id='word_1_258' title='bbox 526 3999 601 4064; x_wconf 92' lang='lat' dir='ltr'><strong>cilia</strong></span> <span class='ocrx_word' id='word_1_259' title='bbox 622 4009 656 4064; x_wconf 90' lang='lat' dir='ltr'><strong>et</strong></span> <span class='ocrx_word' id='word_1_260' title='bbox 677 4001 853 4085; x_wconf 89' lang='lat' dir='ltr'><strong>supercilia</strong></span> <span class='ocrx_word' id='word_1_261' title='bbox 875 4011 909 4065; x_wconf 92' lang='lat' dir='ltr'><strong>et</strong></span> <span class='ocrx_word' id='word_1_262' title='bbox 933 4001 1039 4064; x_wconf 89' lang='lat' dir='ltr'><strong>multa</strong></span> <span class='ocrx_word' id='word_1_263' title='bbox 1060 4001 1136 4081; x_wconf 91' lang='lat' dir='ltr'><strong>alia,</strong></span> <span class='ocrx_word' id='word_1_264' title='bbox 1159 4009 1261 4084; x_wconf 89' lang='lat' dir='ltr'><strong>atque</strong></span> <span class='ocrx_word' id='word_1_265' title='bbox 1283 4020 1342 4082; x_wconf 90' lang='lat' dir='ltr'><strong>per</strong></span> <span class='ocrx_word' id='word_1_266' title='bbox 1363 3998 1527 4062; x_wconf 83' lang='lat' dir='ltr'><strong>foramina</strong></span> 
     </span>
     <span class='ocr_line' id='line_1_32' title="bbox 374 4100 1527 4190; baseline -0.004 -21"><span class='ocrx_word' id='word_1_267' title='bbox 374 4125 568 4190; x_wconf 91' lang='lat' dir='ltr'><strong>pannorum,</strong></span> <span class='ocrx_word' id='word_1_268' title='bbox 592 4104 737 4171; x_wconf 89' lang='lat' dir='ltr'><strong>inveniet</strong></span> <span class='ocrx_word' id='word_1_269' title='bbox 759 4104 899 4169; x_wconf 91' lang='lat' dir='ltr'><strong>circulos</strong></span> <span class='ocrx_word' id='word_1_270' title='bbox 921 4103 1087 4170; x_wconf 87' lang='lat' dir='ltr'><strong>coloratos</strong></span> <span class='ocrx_word' id='word_1_271' title='bbox 1105 4105 1262 4188; x_wconf 89' lang='lat' dir='ltr'><strong>integros.</strong></span> <span class='ocrx_word' id='word_1_272' title='bbox 1306 4100 1467 4168; x_wconf 89' lang='lat' dir='ltr'><strong>Similiter</strong></span> <span class='ocrx_word' id='word_1_273' title='bbox 1493 4103 1527 4164; x_wconf 88' lang='lat' dir='ltr'><strong>iu</strong></span> 
     </span>
     <span class='ocr_line' id='line_1_33' title="bbox 374 4206 1527 4295; baseline -0.005 -22"><span class='ocrx_word' id='word_1_274' title='bbox 374 4209 456 4286; x_wconf 91' lang='lat' dir='ltr'><strong>loco,</strong></span> <span class='ocrx_word' id='word_1_275' title='bbox 479 4211 536 4276; x_wconf 92' lang='lat' dir='ltr'><strong>ubi</strong></span> <span class='ocrx_word' id='word_1_276' title='bbox 558 4208 597 4274; x_wconf 87' lang='lat' dir='ltr'><strong>fit</strong></span> <span class='ocrx_word' id='word_1_277' title='bbox 619 4211 741 4275; x_wconf 89' lang='lat' dir='ltr'><strong>roratio</strong></span> <span class='ocrx_word' id='word_1_278' title='bbox 767 4209 865 4295; x_wconf 90' lang='lat' dir='ltr'><strong>plena</strong></span> <span class='ocrx_word' id='word_1_279' title='bbox 891 4217 926 4274; x_wconf 88' lang='lat' dir='ltr'><strong>et</strong></span> <span class='ocrx_word' id='word_1_280' title='bbox 945 4209 1143 4273; x_wconf 88' lang='lat' dir='ltr'><strong>sufficienter</strong></span> <span class='ocrx_word' id='word_1_281' title='bbox 1168 4209 1211 4272; x_wconf 91' lang='lat' dir='ltr'><strong>ad</strong></span> <span class='ocrx_word' id='word_1_282' title='bbox 1238 4207 1438 4291; x_wconf 90' lang='lat' dir='ltr'><strong>capiendum</strong></span> <span class='ocrx_word' id='word_1_283' title='bbox 1465 4206 1527 4268; x_wconf 91' lang='lat' dir='ltr'><strong>cir-</strong></span> 
     </span>
     <span class='ocr_line' id='line_1_34' title="bbox 372 4309 1527 4397; baseline -0.003 -21"><span class='ocrx_word' id='word_1_284' title='bbox 372 4313 483 4378; x_wconf 87' lang='lat' dir='ltr'><strong>culum</strong></span> <span class='ocrx_word' id='word_1_285' title='bbox 511 4315 686 4397; x_wconf 89' lang='lat' dir='ltr'><strong>integrum,</strong></span> <span class='ocrx_word' id='word_1_286' title='bbox 712 4323 747 4378; x_wconf 89' lang='lat' dir='ltr'><strong>et</strong></span> <span class='ocrx_word' id='word_1_287' title='bbox 773 4313 864 4380; x_wconf 90' lang='lat' dir='ltr'><strong>locus</strong></span> <span class='ocrx_word' id='word_1_288' title='bbox 891 4313 949 4378; x_wconf 92' lang='lat' dir='ltr'><strong>ubi</strong></span> <span class='ocrx_word' id='word_1_289' title='bbox 975 4312 1114 4378; x_wconf 92' lang='lat' dir='ltr'><strong>circulus</strong></span> <span class='ocrx_word' id='word_1_290' title='bbox 1139 4312 1231 4377; x_wconf 88' lang='lat' dir='ltr'><strong>iridis</strong></span> <span class='ocrx_word' id='word_1_291' title='bbox 1256 4312 1358 4376; x_wconf 91' lang='lat' dir='ltr'><strong>debet</strong></span> <span class='ocrx_word' id='word_1_292' title='bbox 1383 4309 1453 4374; x_wconf 86' lang='lat' dir='ltr'><strong>fieri</strong></span> <span class='ocrx_word' id='word_1_293' title='bbox 1483 4309 1527 4373; x_wconf 93' lang='lat' dir='ltr'><strong>sit</strong></span> 
     </span>
     <span class='ocr_line' id='line_1_35' title="bbox 372 4417 1526 4504; baseline -0.003 -23"><span class='ocrx_word' id='word_1_294' title='bbox 372 4420 532 4482; x_wconf 86' lang='lat' dir='ltr'><strong>obscurus</strong></span> <span class='ocrx_word' id='word_1_295' title='bbox 559 4417 855 4504; x_wconf 88' lang='lat' dir='ltr'><strong>proportionaliter,</strong></span> <span class='ocrx_word' id='word_1_296' title='bbox 878 4418 958 4500; x_wconf 89' lang='lat' dir='ltr'><strong>quia</strong></span> <span class='ocrx_word' id='word_1_297' title='bbox 984 4419 1018 4481; x_wconf 89' lang='lat' dir='ltr'><strong>in</strong></span> <span class='ocrx_word' id='word_1_298' title='bbox 1045 4417 1157 4481; x_wconf 93' lang='lat' dir='ltr'><strong>lucido</strong></span> <span class='ocrx_word' id='word_1_299' title='bbox 1182 4437 1249 4481; x_wconf 92' lang='lat' dir='ltr'><strong>non</strong></span> <span class='ocrx_word' id='word_1_300' title='bbox 1275 4422 1424 4499; x_wconf 86' lang='lat' dir='ltr'><strong>apparet,</strong></span> <span class='ocrx_word' id='word_1_301' title='bbox 1447 4424 1526 4478; x_wconf 92' lang='lat' dir='ltr'><strong>tunc</strong></span> 
     </span>
     <span class='ocr_line' id='line_1_36' title="bbox 372 4520 1527 4608; baseline -0.004 -22"><span class='ocrx_word' id='word_1_302' title='bbox 372 4522 513 4587; x_wconf 90' lang='lat' dir='ltr'><strong>circulus</strong></span> <span class='ocrx_word' id='word_1_303' title='bbox 546 4523 731 4608; x_wconf 92' lang='lat' dir='ltr'><strong>completus</strong></span> <span class='ocrx_word' id='word_1_304' title='bbox 761 4522 827 4588; x_wconf 88' lang='lat' dir='ltr'><strong>fiet.</strong></span> <span class='ocrx_word' id='word_1_305' title='bbox 874 4520 1034 4588; x_wconf 91' lang='lat' dir='ltr'><strong>Similiter</strong></span> <span class='ocrx_word' id='word_1_306' title='bbox 1067 4521 1185 4606; x_wconf 87' lang='lat' dir='ltr'><strong>integri</strong></span> <span class='ocrx_word' id='word_1_307' title='bbox 1220 4520 1332 4587; x_wconf 91' lang='lat' dir='ltr'><strong>circuli</strong></span> <span class='ocrx_word' id='word_1_308' title='bbox 1362 4527 1527 4602; x_wconf 89' lang='lat' dir='ltr'><strong>apparent</strong></span> 
     </span>
    </p>
   </div>
   <div class='ocr_carea' id='block_1_5' title="bbox 372 4626 1408 4711">
    <p class='ocr_par' dir='ltr' id='par_1_5' title="bbox 372 4626 1408 4711">
     <span class='ocr_line' id='line_1_37' title="bbox 372 4626 1408 4711; baseline -0.004 -20"><span class='ocrx_word' id='word_1_309' title='bbox 372 4628 503 4711; x_wconf 88' lang='lat' dir='ltr'><strong>saepius</strong></span> <span class='ocrx_word' id='word_1_310' title='bbox 518 4628 603 4692; x_wconf 90' lang='lat' dir='ltr'><strong>circa</strong></span> <span class='ocrx_word' id='word_1_311' title='bbox 619 4628 780 4706; x_wconf 88' lang='lat' dir='ltr'><strong>candelas,</strong></span> <span class='ocrx_word' id='word_1_312' title='bbox 796 4639 833 4694; x_wconf 90' lang='lat' dir='ltr'><strong>ut</strong></span> <span class='ocrx_word' id='word_1_313' title='bbox 850 4626 1049 4692; x_wconf 84' lang='lat' dir='ltr'><strong>Aristoteles</strong></span> <span class='ocrx_word' id='word_1_314' title='bbox 1064 4626 1145 4692; x_wconf 90' lang='lat' dir='ltr'><strong>dicit</strong></span> <span class='ocrx_word' id='word_1_315' title='bbox 1161 4636 1194 4691; x_wconf 90' lang='lat' dir='ltr'><strong>et</strong></span> <span class='ocrx_word' id='word_1_316' title='bbox 1209 4626 1408 4709; x_wconf 87' lang='lat' dir='ltr'><strong>experimur.</strong></span> 
     </span>
    </p>
   </div>
   <div class='ocr_carea' id='block_1_6' title="bbox 0 0 1776 5359">
    <p class='ocr_par' dir='ltr' id='par_1_6' title="bbox 0 0 1776 5359">
     <span class='ocr_line' id='line_1_38' title="bbox 0 0 1776 5359; baseline 0 0"><span class='ocrx_word' id='word_1_317' title='bbox 0 0 1776 5359; x_wconf 95' lang='lat' dir='ltr'><strong> </strong></span> 
     </span>
    </p>
   </div>
  </div>
 </body>
</html>
