3542 5359
363 669 421 727 162
591 665 747 727 OPERIS
772 667 961 738 MAJORIS
984 670 1099 730 PARS
1123 670 1296 745 QUINTA.

360 831 432 894 sine
447 829 519 895 luce
533 829 694 913 spirituali
708 830 842 896 divinae
855 831 991 915 gratiae.
1037 831 1084 896 Et
1097 833 1182 897 sicut
1196 831 1354 898 distantia
1370 835 1516 918 corporis

361 943 547 1019 temperata
561 934 738 1018 requiritur
753 936 795 999 ad
811 937 971 1000 visionem
986 936 1144 1021 corporis,
1160 946 1199 1000 ut
1215 958 1275 1002 nec
1291 957 1335 1001 ex
1350 938 1516 1021 superflua

361 1038 520 1103 distantia
542 1038 702 1118 videatur,
726 1059 787 1105 nec
810 1060 853 1103 ex
877 1039 979 1105 nimia
1000 1042 1330 1126 appropinquatione,
1350 1043 1397 1106 sic
1419 1044 1514 1127 spiri·

360 1141 496 1206 tualiter
525 1143 670 1226 exigitur
700 1143 733 1208 in
763 1143 826 1208 hac
855 1155 972 1227 parte;
1005 1165 1083 1208 nam
1109 1144 1280 1229 elongatio
1306 1168 1326 1211 a
1354 1147 1430 1211 Deo
1457 1169 1516 1229 per

361 1245 591 1312 infidelitatem
630 1258 664 1312 et
696 1249 945 1315 multitudinem
983 1259 1196 1334 peccatorum
1229 1250 1316 1315 tollit
1352 1252 1513 1314 visionem

359 1351 574 1435 spiritualem,
590 1362 625 1418 et
648 1352 861 1417 nihilominus
884 1353 1114 1438 praesumptio
1137 1355 1260 1419 nimiae
1283 1353 1514 1419 familiaritatis

359 1455 501 1531 divinae,
517 1467 551 1521 et
566 1457 784 1541 perscrutatio
801 1455 994 1540 majestatis.
1040 1457 1108 1523 Sed
1125 1459 1182 1541 qui
1202 1461 1372 1524 moderate
1392 1481 1513 1542 appro-

358 1561 522 1643 pinquant
538 1562 679 1644 pedibus
694 1561 770 1652 ejus
786 1561 1015 1626 exclamantes
1030 1582 1105 1626 curn
1122 1562 1287 1646 apostolo,
1304 1563 1353 1628 ‘O
1370 1562 1513 1629 altitudo

358 1664 549 1728 divitiarum
572 1665 754 1749 sapientiae
778 1677 812 1731 et
834 1665 992 1731 scientiae
1015 1666 1087 1744 Dei,
1105 1686 1206 1749 quam
1230 1669 1511 1752 incomprehensi-

357 1768 437 1832 bilia
454 1781 532 1833 sunt
552 1770 677 1853 judicia
692 1770 771 1854 ejus,
786 1780 820 1836 et
843 1771 1125 1854 ininvestigabiles
1146 1772 1220 1836 viae
1239 1768 1331 1855 ejus,’
1347 1773 1512 1856 accipient

356 1875 399 1937 de
425 1875 576 1939 doctrina
602 1875 674 1957 ejus
702 1876 883 1940 seeundum
914 1875 1123 1960 prophetam,
1153 1881 1205 1940 ‘et
1231 1877 1326 1941 ibunt
1350 1875 1510 1961 paulatim

357 1980 399 2042 de
415 1979 535 2043 virtute
551 1979 583 2043 in
599 1981 764 2058 virtutem,
779 1982 887 2046 donec
908 1982 1060 2045 videatur
1077 1981 1169 2045 Deus
1191 1981 1339 2046 Deorum
1357 1981 1390 2044 in
1409 1979 1510 2045 Sion!

358 2084 404 2148 Et
419 2085 465 2148 sic
479 2086 523 2149 de
538 2085 611 2149 aliis
626 2107 687 2150 sex
704 2083 797 2149 facile
806 2095 901 2169 patet
911 2071 1134 2149 consideranti
1146 2086 1317 2168 quomodo
1328 2105 1511 2168 cooperan-

355 2197 410 2250 tur
436 2209 550 2254 eorum
576 2189 808 2254 similitudines
833 2190 867 2253 in
895 2189 965 2254 visu
990 2190 1174 2273 spirituali;
1199 2199 1234 2254 et
1258 2190 1334 2254 ideo
1360 2209 1426 2254 non
1458 2201 1509 2255 est

355 2293 492 2378 singulis
509 2295 763 2358 immorandum.

189 2399 226 2510 (p)
247 2399 334 2448 osrhe
400 2397 546 2462 Etcum
573 2397 695 2482 triplex
722 2407 773 2462 est
798 2398 891 2476 visi0,
917 2397 1044 2462 scilicet
1070 2397 1143 2463 solo
1169 2419 1276 2474 sensu,
1301 2398 1448 2475 scientia,
1474 2408 1509 2462 et

185 2466 343 2594 tosrggpncpgfs
356 2502 572 2586 syllogismo:
595 2503 746 2568 similiter
764 2521 898 2567 necesse
916 2512 967 2567 est
985 2501 1119 2581 homini,
1139 2514 1177 2568 ut
1198 2502 1361 2585 triplicem
1385 2502 1509 2567 habeat

186 2597 246 2642 “⁰¹¹-
354 2606 523 2673 visionem.
569 2608 659 2671 Nam
680 2607 753 2671 solo
770 2626 868 2671 sensu
889 2627 995 2689 pauca
1016 2607 1246 2690 cognoscimus
1270 2617 1304 2671 et
1325 2626 1454 2690 parum,
1470 2617 1508 2672 ut

353 2709 461 2775 lucem
485 2722 518 2776 et
539 2712 695 2786 colorem,
714 2724 747 2777 et
769 2711 834 2776 hoc
856 2711 1018 2788 debiliter,
1033 2711 1158 2776 scilicet
1180 2732 1223 2776 an
1245 2712 1312 2775 sint
1335 2732 1393 2775 seu
1415 2713 1508 2794 quod

352 2816 438 2893 sint;
460 2817 518 2880 sed
535 2837 594 2900 per
608 2815 780 2882 scientiam
795 2806 1027 2900 cognoscimus
1042 2815 1228 2898 cujusmodi
1246 2816 1313 2879 sint
1330 2824 1364 2880 et
1383 2815 1507 2898 quales,

352 2940 395 2983 an
418 2920 478 2984 lux
501 2921 580 2985 solis
602 2923 654 2986 vel
678 2920 783 2997 lunae,
806 2941 848 2985 an
870 2920 963 2984 color
984 2920 1081 2984 albus
1103 2920 1156 2983 vel
1178 2919 1280 3003 niger.
1327 2919 1389 2984 Per
1404 2920 1506 3000 syllo-

352 3025 495 3108 gismum
512 3027 646 3108 quidem
668 3025 899 3109 cognoscimus
921 3025 1033 3089 omnia
1054 3044 1141 3106 quae
1161 3023 1375 3088 circumstant
1398 3024 1504 3088 lucem

352 3140 386 3194 et
401 3129 547 3194 colorem
565 3131 745 3193 secundum
765 3130 875 3194 omnia
893 3129 1008 3213 viginti
1026 3128 1196 3192 sensibilia
1217 3131 1412 3192 communia
1459 3128 1506 3192 Et

351 3233 426 3298 ideo
449 3236 554 3316 prima
575 3234 722 3317 cognitio
744 3244 794 3297 est
812 3231 941 3312 debilis,
957 3234 1100 3298 secunda
1122 3242 1174 3296 est
1198 3231 1385 3316 perfectior,
1407 3233 1506 3296 tertia

350 3347 400 3401 est
423 3336 671 3421 perfectissima.
718 3337 879 3402 Similiter
893 3338 1016 3402 accidit
1032 3339 1065 3401 in
1080 3337 1207 3401 visione
1222 3335 1404 3418 spirituali:
1427 3355 1504 3399 nam

350 3442 441 3522 quod
466 3442 567 3505 homo
594 3443 655 3508 seit
678 3442 750 3508 solo
777 3462 875 3507 sensu
899 3443 1036 3527 proprio
1064 3441 1232 3506 modicum
1259 3451 1319 3518 est,
1345 3441 1503 3522 quoniam

350 3545 479 3628 indiget
499 3547 623 3631 duplici
644 3547 836 3629 cognitione
854 3557 984 3628 praeter
1003 3547 1111 3622 istam,
1128 3545 1253 3610 scilicet
1272 3565 1332 3628 per
1350 3545 1504 3609 doctores

348 3651 557 3733 ajuventute
577 3652 740 3733 usquead
764 3651 902 3714 senium.
947 3652 1037 3714 Nam
1060 3670 1191 3732 semper
1212 3653 1388 3733 possumus
1409 3649 1503 3712 addi·

348 3776 439 3819 scere
454 3776 512 3836 per
527 3755 743 3838 sapientiores
765 3755 869 3819 nobis.
917 3755 963 3819 Et
985 3755 1063 3819 ideo
1086 3753 1185 3819 tertia
1207 3754 1397 3836 cognitione
1418 3753 1502 3817 indi·

348 3879 474 3944 gemus,
490 3879 574 3942 quae
590 3871 639 3923 est
655 3879 715 3940 per
728 3861 875 3924 divinam
892 3858 1177 3923 illuminationem.

180 3975 216 4036 (3)
238 3974 325 4025 Orthe
393 3964 503 4028 Aliter
517 3985 595 4028 vero
611 3964 798 4046 triplicatur
812 3965 896 4028 visio
912 3965 1094 4030 secundum
1111 3962 1203 4045 quod
1221 3962 1258 4026 fit
1277 3972 1374 4040 recte,
1390 3960 1503 4039 fracte,

177 4038 335 4155 {ffffh‘ssssdoe
348 4078 382 4133 et
398 4069 528 4133 reflexe.
575 4067 685 4132 Prima
707 4079 758 4132 est
781 4067 959 4152 perfectior
980 4068 1062 4146 aliis,
1078 4078 1113 4132 et
1135 4067 1280 4131 secunda
1301 4068 1422 4131 certior
1441 4076 1504 4146 est,

177 4171 303 4222 lumi¹¹⁰¹¹⁵
348 4175 445 4238 tertia
460 4171 685 4236 incertissima.
732 4173 872 4256 Propter
887 4171 952 4236 hoc
974 4181 1146 4235 ostensum
1169 4181 1220 4234 est
1242 4171 1392 4253 superius
1410 4171 1501 4252 quod

177 4251 287 4339 mysafe
347 4278 497 4360 operatio
524 4277 706 4342 secundum
734 4277 855 4341 lineam
882 4285 1006 4340 rectam
1034 4287 1084 4340 est
1107 4273 1298 4351 fortissima,
1322 4284 1357 4339 et
1383 4273 1502 4338 fractio

219 4367 258 4417 ed.
346 4382 455 4446 minus
469 4379 622 4445 debilitat
637 4401 738 4462 quam
755 4380 902 4445 reflexio.
949 4381 995 4445 Et
1009 4380 1090 4444 haec
1113 4379 1198 4443 sicut
1212 4388 1291 4443 sunt
1306 4380 1339 4442 in
1355 4377 1437 4454 aliis,
1453 4380 1501 4442 sic

344 4495 421 4550 sunt
437 4487 469 4548 in
485 4486 627 4562 visione;
646 4497 680 4548 et
703 4485 786 4548 sicut
810 4484 843 4547 in
867 4485 994 4549 visione
1011 4483 1184 4566 corporali,
1207 4482 1311 4548 sicin
1335 4481 1499 4565 spirituali

343 4597 476 4671 oportet
492 4609 573 4652 esse.
620 4587 666 4651 Et
681 4587 736 4652 hic
751 4595 861 4670 potest
878 4588 949 4652 fieri
973 4587 1151 4671 multiplex
1166 4589 1373 4670 comparatio
1389 4608 1397 4666 ;
1421 4607 1499 4650 nam

343 4691 507 4756 rectitudo
533 4691 668 4755 visionis
697 4691 772 4754 Deo
794 4691 955 4755 debetur:
978 4691 1157 4756 declinatio
1178 4712 1199 4754 a
1222 4691 1417 4756 rectitudine
1440 4713 1501 4775 per
