3542 5359
309 602 634 661 PERSPECTIVAE
656 601 771 661 PARS
795 601 1022 660 SECUNDA:
1056 602 1165 663 DJST.
1194 605 1250 661 III.
1330 618 1386 680 125

233 765 384 830 similiter
405 767 433 829 si
458 766 559 830 homo
582 766 720 848 aspiciat
745 786 814 829 rem
839 766 986 848 aliquam
1012 768 1192 830 secundum
1218 777 1386 850 permuta·

234 870 361 934 tionem
378 870 591 954 frequentem,
608 869 734 934 scilicet
750 891 836 934 nunc
854 891 921 934 uno
942 871 1040 934 oculo
1059 892 1143 936 nunc
1161 872 1238 949 alio,
1251 871 1304 934 vel
1321 892 1387 933 uno

234 975 332 1037 oculo
361 975 492 1058 saepius
521 975 757 1038 interveniente
795 976 974 1055 clausione,
1008 978 1194 1040 dummodo
1231 977 1387 1039 continue

235 1080 402 1162 aperiatur
422 1089 456 1142 et
479 1078 659 1156 claudatur,
674 1081 804 1143 videtur
820 1101 870 1144 res
891 1090 1052 1163 tanquam
1074 1080 1107 1143 in
1127 1081 1263 1144 diversis
1286 1081 1386 1156 locis;

236 1193 270 1246 et
285 1185 331 1247 sic
346 1184 439 1266 quasi
455 1184 488 1246 in
510 1167 654 1248 tremore
675 1194 709 1247 et
723 1183 932 1248 vacillatione
952 1185 994 1247 de
1014 1184 1089 1248 loco
1111 1187 1153 1248 ad
1176 1183 1294 1250 locum.
1343 1185 1388 1249 Et

236 1288 300 1350 hoc
323 1287 401 1352 iacit
424 1288 538 1352 oculus
560 1290 694 1370 quando
719 1308 840 1372 magna
864 1290 1024 1352 distantia
1046 1289 1164 1352 estrei
1188 1291 1230 1353 ad
1258 1289 1388 1373 ipsum;

238 1412 316 1455 nam
339 1412 439 1474 saepe
461 1392 586 1456 claudit
608 1391 721 1456 oculos
743 1403 778 1456 et
800 1395 916 1476 aperit.
972 1393 1088 1476 Atque
1111 1393 1188 1456 licet
1211 1392 1388 1476 palpebrae

238 1497 366 1578 possint
382 1517 453 1560 esse
470 1507 614 1579 apertae,
629 1497 732 1560 virtus
747 1498 850 1561 visiva
865 1499 899 1560 in
917 1499 1044 1581 pupilla
1064 1506 1098 1561 et
1116 1518 1217 1561 nervo
1232 1497 1390 1580 fatigatur

237 1621 281 1664 ex
297 1611 427 1674 conatu,
449 1611 484 1663 et
503 1601 708 1664 abscinditur
728 1611 823 1666 actus
840 1602 973 1665 videndi
993 1602 1129 1666 omnino
1146 1601 1199 1665 vel
1215 1601 1389 1677 distincte3

237 1717 272 1769 et
295 1704 369 1768 ideo
391 1706 518 1788 species
539 1705 585 1768 rei
608 1706 763 1770 distantis
787 1725 852 1768 non
876 1706 987 1791 figitur
1006 1707 1096 1788 apud
1115 1705 1230 1780 visum,
1254 1717 1391 1788 propter

236 1808 327 1891 quod
343 1810 538 1872 aestimatur
553 1830 603 1872 res
619 1810 780 1874 vacillare.

282 1911 318 1976 Si
334 1934 413 1977 vero
433 1915 570 1979 dicatur.
590 1916 680 1997 quod
703 1925 783 1977 tunc
804 1935 880 1978 aere
903 1923 996 1977 moto
1017 1915 1146 1978 sortiter
1167 1936 1226 1997 per
1242 1927 1388 1990 ventum,
1402 1928 1510 1980 Invhat

240 2015 331 2082 lieret
352 2017 457 2099 major
476 2017 665 2082 scintillatio
688 2027 722 2082 et
742 2017 990 2095 vehementior;
1020 2019 1197 2082 dicendum
1216 2030 1276 2097 est,
1296 2021 1388 2101 quod
1400 2011 1499 2109 {lidan
1511 2059 1540 2107 οἱ

237 2123 322 2185 sicut
337 2121 492 2205 splendor
504 2123 644 2200 debitus,
658 2143 718 2185 nec
734 2122 918 2205 superfluus
935 2143 994 2186 nec
1010 2123 1202 2201 diminutus,
1213 2124 1389 2206 requiritur
1403 2125 1559 2202 rhemedtum

238 2227 282 2291 ad
298 2225 575 2304 scintillationem,
591 2237 627 2290 ut
643 2228 794 2310 superius
809 2227 934 2290 dictum
959 2235 1029 2300 est;
1057 2223 1104 2310 (et
1124 2226 1208 2290 sicut
1231 2227 1390 2290 distantia
1402 2208 1491 2322 ἓξὲξ
1499 2273 1526 2304 ,s

239 2340 328 2395 certa
343 2329 508 2394 similiter:
533 2351 610 2394 nam
625 2340 757 2394 tantum
775 2340 912 2413 possent
932 2329 1049 2394 stellae
1071 2331 1196 2394 distare
1210 2334 1300 2413 quod
1323 2352 1390 2395 non
1404 2322 1546 2373 ²³⁰l¹¹¹l⁰²

239 2432 465 2510 scintillarent,
476 2435 560 2499 sicut
576 2446 647 2498 tam
662 2455 801 2518 parvum
819 2435 930 2499 lumen
946 2435 1058 2517 aliqua
1073 2435 1197 2500 habent
1216 2438 1306 2518 quod
1323 2457 1390 2500 non

239 2537 418 2604 scintillant
431 2539 451 2618 ;)
470 2540 516 2602 sic
539 2546 648 2621 potest
672 2540 736 2601 dici
760 2540 803 2603 de
826 2550 918 2603 motu
942 2541 1051 2604 medii.
1097 2541 1187 2605 Nam
1206 2543 1248 2606 ad
1268 2541 1392 2606 scintil-

241 2644 399 2707 lationem
430 2642 548 2706 sufficit
579 2653 689 2706 motus
718 2644 802 2707 aeris
832 2645 889 2726 qui
920 2654 970 2708 est
1000 2665 1060 2727 per
1084 2655 1211 2710 motum
1243 2647 1326 2710 coeli
1357 2655 1391 2710 et

240 2767 409 2830 vaporum,
428 2747 484 2829 qui
508 2749 663 2810 continue
687 2748 719 2810 in
743 2768 784 2810 eo
810 2747 993 2825 invenitur;
1017 2748 1124 2812 ethic
1151 2751 1391 2815 determinatus

240 2860 291 2916 eet
306 2850 527 2916 scintillationi
544 2850 722 2927 stellarum,
743 2853 790 2915 ita
811 2853 901 2932 quod
924 2852 1031 2933 major
1045 2873 1110 2916 non
1131 2855 1310 2936 requiritur,
1331 2874 1391 2917 nec

243 2956 350 3020 minor
364 2955 492 3021 sufficit
538 2954 574 3018 Si
598 2955 699 3018 etiam
722 2955 859 3031 dicatur,
881 2956 971 3037 quod
994 2957 1120 3037 species
1142 2957 1339 3040 multiplicat
1356 2978 1393 3021 se

242 3060 423 3124 secundum
445 3060 516 3122 vias
539 3068 645 3123 rectas
669 3059 701 3121 in
723 3060 842 3122 eodem
871 3059 989 3134 medio,
1012 3079 1073 3123 nec
1099 3060 1266 3125 recedita
1292 3064 1392 3125 verti-

243 3165 371 3228 catione
386 3173 475 3228 recta
488 3174 623 3246 propter
634 3173 761 3228 motum
775 3163 875 3226 medii
886 3161 907 3241 ¹,
919 3164 998 3244 quia
1013 3184 1080 3227 non
1090 3165 1235 3229 variatur
1246 3169 1393 3230 incessus

242 3267 314 3349 ejus
329 3269 391 3332 nisi
412 3288 470 3350 per
485 3265 679 3332 fractionem
701 3278 735 3332 et
753 3267 968 3332 reflexionem
990 3287 1077 3350 quae
1096 3289 1162 3332 non
1186 3272 1341 3335 accidunt
1358 3271 1392 3334 in

244 3383 337 3436 motu
354 3371 502 3452 ejusdem
520 3373 629 3448 medii,
644 3382 678 3437 et
697 3373 772 3437 ideo
793 3393 858 3436 non
875 3372 932 3436 fiet
952 3374 1079 3455 species
1100 3373 1131 3436 in
1154 3374 1292 3438 diversis
1311 3375 1393 3440 locis

243 3478 384 3541 seduno
399 3487 539 3554 tantum,
554 3487 589 3540 et
609 3477 656 3541 sic
676 3497 742 3540 non
764 3477 902 3541 habebit
922 3476 1021 3540 situm
1041 3478 1208 3541 diversum
1225 3479 1256 3541 in
1277 3479 1393 3558 oculo;

243 3581 422 3645 dicendum
440 3591 500 3656 est,
515 3581 607 3663 quod
622 3601 736 3644 verum
753 3591 803 3644 est
819 3582 963 3664 speciem
979 3592 1092 3648 tenere
1110 3603 1241 3666 semper
1255 3584 1394 3647 eandem

242 3685 494 3750 verticationem
524 3685 557 3747 in
588 3686 705 3749 eodem
738 3686 857 3760 medio,
888 3696 922 3750 et
959 3706 995 3748 se
1032 3687 1231 3769 multiplicat
1268 3689 1395 3753 directe

243 3791 426 3854 secundum
458 3807 557 3852 unam
586 3790 674 3852 viam
706 3800 740 3853 et
770 3809 871 3852 unum
901 3789 1021 3853 locum.
1075 3789 1143 3855 Sed
1172 3801 1285 3856 tamen
1316 3793 1395 3876 quia

245 3903 355 3976 partes
377 3893 526 3956 diversae
548 3893 672 3956 cadunt
695 3895 877 3957 successive
900 3893 933 3957 in
958 3894 1099 3958 eundem
1123 3895 1242 3973 locum,
1261 3906 1296 3959 et
1318 3919 1396 3980 pars

245 3999 354 4080 prima
375 3997 501 4060 habens
527 3998 670 4080 speciem
698 3998 816 4062 retinet
839 4019 913 4062 eam
938 4008 1115 4082 postquam
1138 4021 1158 4063 a
1179 4001 1396 4065 verticatione

244 4101 365 4186 speciei
393 4101 536 4178 recessit,
563 4111 596 4164 et
622 4103 712 4185 prius
737 4103 827 4166 venit
860 4101 926 4165 alia
956 4123 1033 4185 pars
1061 4103 1093 4165 in
1121 4103 1230 4167 locum
1257 4106 1396 4168 vertica-

244 4205 346 4271 tionis
360 4215 540 4288 antequam
556 4207 681 4288 species
696 4207 910 4270 abscindatur
924 4227 944 4270 a
959 4207 1072 4289 prima,
1088 4207 1164 4271 ideo
1179 4217 1289 4288 partes
1310 4209 1396 4273 duae

278 4335 285 4362 ¹
304 4333 361 4382 The
377 4335 496 4396 question
514 4335 636 4384 whether
652 4336 696 4385 the
713 4337 882 4400 propagation
900 4336 930 4385 oi
945 4337 1048 4385 radiant
1070 4335 1140 4384 l'orce
1156 4336 1179 4384 is
1197 4335 1342 4386 innuenced
1360 4337 1396 4399 by

243 4425 392 4464 mverse
403 4421 521 4462 currente
532 4414 558 4462 in
571 4415 616 4462 the
628 4415 740 4463 medinm
755 4416 777 4464 is
793 4416 927 4465 discussed
938 4416 966 4464 in
977 4414 1086 4478 Mulhpl.
1097 4413 1245 4477 Spectmen,
1253 4414 1288 4463 iii.
1300 4431 1356 4478 cap.
1373 4433 1395 4476 1,

243 4493 296 4542 and
313 4492 451 4542 anawered
468 4493 494 4540 in
511 4493 555 4540 the
576 4493 705 4554 negative.
739 4493 820 4542 What
839 4494 861 4542 is
880 4500 968 4543 meant
984 4494 1048 4543 bere
1064 4494 1087 4542 is
1108 4494 1165 4542 that
1180 4493 1226 4542 tbe
1243 4495 1397 4557 impreesion

244 4573 321 4622 made
338 4571 429 4634 hythe
447 4586 494 4632 ray
505 4585 539 4619 on
556 4587 607 4620 one
619 4571 713 4620 retinal
730 4572 803 4634 point
820 4571 884 4620 lasts
899 4571 940 4620 ior
950 4588 966 4619 a
977 4579 1035 4634 part
1050 4572 1080 4620 ol
1086 4571 1133 4620 the
1149 4572 1211 4621 time
1228 4574 1353 4636 occupied
1371 4575 1398 4624 in

243 4651 375 4712 making·
387 4651 484 4700 second
495 4650 649 4711 impression
662 4665 696 4699 ou
708 4665 741 4698 an
753 4650 871 4711 adjacent
882 4651 963 4712 point.
