3542 5359
519 609 634 668 PARS
663 608 839 667 TERTIA:
876 605 964 665 CAP.
989 605 1050 665 III.
1295 620 1355 683 515

208 772 397 847 mixtionis;
423 782 457 836 et
483 773 603 837 eodem
626 775 729 836 modo
751 782 801 835 est
826 772 859 835 in
883 771 1101 835 mixtionibus
1122 771 1210 853 apud
1233 769 1256 833 k
1279 767 1356 833 etl.

210 876 377 958 Quoniam
398 878 499 959 igitur
518 898 538 941 a
557 898 592 941 re
612 878 682 940 visa
698 878 740 940 ad
758 898 859 941 unam
875 887 1004 960 partem
1021 878 1167 960 pupillae
1182 896 1249 940 non
1264 872 1357 937 venit

208 983 266 1045 nisi
294 1003 359 1044 una
391 982 517 1066 species
551 983 736 1065 principalis
766 991 801 1046 et
833 984 1114 1067 perpendicularis
1150 982 1276 1046 habens
1310 979 1357 1042 sic

209 1088 373 1168 duplicem
403 1086 642 1166 fortitudinem,
668 1088 792 1151 scilicet
820 1109 864 1151 ex
891 1087 1226 1171 perpendicularitate
1253 1094 1357 1148 etex

209 1190 459 1273 principalitate,
494 1201 630 1274 propter
660 1211 761 1273 quam
793 1192 859 1255 alia
893 1192 1097 1257 consumitur
1133 1192 1216 1255 inter
1248 1189 1359 1251 locum

209 1294 381 1358 mixtionis
405 1306 439 1358 et
463 1306 590 1378 partem
622 1296 768 1379 pupillae
798 1306 856 1359 aut
886 1296 1079 1372 occultatur,
1106 1304 1238 1377 oportet
1268 1291 1359 1375 quod

209 1398 291 1462 haec
310 1400 440 1474 mixtio,
458 1400 536 1463 licet
558 1402 602 1464 sit
624 1422 710 1475 vera,
733 1421 797 1463 non
818 1412 933 1465 tamen
956 1402 1090 1464 inducat
1112 1399 1258 1481 aliquam
1281 1414 1359 1460 con-

211 1500 371 1566 fusionem
389 1506 421 1565 in
435 1504 516 1571 visu.
532 1506 591 1568 sed
610 1506 742 1586 plenam
758 1504 911 1586 relinquit
931 1506 1185 1569 distinctionem.

255 1605 370 1689 Quum
388 1609 487 1691 igitur
501 1618 654 1673 auctores
670 1610 760 1685 varii,
776 1619 813 1672 ut
831 1608 985 1673 Alhazen
1003 1609 1084 1673 libro
1100 1611 1143 1673 de
1159 1606 1361 1690 Aspectibus
1375 1623 1478 1687 Experi-

1332 1711 1339 1725 ·
1375 1688 1469 1739 mental
1481 1703 1516 1737 re·

211 1724 245 1776 et
271 1713 326 1775 alii
352 1714 561 1795 perspectivi,
582 1725 618 1778 et
643 1716 744 1777 etiam
771 1714 948 1787 naturales,
971 1723 1008 1776 ut
1035 1713 1161 1778 Seneca
1188 1725 1221 1778 et
1250 1711 1304 1775 alii
1330 1730 1362 1773 1n
1376 1754 1488 1805 mh„
1505 1754 1534 1803 or

211 1818 303 1880 libris
325 1818 542 1895 naturalibus,
564 1818 680 1882 volunt
710 1819 836 1900 species
861 1819 1016 1900 distingui
1044 1820 1076 1881 in
1100 1818 1221 1896 medio,
1242 1815 1362 1881 intelli·
1376 1821 1490 1897 albanu

212 1923 359 2004 gendum
382 1931 432 1984 est
455 1921 519 1985 hoc
540 1923 650 1999 modo,
665 1922 790 1986 scilicet
812 1923 903 2004 quod
927 1944 946 1986 a
967 1923 1066 1987 rebus
1083 1924 1219 1985 veniunt
1238 1921 1364 2004 species
1377 1888 1474 2003 ffif

212 2047 270 2108 per
301 2028 403 2089 lineas
429 2027 627 2110 principales
652 2028 826 2090 distinctas
855 2046 962 2109 usque
987 2029 1030 2092 ad
1057 2027 1166 2089 locum
1194 2025 1365 2089 mixtionis

213 2141 247 2194 et
274 2131 394 2195 deinde
424 2132 559 2197 ulterius
588 2133 732 2195 tendunt
757 2151 818 2213 per
843 2132 989 2195 diversas
1017 2132 1087 2194 vias
1117 2140 1151 2196 et
1181 2131 1365 2204 distinctas,

214 2236 381 2317 loquendo
402 2237 443 2299 de
462 2236 555 2299 lineis
576 2235 822 2317 principalibus,
842 2236 995 2317 quamvis
1015 2234 1237 2300 accidentales
1257 2234 1366 2295 minus

216 2341 406 2404 coincidant
421 2362 441 2402 a
456 2340 531 2404 loco
546 2341 716 2403 mixtionis
728 2341 761 2403 in
776 2341 926 2421 partibus
942 2340 1039 2403 medii
1054 2349 1088 2403 et
1103 2338 1199 2417 oculi,
1211 2348 1244 2401 et
1256 2338 1367 2401 adhuc

216 2444 297 2507 haec
317 2444 537 2508 coincidentia
553 2455 725 2527 reputatur
743 2445 922 2521 distincti0,
939 2465 979 2507 eo
995 2445 1086 2526 quod
1102 2444 1264 2509 fortitudo
1280 2443 1367 2526 prin·

217 2547 330 2630 cipalis
354 2549 634 2629 multiplicationis
657 2548 803 2615 occultat
824 2549 924 2612 aliam
944 2560 1002 2613 aut
1026 2550 1207 2633 corrumpit
1225 2550 1365 2632 penitus

221 2653 267 2715 Et
282 2653 358 2715 idco
373 2653 465 2735 quod
481 2652 632 2717 Alhazen
654 2656 687 2717 in
706 2654 812 2736 primo
830 2655 916 2718 libro
937 2655 1063 2717 inducit
1079 2649 1366 2737 experimentum¹

217 2758 260 2819 ad
276 2758 522 2821 distinctionem
537 2760 718 2841 specierum
735 2756 951 2838 probandam,
965 2759 1090 2823 scilicet
1106 2779 1165 2842 per
1183 2759 1367 2820 discursum

218 2881 332 2925 earum
354 2881 411 2942 per
430 2863 518 2924 idem
536 2859 684 2925 foramen
706 2882 811 2944 usque
831 2863 873 2926 ad
891 2874 1002 2944 partes
1017 2863 1163 2925 diversas
1179 2862 1213 2923 in
1232 2873 1369 2943 corpore

217 2964 371 3047 objecto;
393 2966 571 3030 dicendum
586 2966 677 3047 quod
697 2986 811 3029 verum
830 2968 987 3049 estquod
1009 2968 1055 3029 sic
1076 2976 1127 3030 est
1141 2965 1311 3029 distinctio
1332 2971 1370 3025 ut

218 3070 374 3143 intendit,
389 3071 468 3150 quia
483 3071 609 3153 species
624 3071 656 3134 in
674 3070 835 3134 foramine
850 3070 963 3152 inquo
974 3072 1161 3149 miscentur,
1173 3069 1301 3134 vadunt
1312 3088 1371 3151 per

219 3172 323 3235 lineas
335 3174 480 3236 diversas
492 3173 700 3257 principales,
708 3174 795 3238 sicut
803 3184 901 3237 extra
913 3172 1061 3236 foramen
1073 3183 1231 3238 venemnt
1243 3195 1262 3237 a
1274 3172 1371 3235 rebus

118 3284 123 3290 '
219 3298 279 3360 per
301 3278 404 3341 lineas
426 3279 572 3342 diversas
598 3278 807 3361 principales,
829 3299 917 3361 quae
939 3281 1158 3344 terminantur
1180 3280 1224 3342 ad
1247 3287 1372 3360 puncta

219 3383 348 3445 diversa
361 3384 394 3445 in
406 3403 543 3465 corpore
555 3383 687 3465 objecto
698 3385 979 3465 repraesentantia
989 3384 1115 3466 species
1126 3384 1272 3447 diversas
1281 3383 1372 3464 prin·

219 3487 344 3569 cipales
369 3488 401 3549 in
429 3488 579 3569 partibus
602 3489 740 3551 diversis
763 3489 911 3572 corporis
934 3487 1067 3571 objecti.
1114 3487 1182 3552 Sed
1204 3498 1315 3551 tamen
1340 3487 1373 3549 in

220 3589 379 3653 foramine
396 3589 457 3654 luit
473 3612 552 3654 vera
567 3592 698 3668 mixtio,
710 3602 747 3655 ut
760 3594 888 3656 dictum
901 3602 960 3667 est,
973 3592 1079 3656 visum
1092 3591 1184 3655 nullo
1199 3592 1299 3655 modo
1314 3591 1374 3653 im·

220 3695 359 3776 pediens
374 3705 509 3777 propter
519 3716 637 3758 causas
652 3697 768 3772 dictas,
783 3698 864 3777 quin
880 3696 1037 3761 distincte
1053 3694 1120 3760 fiat.

269 3797 313 3860 Et
322 3797 393 3878 jam
402 3797 503 3879 juxta
512 3799 594 3864 haec
606 3809 699 3883 patet
709 3802 798 3881 quod
811 3802 993 3863 tenendum
1003 3810 1053 3864 est
1065 3800 1108 3863 de
1117 3798 1243 3861 unitate
1255 3798 1374 3881 speciei
1387 3806 1520 3869 Summary

222 3923 309 3985 quae
331 3902 421 3966 venit
437 3924 464 3965 a
487 3923 521 3964 re
544 3923 610 3965 una
632 3904 685 3965 vel
709 3903 866 3983 pluribus.
912 3903 948 3967 Si
973 3904 1058 3966 enim
1083 3922 1186 3984 agens
1213 3903 1256 3965 sit
1279 3904 1374 3965 unius
1387 3873 1507 3989 ‘c’lsffiffi

223 4019 363 4071 naturae
385 4007 520 4079 activae,
543 4017 580 4071 ut
603 4007 759 4085 lucidum,
776 4008 827 4069 vel
852 4008 950 4070 unius
973 4007 1101 4080 coloris,
1125 4006 1177 4069 vel
1200 4005 1375 4086 cujuslibet

223 4111 358 4175 alterius
374 4110 583 4192 proprietatis
599 4110 735 4187 activae,
751 4120 845 4193 patet
860 4130 960 4175 unam
977 4130 1048 4173 esse
1065 4109 1374 4191 multiplicationem

224 4214 407 4278 secundum
425 4215 578 4296 speciem,
593 4224 627 4277 et
642 4226 802 4295 quantum
820 4216 862 4277 ad
878 4214 1040 4278 unitatem
1058 4215 1242 4277 secundum
1259 4233 1376 4275 nume-

225 4340 299 4382 rum
315 4328 349 4381 et
366 4319 545 4381 secundum
565 4317 751 4381 essentiam.
797 4319 886 4382 Nam
909 4318 987 4381 licet
1002 4317 1170 4399 quaelibet
1189 4338 1265 4399 pars
1279 4317 1377 4381 saciat

226 4420 536 4506 multiplicationem
553 4441 652 4485 unam
668 4421 883 4503 sphaericam,
900 4432 1093 4485 nontamen
1110 4431 1325 4483 numerantur
1343 4421 1377 4483 in

226 4529 345 4591 eadem
361 4525 497 4588 materia
520 4535 554 4589 et
576 4525 738 4608 subjecto,
752 4527 812 4589 sed
835 4525 957 4589 cedunt
980 4544 1095 4587 omnes
1120 4526 1152 4587 in
1175 4543 1284 4601 unam,
1300 4524 1378 4607 quia

643 4641 651 4669 ⁸
669 4643 709 4694 Ct'.
722 4644 883 4785 Perspictum,
893 4659 917 4706 p.
930 4658 971 4706 45.

763 4736 787 4786 Ι,
830 4741 849 4788 2
