3542 5359
547 638 663 698 PARS
688 638 874 711 QUINTA:
910 638 998 697 cAP.
1024 638 1050 696 I.
1315 654 1376 717 533

223 801 328 883 magis
357 802 620 867 manifestabitur
649 812 734 887 post.
795 801 864 867 Sed
897 803 940 865 de
977 802 1064 866 linea
1095 801 1290 867 accidentali
1323 812 1375 867 est

222 907 450 971 universaliter
481 909 661 971 tenendum
691 909 782 990 quod
813 917 864 971 est
894 906 1034 971 debilior
1055 906 1216 983 omnibus,
1239 916 1375 990 propter

221 1008 286 1073 hoc
307 1012 398 1094 quod
421 1014 465 1076 ab
486 1024 607 1095 agente
632 1033 698 1076 non
724 1012 823 1089 venit,
848 1012 907 1074 sed
935 1031 955 1073 a
978 1011 1096 1093 specie,
1119 1021 1153 1075 et
1176 1021 1226 1074 est
1249 1011 1375 1092 species

222 1116 354 1195 speciei,
372 1127 410 1181 ut
433 1127 484 1180 est
511 1119 602 1201 prius
623 1117 757 1193 dictum,
783 1126 818 1180 et
843 1115 920 1180 ideo
942 1118 985 1180 de
1007 1136 1047 1179 ea
1069 1134 1136 1179 non
1160 1125 1211 1179 est
1232 1113 1375 1198 amplius

222 1220 396 1284 dicendum
411 1230 563 1304 respectu
577 1220 724 1284 aliarum.

268 1322 336 1388 Sed
351 1324 438 1388 linea
453 1336 543 1389 recta
557 1333 616 1389 aut
631 1327 722 1390 cadit
735 1326 778 1389 ad
794 1324 934 1409 angulos
949 1324 1104 1407 aequales
1115 1333 1174 1387 aut
1185 1322 1375 1404 inaequales

222 1430 281 1492 sed
299 1426 413 1493 sortior
428 1438 480 1493 est
495 1431 581 1494 actio
600 1431 642 1493 ad
662 1429 800 1513 angulos
818 1428 982 1511 aequaleS,
996 1430 1075 1510 quia
1096 1426 1233 1511 aequale
1257 1427 1374 1490 melius

223 1541 284 1611 est,
298 1542 335 1596 ut
350 1533 476 1596 dictum
492 1544 552 1598 est.
598 1534 643 1598 Et
658 1534 810 1598 similiter
823 1535 928 1598 virtus

223 1638 330 1721 magis
357 1638 563 1702 uniformiter
586 1639 686 1713 venit,
704 1649 738 1702 et
763 1659 831 1703 non
853 1649 927 1703 tan-

223 1753 295 1804 tum
306 1742 585 1808 diversificaturin
596 1744 726 1827 angulis
734 1743 928 1826 aequalibus

107 1837 111 1841 “
223 1845 308 1909 sicut
323 1846 356 1908 in
374 1846 504 1929 angulis
524 1848 762 1930 inaequalibus,
776 1858 811 1911 et
824 1848 928 1911 virtus

225 1949 395 2014 uniformis
411 1960 462 2015 ert
477 1950 612 2033 majoris
627 1952 835 2034 operationis.
882 1953 928 2015 Et

223 2055 280 2119 illa
299 2076 386 2137 quae
407 2057 450 2120 ad
471 2056 609 2139 angulos
630 2057 820 2140 inaequales
838 2058 930 2119 cadit

224 2170 276 2225 est
287 2162 331 2224 de
346 2162 540 2225 necessitate
556 2162 693 2245 longior,
703 2172 740 2224 ut
752 2170 846 2244 patet
858 2171 928 2224 tam

224 2265 257 2327 in
288 2285 366 2329 casu
396 2285 495 2347 super
523 2266 643 2329 lineam
673 2274 798 2328 rectam
828 2284 929 2347 quam

226 2368 516 2450 circularem,quia
527 2389 550 2432 a
551 2370 584 2450 s
586 2368 671 2432 linea
681 2370 804 2432 cadens
814 2369 858 2431 ad
869 2387 930 2431 an·
1311 2414 1331 2477 q

225 2470 322 2555 gulos
330 2472 485 2553 aequales
496 2493 594 2554 super
606 2472 725 2536 lineam
737 2482 863 2537 rectam
879 2483 931 2537 est

224 2576 356 2639 brevior
370 2597 392 2638 a
405 2597 427 2657 q
441 2576 529 2639 linea
548 2595 608 2658 per
624 2576 787 2641 decimam
806 2597 931 2641 nouam

225 2680 322 2763 primi
344 2680 500 2744 Euclidis.
546 2678 583 2744 Si
598 2681 686 2745 enim
695 2704 717 2745 a
718 2683 750 2761 s
754 2704 776 2764 q
790 2681 932 2764 angulus
947 2690 999 2743 est
1014 2678 1161 2761 aequalis
1175 2674 1299 2758 angulo
1314 2674 1377 2738 sibi

224 2784 464 2860 conterminali‚
489 2796 569 2849 tunc
599 2794 708 2848 rectus
735 2796 787 2851 est
813 2807 872 2869 per
898 2784 1133 2862 definitionem,
1157 2790 1191 2844 et
1217 2780 1291 2843 ideo
1317 2798 1377 2862 per

224 2888 426 2953 tricesimam
452 2890 630 2953 secundam
653 2890 750 2972 primi
775 2914 798 2954 a
813 2892 884 2973 sq
907 2887 1048 2972 angulus
1073 2895 1124 2950 est
1148 2884 1316 2948 maximus
1342 2884 1375 2946 in

226 2994 400 3075 triangulo,
422 3014 502 3075 ergo
528 2995 558 3056 ei
585 2993 766 3077 opponitur
791 2996 975 3057 maximum
1011 3051 1024 3076 ,Ἴ

225 3100 322 3177 latus,
345 3099 434 3179 quod
470 3107 520 3162 est
548 3099 765 3181 propositum.
819 3097 977 3163 Similiter

225 3203 361 3285 quando
387 3202 475 3266 cadit
496 3222 597 3284 super
625 3202 745 3267 lineam
770 3202 883 3267 circuli
907 3222 975 3283 aq,

225 3328 300 3371 vere
318 3306 396 3371 lacit
416 3306 556 3390 angulos
575 3304 730 3388 aequales
750 3309 809 3371 sed
829 3306 976 3385 obtusos,

225 3413 316 3493 quod
340 3421 434 3493 patet
454 3412 482 3474 si
504 3412 643 3475 ducatur
667 3411 754 3474 linea
779 3412 977 3495 contingens

225 3516 383 3579 circulum
407 3516 440 3577 in
462 3525 586 3600 puncto
598 3526 634 3598 p,
653 3526 691 3579 ut
708 3517 900 3598 expositum
926 3526 977 3581 est

225 3622 258 3683 in
270 3630 389 3701 quarta
403 3630 498 3703 parte
513 3619 611 3701 hujus
624 3630 794 3697 tractatus,
803 3620 831 3684 si
846 3622 977 3703 proprie

224 3724 362 3787 velimus
380 3724 481 3806 loqui,
495 3745 518 3787 a
534 3744 556 3805 q
572 3734 624 3788 est
643 3725 774 3789 brevior
792 3746 894 3807 quam
914 3747 937 3788 a
944 3736 979 3806 p,

225 3829 309 3893 sicut
332 3837 424 3911 patet
450 3848 510 3909 per
531 3839 685 3892 octavam
708 3828 796 3893 tertii
821 3828 980 3908 Euclidis,
1132 3811 1191 3860 Ἐπ’·
1205 3824 1259 3860 ¹⁰²·

225 3932 304 4016 quia
336 3931 464 4016 perficit
498 3932 697 3997 diametrum
726 3933 847 3997 circuli.
897 3932 934 3998 Si
956 3953 1037 3997 vero
1064 3932 1169 3996 virtus
1193 3933 1305 3996 veniat
1334 3932 1377 3995 ad

226 4036 367 4119 angulos
381 4037 536 4118 aequales
552 4048 668 4117 rectos,
683 4037 798 4102 melior
814 4048 865 4101 est
879 4037 1038 4120 operatio,
1048 4056 1149 4118 quam
1164 4037 1208 4100 ad
1223 4036 1378 4118 aequales

224 4143 363 4205 obtusos
375 4139 396 4203 ¹.

270 4245 471 4309 Aristoteles
493 4254 606 4309 autem
630 4245 739 4327 primo
757 4244 852 4310 Coeli
867 4254 902 4308 et
919 4244 1038 4307 Mundi
1061 4244 1151 4325 dicit,
1166 4246 1255 4327 quod
1278 4265 1379 4328 grave

227 4348 399 4412 descendit
410 4350 454 4413 ad
469 4349 611 4433 angulos
625 4359 741 4429 rectos,
750 4358 784 4413 et
798 4348 864 4412 hoc
874 4348 954 4413 dicit
962 4348 1115 4413 Alhazen
1131 4349 1238 4432 primo
1247 4348 1378 4431 Aspec·

1103 2524 1162 2573 Frc.
1182 2537 1236 2573 101.

260 4609 268 4638 ¹
287 4610 310 4659 lt
329 4611 351 4660 is
371 4619 418 4660 not
440 4626 503 4675 easy
520 4619 547 4662 to
567 4611 659 4663 follow
675 4612 788 4664 Bacon'a
807 4628 917 4663 reasons
930 4612 970 4662 lor
989 4612 1042 4662 this
1058 4618 1205 4661 statement.
1245 4610 1320 4675 They
1335 4626 1380 4661 are

227 4689 350 4752 repeated
362 4690 389 4739 in
401 4691 447 4740 the
459 4698 522 4741 next
533 4692 646 4755 chapter.

1386 1332 1461 1410 Lines

1387 1398 1490 1461 malrrng

1416 1465 1458 1514 nal
1469 1480 1513 1513 an·

1386 1546 1440 1595 ges
1452 1543 1521 1579 ruore

1386 1596 1497 1646 effective

1387 1662 1447 1711 than
1460 1661 1531 1711 those

1387 1727 1492 1791 malrlug

1387 1792 1502 1857 unequal.
