3542 5359
371 613 698 674 PERSPECTIVAE
725 614 840 672 PARS
866 613 1090 673 SECUNDA:
1127 616 1236 674 DIST.
1266 618 1308 674 II.
1369 633 1411 692 93

255 778 434 844 fortissime
449 800 509 865 per
523 778 668 862 speciem
684 778 787 862 partis
805 798 893 861 quae
907 779 1000 842 venit
1014 799 1113 862 super
1127 778 1213 842 hanc
1234 778 1362 855 lineam,
1377 789 1411 844 et

258 903 332 947 eam
358 883 610 966 comprehendit
630 883 663 946 in
687 881 752 946 fine
774 883 987 959 certitudinis,
1012 892 1172 965 quantum
1196 893 1307 965 potest
1326 904 1411 948 unus

258 988 373 1053 oculus
384 988 677 1071 comprehendere.
712 988 758 1052 Et
771 989 847 1052 ideo
862 988 984 1052 dicitur
999 989 1031 1051 in
1043 988 1126 1051 libro
1141 987 1276 1054 delIisu
1286 987 1307 1065 ¹,
1319 988 1410 1070 quod

258 1092 384 1156 nullum
409 1094 554 1157 visorum
580 1093 713 1156 videtur
740 1092 838 1156 simul
867 1093 1047 1156 secundum
1075 1102 1194 1168 totum,
1217 1104 1249 1156 et
1272 1092 1336 1157 hoc
1361 1103 1412 1156 est

258 1196 511 1279 intelligendum
527 1197 561 1260 iu
582 1196 647 1260 fine
665 1197 879 1274 certitudinis,
894 1198 955 1260 sed
976 1217 1040 1263 una
1063 1216 1140 1278 pars
1160 1207 1290 1260 tantum
1311 1217 1411 1278 super

258 1321 359 1383 quam
387 1302 477 1366 cadit
505 1303 580 1366 axis
606 1303 734 1366 dictus:
766 1300 977 1365 nihilominus
999 1310 1110 1364 tamen
1133 1302 1251 1364 eodem
1275 1310 1410 1383 aspectu

258 1405 390 1469 videtur
409 1415 482 1471 tota
505 1426 556 1468 res
578 1425 665 1488 quae
685 1416 736 1469 est
753 1405 842 1470 basis
863 1405 1045 1488 pyramidis
1059 1405 1203 1480 visualis,
1221 1415 1256 1469 et
1275 1407 1351 1488 plus
1374 1415 1410 1468 ut

259 1519 385 1573 tactum
408 1521 469 1586 est,
485 1519 519 1573 et
538 1511 613 1574 ideo
633 1509 731 1573 simul
754 1509 850 1592 plura
870 1510 1034 1573 videntur.
1080 1509 1146 1574 Sed
1165 1518 1301 1592 propter
1319 1529 1410 1572 com·

258 1614 464 1696 plementum
487 1614 692 1678 certitudinis
714 1624 749 1678 et
771 1625 882 1697 partes
907 1634 952 1677 ex
979 1623 1121 1695 utroque
1147 1611 1249 1676 latere
1274 1614 1410 1697 propin-

257 1719 387 1799 quiores
416 1720 559 1782 termino
586 1719 661 1782 axis
687 1719 809 1781 certius
834 1718 998 1796 videntur,
1022 1727 1056 1780 et
1083 1719 1276 1782 remotiores
1302 1719 1411 1781 minus

257 1832 355 1888 certe.
409 1821 555 1906 Quando
577 1842 657 1886 vero
682 1822 798 1886 oculus
829 1833 980 1887 movetur
1010 1832 1047 1885 ut
1077 1822 1236 1886 certificet
1265 1821 1411 1904 singulas

257 1935 369 2011 partes
383 1928 480 2003 visas,
495 1938 573 1992 tunc
588 1926 663 1991 axis
683 1927 826 1991 decurrit
846 1947 946 2008 super
966 1947 1034 2002 eas,
1050 1937 1084 1990 et
1103 1925 1262 1990 certificat
1281 1947 1409 1990 succes-

256 2031 326 2096 sive
342 2051 440 2094 unam
458 2042 536 2113 post
549 2031 658 2094 aliam.

303 2136 349 2200 Et
375 2136 531 2218 quoniam
560 2135 753 2200 naturaliter
779 2137 846 2199 duo
872 2135 959 2200 oculi
976 2135 1078 2198 situm
1103 2135 1228 2199 habent
1255 2135 1556 2221 consimi-lttuocnlar

257 2239 323 2304 lem
349 2249 500 2323 respectu
528 2241 619 2303 nervi
646 2241 841 2318 communis,
868 2248 948 2302 tunc
971 2260 1006 2303 se
1029 2239 1199 2303 habebunt
1223 2259 1306 2303 axes
1330 2225 1511 2304 ocu-'¹⁸¹⁰'¹'

256 2343 365 2406 lorum
388 2345 593 2408 uniformiter
615 2346 658 2409 ad
681 2363 814 2407 omnem
846 2355 1007 2424 punctum
1030 2364 1129 2427 super
1151 2363 1250 2426 quem
1274 2344 1410 2421 cadunt,

256 2457 292 2511 et
321 2449 440 2512 cadent
471 2448 655 2513 necessario
685 2469 786 2532 super
814 2449 955 2512 eundem
989 2458 1148 2531 punctum
1179 2449 1235 2526 rei,
1267 2458 1301 2513 et
1330 2457 1410 2513 tunc

258 2551 313 2615 ille
348 2563 490 2636 punctus
526 2553 644 2616 melius
678 2562 713 2616 et
749 2554 869 2615 certius
899 2552 1067 2617 videbitur
1095 2575 1115 2616 a
1145 2553 1275 2618 duobus
1303 2553 1409 2617 oculis

256 2677 358 2740 quam
385 2657 428 2720 ab
455 2677 530 2721 uno.
576 2656 622 2720 Et
646 2656 898 2741 intelligendum
924 2665 985 2732 est,

257 2762 348 2843 quod
365 2781 386 2823 a
401 2781 501 2824 nervo
523 2762 693 2824 communi
713 2762 874 2845 dirigatur
896 2761 985 2824 linea

258 2875 350 2928 recta
381 2864 602 2948 imaginabilia
631 2865 717 2929 inter
746 2867 831 2930 duos
860 2864 984 2941 oculos,

258 2989 364 3052 usque
396 2969 439 3034 ad
472 2989 542 3034 rem
572 2970 688 3046 visam,
718 2989 918 3033 concurrens
949 2970 983 3032 in

256 3074 399 3137 eandem
422 3085 552 3157 partem
573 3074 618 3137 rei
642 3075 733 3137 visae
758 3094 834 3136 cutn
861 3073 984 3137 axibus

255 3175 438 3256 oculorum,
479 3186 513 3241 et
550 3177 633 3242 haec
680 3177 766 3241 linea
813 3187 865 3242 est
909 3177 984 3240 axis

256 3282 450 3360 communis,
466 3292 501 3346 et
520 3282 576 3346 ille
597 3293 739 3366 punctus
761 3303 860 3364 super
883 3302 982 3365 quern

255 3387 382 3450 cadunt
411 3385 467 3449 isti
497 3395 563 3450 tres
593 3406 684 3460 axes,
702 3387 833 3451 videtur
855 3387 889 3450 in
919 3384 983 3449 fine

253 3488 472 3565 certitudinis,
488 3500 523 3554 ut
543 3501 637 3574 patet
655 3491 689 3554 in
710 3491 826 3573 figura,
843 3500 877 3554 et
898 3490 983 3554 aliae

254 3605 368 3678 partes
396 3594 576 3657 secundum
603 3595 710 3677 magis
731 3603 765 3658 et
786 3595 905 3668 minus,
930 3615 982 3656 se·

252 3697 400 3760 cundum
427 3700 517 3780 quod
546 3697 671 3762 habent
701 3698 802 3762 situm
831 3699 998 3762 diversum
1024 3708 1176 3780 respectu
1200 3697 1298 3781 hujus
1322 3699 1406 3763 axis.

254 3802 345 3866 Nam
361 3823 383 3865 a
399 3813 542 3884 punctus
562 3803 693 3868 videtur
714 3804 908 3880 certissime,
923 3805 1002 3886 quia
1020 3813 1087 3867 tres
1107 3824 1188 3866 axes
1209 3816 1407 3870 concurrunt

253 3907 288 3969 in
305 3925 354 3983 e0,
369 3915 403 3969 et
418 3906 437 3970 b
451 3917 552 3989 atque
566 3929 584 3970 c
600 3909 721 3971 certius
735 3907 937 3970 videbuntur
951 3928 1052 3990 quam
1067 3929 1085 3970 c
1099 3917 1133 3971 et
1147 3907 1179 3970 d.

287 4023 295 4052 ¹
313 4023 377 4073 This
389 4025 410 4072 is
422 4025 466 4073 the
478 4026 534 4074 first
546 4027 707 4088 proposition
720 4025 748 4074 ol
757 4025 869 4075 Euclid's
882 4027 974 4090 Optics.
1001 4024 1080 4074 Οὐδὲν
1091 4025 1140 4073 τῶν
1148 4024 1273 4088 ὁρωμένων
1283 4025 1332 4086 ἅμα
1343 4025 1405 4075 ὅλον

251 4101 348 4164 ὁρᾶται.
377 4102 427 4151 llis
438 4104 514 4152 mode
523 4105 553 4153 ol
560 4105 709 4166 explaining
720 4103 772 4153 this
783 4105 947 4165 proposition
959 4105 981 4153 is
993 4104 1105 4152 curious.
1135 4103 1207 4166 Rays
1217 4105 1329 4166 proceed
1340 4105 1404 4153 irom

252 4181 299 4230 the
315 4196 365 4242 eye
382 4187 411 4229 to
427 4181 473 4229 the
490 4182 574 4241 object
592 4180 629 4243 (al
648 4179 837 4243 προσπίπτουσαι
858 4179 944 4244 ὄψεις).
980 4183 1066 4231 These
1085 4180 1200 4244 impinge
1219 4198 1288 4244 upon
1308 4183 1406 4231 certain

252 4259 341 4322 points
352 4258 455 4320 leaving
466 4259 541 4307 other
552 4259 639 4321 points
651 4259 804 4319 unaffected,
818 4261 869 4308 and
881 4260 1014 4308 therefore
1026 4276 1134 4309 unseen.
1171 4259 1194 4307 lt
1206 4261 1280 4308 takes
1292 4261 1353 4307 time
1365 4260 1406 4309 t‘or

252 4337 287 4386 att
302 4337 347 4385 the
359 4337 445 4398 points
457 4343 484 4384 to
496 4338 528 4385 be
543 4339 654 4386 touched
672 4353 702 4386 so
718 4340 775 4386 that
793 4338 838 4386 the
856 4339 939 4400 image
957 4339 1077 4387 becomes
1094 4338 1263 4393 continuous;
1279 4337 1404 4399 although

251 4417 298 4464 the
309 4415 371 4463 time
383 4416 406 4462 is
417 4421 463 4462 too
474 4415 547 4464 short
559 4415 600 4462 ior
611 4431 642 4463 us
653 4422 681 4463 to
693 4416 724 4463 be
736 4415 873 4464 conscious
885 4417 916 4465 os
926 4417 952 4464 it.
988 4417 1067 4465 Δοκεῖ
1078 4416 1178 4478 δρᾶσθαι
1195 4413 1245 4474 ἅμα
1261 4415 1312 4462 τῶν
1327 4413 1406 4478 ἅψεων

250 4491 316 4552 ταχὺ
326 4490 536 4554 παραφερομένων.
572 4493 622 4541 But
635 4493 723 4542 Euclid
736 4494 779 4542 did
792 4501 837 4542 not
849 4496 967 4543 combine
979 4511 1008 4543 as
1021 4495 1109 4543 Bacon
1121 4495 1173 4553 did,
1184 4494 1229 4542 the
1240 4494 1405 4555 geometrica]

251 4571 325 4633 point
336 4570 367 4618 os
374 4571 442 4619 view
454 4570 518 4618 with
536 4571 579 4619 the
596 4571 790 4633 physiological.
826 4571 883 4621 The
900 4573 1069 4634 dependente
1087 4572 1118 4620 os
1130 4571 1213 4620 vision
1232 4586 1300 4635 upon
1318 4571 1407 4621 ocular

251 4655 398 4698 movement
410 4647 488 4698 could
500 4647 591 4711 hardly
602 4649 635 4698 be
648 4651 732 4699 better
742 4651 826 4699 stated
838 4651 902 4699 than
913 4651 1002 4698 Baton
1013 4657 1093 4698 states
1105 4649 1132 4699 it.

1041 2723 1119 2759 οωιυο
1130 2727 1206 2758 omen
1216 2723 1294 2758 owtue
1305 2727 1390 2760 sinuum

1006 3139 1030 3204 d
1110 3141 1129 3206 b
1294 3144 1311 3185 ⁰

1166 3567 1227 3615 Fre.
1245 3569 1284 3628 38.
