3542 5359
375 657 435 720 134
602 639 757 701 opanrs
780 638 970 709 nnsonrs
994 637 1109 695 rans
1126 635 1297 709 ernrn.

374 806 479 870 lineas
502 811 608 869 rectas
629 804 663 866 in
686 802 958 868 extremitatibus
980 822 1102 879 earum,
1124 809 1159 866 et
1188 800 1266 864 ideo
1294 819 1362 864 non
1384 797 1526 882 percipit

374 909 633 974 incurvationem
656 906 842 972 reflexionis
854 927 862 984 ;
885 915 920 970 ct
942 917 1079 989 propter
1100 905 1163 970 hoc
1189 905 1344 970 aestimat
1362 925 1433 969 rem
1452 924 1526 968 esse

374 1034 506 1096 semper
529 1014 562 1076 in
594 1013 687 1078 radio
708 1011 835 1090 visuali,
853 1021 892 1076 'ct
922 1011 1032 1077 locum
1056 1011 1218 1094 imaginis,
1240 1031 1342 1094 quam
1366 1029 1524 1074 vocamus

373 1117 615 1199 apparitionem
639 1117 695 1194 rei,
718 1137 790 1180 esse
810 1116 843 1178 in
867 1115 981 1198 aliquo
1003 1127 1127 1198 puncto
1149 1114 1229 1198 ejus.
1276 1115 1333 1179 Ad
1359 1115 1424 1178 hoc
1446 1114 1525 1177 facit

372 1223 462 1305 quod
483 1222 574 1286 visus
604 1218 641 1285 fit
672 1219 943 1294 extramittendo,
966 1230 1000 1284 et
1022 1221 1098 1284 ideo
1128 1220 1163 1284 in
1193 1220 1375 1284 directione
1404 1217 1525 1303 speciei

372 1326 458 1391 oculi
487 1325 615 1408 judicat
645 1324 733 1388 visus
764 1344 836 1388 esse
865 1345 944 1388 rem.
990 1323 1059 1388 Sed
1089 1334 1202 1388 tamen
1234 1343 1300 1387 non
1331 1343 1463 1405 semper
1492 1321 1525 1385 in

373 1432 491 1494 eodem
508 1429 591 1504 loco,
608 1430 666 1493 sed
682 1438 720 1492 ut
735 1429 768 1492 in
784 1427 933 1512 pluribus
942 1427 963 1504 ¹,
975 1429 1009 1491 in
1025 1448 1183 1492 concursu
1201 1427 1283 1493 radii
1297 1427 1433 1491 visualis
1448 1445 1524 1491 cum

372 1534 515 1609 catheto,
538 1533 596 1616 qui
619 1544 670 1597 est
692 1533 968 1617 perpendicularis
991 1534 1093 1597 ducta
1112 1554 1132 1597 a
1154 1552 1188 1596 re
1214 1551 1315 1615 super
1343 1530 1523 1613 speculum.

373 1638 420 1701 Et
442 1637 622 1720 aliquando
647 1658 713 1701 non
735 1638 768 1700 in
791 1657 951 1701 concursu
975 1637 1041 1715 illo,
1056 1637 1115 1700 sed
1139 1637 1172 1700 in
1195 1636 1268 1699 solo
1290 1636 1383 1699 radio
1397 1632 1525 1706 visuali,

374 1741 453 1823 quia
473 1751 586 1825 potest
601 1741 823 1824 aequidistare
844 1741 989 1819 cathet0,
1006 1751 1042 1805 ut
1061 1742 1094 1804 in
1115 1740 1252 1824 speculo
1270 1759 1424 1812 concavo,
1441 1740 1526 1804 sicut

374 1853 569 1928 exponetur.
616 1846 662 1910 Et
682 1846 817 1928 quando
840 1835 1005 1910 concurrit
1026 1865 1103 1910 cum
1126 1845 1261 1910 catheto
1279 1854 1361 1908 tunc
1380 1844 1526 1907 variatur

374 1949 445 2033 ejus
467 1970 645 2015 concursus
669 1951 780 2014 multis
811 1951 930 2014 modis.
977 1950 1067 2014 Nam
1097 1949 1275 2033 aliquando
1306 1959 1396 2013 retro
1426 1956 1526 2030 caput

373 2063 582 2131 concurrunt,
597 2053 777 2136 aliquando
792 2055 825 2119 in
841 2054 949 2132 oculo,
961 2053 1139 2137 aliquando
1155 2055 1188 2116 in
1205 2052 1378 2136 superficie
1392 2051 1526 2134 speculi,

372 2156 553 2239 aliquando
568 2157 601 2220 in
623 2157 766 2240 speculo,
783 2156 964 2238 aliquando
987 2158 1074 2221 ultra
1090 2155 1270 2241 speculum,
1286 2165 1320 2220 et
1341 2154 1404 2219 hoc
1419 2154 1527 2218 diver-

373 2261 510 2326 simode.
556 2261 646 2325 Nam
677 2261 839 2343 contingit
872 2262 963 2342 quod
994 2271 1125 2326 tantum
1155 2259 1242 2325 ultra
1271 2267 1430 2342 appareat
1463 2275 1525 2330 res,

372 2374 536 2447 quantum
560 2366 633 2447 ipsa
654 2365 756 2429 distat
778 2385 799 2429 a
821 2365 958 2448 speculo
979 2365 1170 2448 aliquande,
1193 2375 1227 2428 et
1249 2363 1332 2428 haec
1355 2363 1527 2427 diversitas

373 2469 494 2533 accidit
517 2478 654 2553 propter
675 2469 905 2533 diversitatem
935 2470 1155 2552 speculorum.
1202 2469 1341 2553 Propter
1370 2469 1460 2550 quod
1483 2466 1525 2529 ad

373 2573 465 2636 illam
481 2574 705 2638 accedendum
722 2583 782 2638 est.

794 2859 1021 2925 Cnmrvnvn
1042 2858 1106 2924 111.

204 3024 320 3140 {mim
336 3089 364 3140 of
417 3029 586 3114 Specula²
618 3051 697 3114 ergo
730 3040 808 3094 sunt
841 3041 979 3116 septem,
1009 3031 1043 3095 in
1075 3031 1194 3114 quibus
1223 3030 1312 3095 visus
1342 3029 1525 3094 secundum

204 3156 311 3206 minore.
374 3145 524 3200 auctores
540 3137 766 3218 perspectivae
782 3137 937 3214 variatur,
953 3135 1078 3200 scilicet
1098 3135 1277 3219 sphaerica,
1294 3134 1525 3219 pyramidalia,

374 3236 584 3310 columnaria,
603 3248 748 3302 extract
765 3239 850 3303 intra
866 3240 982 3323 polita,
996 3251 1031 3306 et
1048 3239 1130 3304 haec
1150 3248 1227 3303 sunt
1243 3259 1323 3314 sex;
1346 3238 1525 3322 septimum

373 3352 424 3406 est
439 3342 586 3425 planum.
633 3343 721 3406 Nam
741 3343 915 3426 quodlibet
939 3345 1112 3426 deprimis
1134 3352 1243 3426 potest
1257 3365 1329 3407 esse
1343 3363 1524 3407 concavum

371 3445 462 3528 quod
480 3455 530 3510 est
547 3447 631 3511 intra
647 3447 798 3532 politum,
815 3448 867 3510 vel
884 3468 1070 3512 convexum
1086 3448 1176 3531 quod
1194 3457 1244 3511 est
1260 3457 1357 3512 extra
1373 3446 1527 3529 politum,

373 3551 470 3614 etsie
488 3558 659 3628 suntsex3
682 3549 818 3635 planum
834 3572 913 3616 vero
932 3573 1031 3616 unam
1053 3552 1156 3616 habet
1177 3552 1439 3634 dispositionem.
1486 3551 1525 3613 In

372 3653 425 3716 his
448 3673 528 3736 ergo
543 3653 620 3718 volo
642 3656 824 3720 secundum
847 3657 1027 3721 sententias
1049 3666 1223 3720 auctorum
1241 3656 1469 3738 Perspectivae
1491 3663 1525 3718 et

405 3837 414 3866 ¹
431 3841 447 3889 i.
456 3857 480 3891 e.
492 3841 518 3890 in
535 3842 580 3890 the
596 3842 718 3904 ordinary
733 3858 793 3892 case
809 3842 839 3891 ol
854 3841 931 3905 plane
947 3843 1060 3892 mirrors.
1093 3844 1150 3892 The
1163 3859 1296 3892 nonnosus
1306 3843 1407 3905 spoken
1420 3845 1450 3892 ol
1457 3844 1487 3898 is,
1499 3843 1530 3891 ol

374 3935 473 3981 course,
487 3921 543 3969 that
554 3919 585 3968 oi
592 3921 637 3970 the
649 3921 849 3984 perpendicular
859 3922 924 3971 from
937 3922 983 3971 the
995 3923 1079 3984 object
1090 3923 1155 3972 with
1167 3923 1212 3970 the
1222 3922 1303 3971 visual
1315 3938 1369 3984 ray,
1382 3922 1527 3984 supposing

371 3999 446 4048 these
457 4007 511 4047 two
521 3997 588 4046 lines
600 4000 731 4061 produced
742 4000 839 4048 behind
851 4000 896 4048 the
908 4000 1007 4050 mirror.

404 4077 415 4106 ²
431 4076 487 4124 The
497 4077 567 4126 third
578 4078 629 4126 and
637 4078 723 4127 fourth
735 4079 880 4127 discourses
890 4079 920 4126 ol
929 4077 1069 4141 Ptolemy’s
1078 4077 1168 4140 Opties
1179 4095 1224 4128 are
1233 4079 1344 4127 devoted
1354 4086 1381 4126 to
1392 4080 1437 4128 the
1448 4081 1527 4141 study

372 4155 402 4205 oi
410 4157 535 4204 retlexion
550 4157 602 4218 (pp.
615 4157 734 4222 60-142).
770 4156 813 4205 He
827 4157 868 4218 (or
879 4159 968 4205 rather
978 4159 1023 4206 the
1037 4157 1110 4206 Latin
1122 4157 1273 4205 translation
1284 4157 1348 4206 from
1361 4158 1406 4206 the
1419 4158 1524 4216 Arabici

373 4235 467 4297 speaks
486 4233 516 4283 ol
530 4235 550 4282 it
566 4250 594 4284 ss
612 4235 768 4284 marmoratio
785 4235 864 4296 radii;
887 4235 931 4284 the
947 4237 1035 4285 words
1055 4235 1152 4298 reflexae
1168 4251 1198 4284 or
1208 4235 1286 4297 flexo
1307 4235 1386 4298 being
1404 4237 1468 4285 used
1485 4237 1526 4284 ior

374 4313 519 4362 refraction.
562 4314 650 4364 Bacon
662 4314 709 4362 has
721 4313 803 4363 called
814 4315 942 4364 attention
954 4322 981 4363 to
993 4316 1038 4364 the
1050 4315 1184 4364 confusion
1195 4316 1256 4364 thus
1267 4316 1361 4364 caused
1375 4315 1460 4378 (Muli.
1479 4315 1524 4378 Sp.

374 4398 410 4454 pt.
424 4391 448 4441 ii.
463 4408 517 4454 cap.
530 4393 566 4446 al.

406 4469 522 4518 Alhazen
540 4471 661 4532 occupies
679 4469 719 4517 his
734 4467 907 4531 romentini,
921 4471 972 4518 and
986 4471 1057 4520 sixth
1072 4471 1155 4518 books
1167 4470 1227 4535 (128
1240 4470 1338 4533 closely
1350 4470 1452 4532 printed
1464 4469 1526 4518 lolio

373 4546 463 4612 peges)
476 4547 540 4596 with
553 4549 597 4596 the
609 4547 789 4609 investigation
803 4548 832 4596 ol
841 4549 965 4597 rellexion
977 4566 985 4610 ;
1002 4550 1107 4612 dealing
1116 4550 1291 4612 successively
1301 4549 1367 4599 with
1383 4550 1428 4598 the
1443 4564 1525 4598 seven

374 4625 449 4674 kinds
460 4625 490 4674 ol
503 4627 606 4675 mirrors
618 4628 681 4675 here
692 4626 791 4688 spoken
804 4627 838 4677 oi.
875 4627 1047 4678 Geometrical
1065 4627 1196 4691 problems
1209 4628 1239 4677 ui
1252 4636 1326 4690 great
1343 4628 1469 4690 intricacy
1480 4641 1526 4676 are

375 4703 467 4766 raised,
480 4719 509 4754 as
521 4703 619 4754 Cantor
629 4704 676 4754 has
689 4705 838 4768 remarked;
857 4706 941 4757 Gesch.
954 4705 1000 4756 der
1007 4706 1129 4757 natam.
1140 4707 1156 4754 i.
1168 4722 1193 4769 p.
1203 4708 1260 4768 ⁶77·
