3542 5359
359 620 421 701 358
573 622 730 681 OPERIS
753 621 942 692 MAJORIS
965 622 1081 681 PARS
1104 621 1304 680 SEPTIMA.

362 803 429 846 non
448 784 490 846 ad
511 782 707 864 sapientem.
754 781 844 845 Huic
865 801 932 846 non
955 781 1073 845 timide
1091 801 1152 846 nee
1173 781 1378 862 pedetentim
1397 780 1517 842 ambu-

363 887 498 950 landum
513 897 575 952 est.
620 886 732 951 Tanta
751 887 839 950 enim
860 885 981 949 fiducia
1003 886 1053 951 sui
1074 895 1124 949 est
1148 897 1185 948 ut
1207 885 1339 950 obviam
1364 883 1517 948 fortunae

362 991 409 1054 ire
424 1011 490 1054 non
506 991 644 1066 dubitet
661 1012 722 1054 nec
738 1011 884 1074 unquam
906 991 978 1054 loco
995 989 1040 1053 illi
1061 1010 1210 1055 cessurus
1224 991 1267 1053 sit
1283 1040 1290 1055 .
1308 1039 1315 1053 .
1332 1039 1340 1053 .
1355 991 1434 1072 quia
1449 1008 1517 1051 non

363 1094 529 1178 mancipia
550 1105 681 1159 tantum
707 1096 996 1179 possessionesque
1023 1105 1056 1158 et
1082 1095 1282 1177 dignitatem
1309 1095 1367 1158 sed
1394 1112 1517 1175 corpus

362 1218 495 1281 quoque
514 1218 612 1263 suum
628 1209 663 1262 et
677 1199 792 1263 oculos
806 1210 841 1263 et
858 1219 1002 1270 manum,
1013 1209 1046 1262 et
1061 1199 1218 1280 quicquid
1235 1198 1394 1262 cariorem
1411 1198 1517 1260 vitam

361 1303 525 1367 iactumm
540 1314 603 1381 est,
618 1324 719 1386 seque
742 1304 850 1388 ipsum
868 1305 955 1366 inter
975 1303 1121 1386 precaria
1142 1313 1303 1379 numerat,
1317 1303 1463 1385 vivitque
1479 1313 1517 1365 ut

361 1405 616 1472 commodatus¹
645 1408 708 1472 sibi
731 1417 766 1471 et
788 1409 1037 1489 reposcentibus
1063 1409 1134 1470 sine
1160 1407 1293 1471 tristitia
1318 1407 1517 1470 redditurus.

364 1511 435 1575 Nec
451 1511 528 1574 ideo
543 1511 618 1574 vilis
637 1522 688 1575 est
709 1511 772 1574 sibi
792 1512 870 1593 quia
891 1513 954 1575 scit
977 1531 1013 1574 se
1031 1513 1140 1594 ipsum
1159 1532 1255 1576 suum
1275 1530 1344 1574 non
1359 1531 1440 1586 esse,
1455 1511 1517 1574 sed

361 1618 474 1678 omnia
490 1627 560 1678 tam
576 1617 753 1699 diligenter
768 1615 874 1692 saciet,
886 1627 955 1680 tam
971 1617 1218 1698 circumspecte,
1228 1635 1330 1698 quarn
1343 1615 1518 1698 religiosus

362 1722 465 1784 homo
478 1730 677 1802 sanctusque
697 1715 782 1784 solet
795 1722 879 1784 tueri
900 1719 975 1785 fidei
995 1721 1181 1785 commissa.
1226 1718 1518 1801 Quandocumque
1610 1729 1615 1736 '

362 1833 475 1886 autem
486 1824 625 1888 reddere
637 1824 809 1906 jubebitur
817 1823 841 1904 ²,
852 1845 917 1888 non
935 1835 1090 1906 queretur
1105 1843 1179 1888 cum
1192 1822 1331 1899 fortuna,
1341 1824 1399 1886 sed
1412 1823 1495 1887 dicit
1507 1849 1516 1900 ;

363 1927 497 1992 Gratias
518 1949 584 2012 ago
603 1949 663 2010 pro
684 1931 835 2010 eoquod
856 1930 988 2010 possedi
1011 1928 1186 2010 habuique.
1232 1927 1358 2011 Magna
1378 1928 1516 2009 quidem

363 2053 414 2095 res
428 2043 503 2096 tuas
524 2036 677 2098 mercede
696 2034 792 2110 colui,
807 2035 875 2108 sed,
891 2035 969 2116 quia
987 2032 1042 2096 illa
1058 2034 1208 2116 imperas,
1224 2033 1278 2108 du,
1292 2033 1377 2095 cedo
1400 2041 1518 2114 gratus

362 2135 563 2219 libensque..
581 2189 588 2202 .
606 2137 801 2222 ,Signatum
818 2148 993 2219 argentum
1010 2139 1147 2200 domum
1164 2135 1389 2216 familiamque
1405 2156 1517 2200 meam

362 2242 469 2305 reddo
484 2243 632 2306 restituo.
676 2241 895 2325 Adpellavit³
911 2252 1029 2305 natura
1048 2261 1135 2323 quae
1150 2240 1239 2322 prior
1257 2241 1352 2304 nobis
1367 2241 1518 2316 credidit,

363 2355 397 2409 et
419 2346 496 2409 huic
518 2347 687 2424 dicemus;
719 2346 873 2427 “Recipe
896 2347 1045 2408 animum
1069 2345 1238 2407 meliorem
1259 2363 1359 2425 quam
1383 2345 1517 2408 dedisti.

363 2450 442 2513 Non
464 2451 661 2530 tergiversor
677 2470 736 2513 nec
751 2449 888 2533 refugio.
930 2449 1086 2513 Paratum
1109 2448 1211 2511 habes
1230 2469 1252 2511 a
1272 2446 1405 2512 volente
1422 2451 1516 2530 quod

362 2545 430 2616 non
452 2554 609 2617 sentienti
631 2550 781 2617 dedisti.”
804 2603 836 2617 ..
859 2603 867 2616 .
890 2552 981 2616 Male
1002 2553 1091 2616 vivet
1113 2552 1260 2633 quisquis
1283 2553 1407 2615 nesciet
1431 2554 1518 2617 bene

365 2658 458 2721 mori.
505 2657 593 2721 Huic
617 2657 729 2739 itaque
749 2659 894 2739 primum
915 2659 961 2720 rei
985 2657 1125 2740 pretium
1144 2656 1388 2721 detrahendum
1408 2668 1459 2720 est
1480 2669 1517 2720 et

363 2761 496 2844 spiritus
511 2763 596 2825 inter
604 2761 705 2825 vilia⁴
719 2763 950 2826 numerandus.
965 2807 973 2822 .
986 2809 993 2822 .
1007 2808 1014 2823 .
1028 2761 1136 2842 Saepe
1148 2781 1226 2824 vero
1241 2781 1341 2824 causa
1353 2762 1516 2825 moriendi

363 2878 415 2930 est
428 2867 546 2931 timide
566 2868 657 2930 mori
704 2867 852 2931 Fortuna
876 2865 931 2929 illa
953 2886 1038 2947 quae
1058 2867 1154 2930 ludos
1174 2866 1236 2930 sibi
1259 2864 1358 2944 sacit3
1381 2865 1518 2948 “Qu0‚”

364 2972 482 3052 inquit,
497 2976 558 3035 “te
578 2991 750 3047 reservem,
772 2970 920 3034 malum⁶
942 2981 975 3034 et
996 2971 1162 3052 trepidum
1178 2970 1323 3034 animal?
1345 2991 1387 3034 eo
1407 2971 1516 3053 magis

363 3073 650 3139 convulneraberis
668 3088 702 3138 et
719 3074 920 3139 confodieris
940 3075 1017 3157 quia
1040 3076 1145 3138 nescis
1168 3074 1325 3156 praebere
1342 3074 1516 3157 jugulum

364 3189 399 3241 at
421 3189 458 3242 tu
480 3189 515 3242 et
532 3179 769 3261 vivssdiutius
791 3190 825 3242 et
846 3180 995 3242 morieris
1019 3179 1213 3262 expeditius,
1228 3179 1285 3260 qui
1304 3179 1426 3243 sermm
1448 3199 1516 3242 non

364 3283 527 3346 subducta
541 3285 666 3348 cervice
682 3304 743 3347 nec
759 3284 912 3348 manibus
932 3285 1104 3366 oppositis,
1120 3284 1179 3346 sed
1199 3284 1349 3347 animose
1368 3283 1517 3366 recipies·

365 3434 372 3446 .
390 3434 397 3445 .
417 3434 424 3448 .
439 3386 491 3449 At
507 3387 564 3468 qui
583 3389 666 3450 sciat
684 3389 748 3452 hoc
765 3389 826 3451 sibi
848 3407 923 3452 curn
943 3387 1170 3469 conciperetur
1184 3388 1298 3451 statim
1315 3388 1518 3465 condictum,

363 3489 452 3553 vivet
467 3492 511 3554 ad
527 3490 709 3564 formulam,
724 3503 759 3555 et
774 3492 872 3555 simul
894 3491 976 3555 illud
994 3511 1127 3574 quoque
1147 3493 1264 3554 eodem
1280 3493 1380 3556 animi
1397 3493 1519 3556 robore

365 3596 554 3677 praestabit,
573 3615 614 3658 ne
632 3597 712 3677 quid
735 3617 779 3660 ex
802 3597 841 3659 iis
861 3616 947 3678 quae
966 3598 1121 3659 eveniunt
1144 3597 1291 3660 subitum
1313 3597 1365 3660 sit.
1412 3595 1518 3678 Quic-

364 3700 446 3780 quid
457 3700 545 3762 enim
558 3698 627 3762 fieri
637 3710 758 3782 potest,
769 3702 862 3782 quasi
875 3701 1022 3764 futurum
1034 3701 1086 3772 sit,
1099 3701 1341 3783 prospiciendo,
1351 3700 1517 3764 malorum

363 3801 513 3865 omnium
530 3803 674 3883 impetus
687 3803 847 3882 emolliet,
861 3804 917 3886 qui
934 3803 976 3866 ad
993 3812 1207 3885 praeparatos
1229 3815 1518 3886 expectantesque

365 3907 444 3969 nibil
457 3906 598 3970 afferunt
612 3908 703 3971 novi:
720 3907 842 3970 securis
853 3917 889 3971 et
901 3907 1000 3970 beata
1015 3917 1146 3971 tantum
1159 3908 1388 3991 spectantibus
1399 3929 1518 3990 graves

364 4012 507 4074 veniunt.
553 4009 692 4074 Morbus
714 4011 812 4088 enim,
837 4011 1023 4094 captivitas,
1048 4010 1151 4086 ruina,
1179 4012 1263 4093 ignis
1289 4011 1371 4074 nihil
1399 4011 1517 4076 horum

364 4115 573 4197 repentinum
591 4108 685 4202 [est].
731 4113 888 4178 Sciebam
899 4114 931 4177 in
941 4115 1182 4179 tumultuosum
1195 4135 1249 4178 me
1259 4117 1517 4180 contubernium

363 4231 514 4283 naturam
530 4218 695 4282 clausisse.
740 4217 880 4282 Totiens
905 4220 937 4281 in
960 4219 1079 4282 vicinia
1102 4239 1177 4282 mea
1196 4218 1440 4286 conclamatum
1455 4235 1519 4296 est,

363 4323 486 4384 totiens
509 4324 703 4386 immaturas
721 4323 881 4404 exequias
902 4321 960 4385 fax
975 4342 1155 4405 cereusque
1173 4325 1361 4406 praecessit.
1408 4323 1519 4409 Saepe

395 4503 403 4529 ¹
421 4503 589 4562 commodius,
604 4503 637 4553 D.
650 4511 677 4552 et
689 4503 722 4553 0.
927 4504 938 4536 ¹
956 4505 1091 4565 videbitur,
1105 4505 1137 4556 D.
1147 4513 1174 4554 et
1186 4505 1220 4556 0.

394 4583 403 4610 ³
420 4581 596 4642 adpellaverit,
609 4581 717 4631 Seneca.
929 4582 938 4612 ⁴
954 4584 980 4632 iu
992 4583 1103 4644 servitia,
1114 4592 1161 4648 pru
1173 4585 1240 4634 inter
1251 4585 1319 4646 vilia,
1335 4585 1366 4635 D.
1381 4595 1408 4636 et
1420 4587 1454 4638 0.

395 4658 405 4686 ⁸
423 4658 526 4722 nullum,
540 4658 572 4708 D.
586 4668 612 4708 et
623 4659 657 4708 0.
