3542 5359
435 567 630 627 MORALIS
654 571 975 632 PHILOSOPHIA:
999 575 1115 635 PARS
1145 579 1307 640 TERTIA.
1382 581 1443 662 285

291 755 389 818 supra
404 733 626 816 cogitationes
641 735 775 800 extollit
790 735 952 804 humanas
969 739 1072 804 altum
1095 739 1228 824 quidem
1248 754 1282 809 et
1302 744 1443 809 sublime

291 841 417 922 spirare
436 859 472 902 se
494 840 651 904 credunt:
673 850 820 904 ceterum
842 841 887 905 nil
910 844 1007 908 solidi
1030 847 1152 920 subest,
1172 848 1231 911 sed
1255 850 1288 912 in
1311 850 1440 913 ruinam

291 963 397 1026 prona
421 954 500 1008 sunt
529 963 616 1025 quae
645 944 715 1008 sine
735 943 961 1011 fundamentis
981 969 1121 1014 crevere.
1169 951 1246 1016 Non
1269 952 1370 1018 habet
1394 956 1442 1035 ira

291 1049 343 1110 cui
367 1047 515 1112 insistat:
542 1067 607 1111 non
631 1069 675 1111 ex
699 1048 795 1113 firmo
822 1070 1046 1134 mansuroque
1069 1055 1193 1134 oritur;
1220 1058 1279 1120 sed
1300 1068 1442 1122 ventosa

290 1163 325 1215 et
352 1152 458 1216 inanis
484 1150 556 1216 est!
600 1152 670 1217 ‘Ut
701 1153 892 1218 exulcerata
922 1167 955 1220 et
985 1178 1084 1241 aegra
1114 1179 1252 1241 corpora
1282 1182 1369 1244 quae
1398 1163 1441 1227 ad

289 1267 400 1320 tactus
420 1255 605 1320 levissimos
622 1268 768 1339 gemunt,
785 1259 832 1322 ita
852 1261 900 1323 ira
920 1259 1079 1325 muliebre
1096 1265 1245 1328 maxime
1262 1274 1297 1328 et
1317 1267 1442 1348 puerile

290 1361 408 1424 vitium
424 1371 540 1424 est...
556 1361 635 1424 Non
651 1371 701 1426 est
717 1363 806 1444 quod
823 1366 938 1429 credas
950 1366 1160 1429 irascentium
1176 1369 1285 1433 verbis
1300 1389 1440 1452 quorum

291 1465 447 1547 strepitus
466 1465 576 1548 magni
594 1466 803 1549 minacesque
816 1477 913 1547 sunt;
938 1470 1022 1534 intra
1037 1481 1088 1534 est
1105 1491 1197 1534 mens
1209 1472 1440 1555 pavidissima,'

292 1569 371 1652 quia
397 1568 571 1632 turbantur
595 1579 629 1632 et
654 1569 829 1635 laeduntur
852 1573 896 1636 ad
924 1574 1069 1637 minima.
1123 1575 1225 1640 Unde
1251 1577 1439 1642 crocodilo¹

291 1673 478 1736 simillimus
493 1685 544 1737 est
559 1673 734 1738 iracundus
749 1677 805 1757 qui
821 1687 872 1740 est
892 1678 1014 1741 animal
1035 1680 1293 1745 audacissimum
1310 1683 1441 1756 timido,

291 1790 326 1841 et
347 1777 597 1842 timidissimum
621 1780 747 1844 audaci.
794 1781 881 1844 Nam
899 1794 1151 1867 persequentem
1167 1785 1250 1868 fugit
1266 1797 1300 1850 et
1315 1786 1441 1869 fugien-

291 1894 361 1947 tem
383 1884 607 1964 persequitur:
631 1884 677 1945 sic
702 1885 847 1947 maxime
862 1886 982 1953 accidit
998 1888 1138 1952 assuetis
1154 1890 1196 1953 ad
1212 1890 1304 1955 iram.
1351 1891 1382 1953 N
1385 1911 1440 1955 am

291 1987 543 2051 humiliantibus
561 1985 623 2050 sibi
646 1987 838 2071 insurgunt:
861 1991 920 2054 sed
942 2011 1017 2054 cum
1043 1994 1252 2074 magnanime
1275 1995 1322 2056 eis
1344 1995 1439 2057 resis-

290 2093 380 2165 titur,
395 2091 580 2156 tabescunt.
625 2091 727 2156 Unde
750 2113 918 2176 nunquam
938 2096 1149 2160 turbarentur
1169 2098 1211 2160 ad
1231 2099 1362 2162 modica
1381 2117 1440 2163 nec

292 2197 477 2280 frequenter
493 2197 555 2260 nisi
572 2208 708 2281 propter
729 2199 830 2260 animi
849 2199 1122 2263 imbecillitatem.
1168 2200 1253 2265 Cum
1274 2202 1373 2284 igitur
1393 2203 1440 2266 ira

290 2302 398 2367 aliena
412 2303 455 2366 sit
470 2324 490 2365 a
507 2301 782 2384 magnanimitate
802 2323 889 2384 quae
906 2315 957 2368 est
972 2304 1076 2368 virtus
1093 2304 1218 2369 honore
1237 2307 1439 2388 dignissima,

291 2409 422 2490 penitus
437 2429 457 2471 a
474 2408 629 2471 cordibus
645 2406 765 2471 nostris
780 2405 959 2490 releganda
974 2417 1033 2473 est.

337 2513 382 2576 Et
405 2532 469 2575 non
500 2512 608 2575 solum
641 2523 778 2595 propter
806 2513 891 2576 banc
921 2515 1077 2577 virtutem
1101 2515 1384 2596 magnanimitatis
1407 2527 1440 2580 et
1456 2524 1493 2584 (sl
1513 2524 1600 2586 Anger

291 2626 438 2681 caeteras
448 2617 635 2699 praedictas
646 2643 655 2695 ;
675 2617 778 2679 immo
788 2628 923 2700 propter
932 2617 1021 2694 alias,
1032 2627 1068 2680 ut
1080 2619 1311 2691 misericordia,
1323 2620 1441 2702 pietas,
1453 2603 1510 2702 {21⁰5
1511 2597 1588 2703 Q*

290 2722 460 2806 patientia,
474 2721 635 2806 gaudium
649 2731 683 2785 et
701 2742 770 2803 pax
791 2723 909 2785 cordis.
954 2719 1083 2784 Tullius
1103 2722 1239 2803 quidem
1265 2721 1440 2786 Caesarem
1451 2719 1590 2795 mereyand

290 2847 410 2910 rogans
425 2848 485 2909 pro
501 2826 661 2891 Marcello
677 2838 713 2891 ut
729 2827 759 2888 ei
776 2836 934 2908 parceret,
943 2827 1001 2902 ait,
1014 2823 1114 2888 Nulla
1130 2827 1172 2888 de
1187 2825 1253 2889 tuis
1264 2826 1441 2890 virtutibus
1451 2786 1608 2850 forgiveness.

291 2933 441 3014 plurimis
477 2953 538 2996 nec
580 2930 807 2994 admirabilior
843 2951 904 2994 nec
943 2931 1071 3014 gratior
1108 2939 1157 2993 est
1197 2930 1441 3009 misericordia;

290 3037 442 3100 homines
464 3037 507 3100 ad
530 3037 630 3100 deum
653 3035 743 3098 nulla
767 3056 801 3098 re
824 3035 960 3119 propius
982 3035 1146 3098 accedunt
1169 3054 1269 3117 quam
1300 3034 1442 3099 salutem

289 3141 480 3206 hominibus
503 3141 626 3204 dando.
672 3139 766 3202 Nihil
786 3139 888 3202 habet
912 3137 1044 3203 fortuna
1068 3148 1125 3203 tua
1149 3139 1256 3221 majus
1280 3159 1381 3221 quam
1406 3151 1443 3204 ut

290 3247 406 3327 possis,
421 3263 482 3309 nec
498 3254 614 3308 natura
633 3255 691 3308 tua
706 3243 822 3308 melius
838 3263 938 3325 quam
956 3254 993 3308 ut
1015 3242 1104 3320 velis,
1121 3263 1250 3307 servare
1268 3242 1441 3325 plurimos.

291 3349 431 3433 Propter
444 3351 534 3431 quod
551 3349 583 3411 in
607 3369 748 3430 persona
771 3346 958 3431 cujuslibet,
982 3347 1062 3412 dicit
1080 3347 1209 3412 Seneca
1231 3347 1315 3411 libro
1334 3351 1443 3426 tertio,

289 3453 416 3536 ‘Quis²
445 3473 519 3518 sum
541 3453 635 3535 cujus
658 3473 752 3516 aures
776 3452 862 3516 laedi
886 3453 1002 3516 nefas?
1026 3453 1222 3535 ignoverunt
1246 3453 1341 3516 multi
1366 3453 1442 3515 hos·

289 3559 397 3633 tibus;
434 3578 499 3640 ego
528 3577 594 3620 non
626 3557 796 3638 ignoscam
835 3557 946 3640 pigris,
984 3556 1241 3638 negligentibus,
1278 3557 1442 3638 garrulis?

288 3682 429 3745 puemm
449 3671 542 3726 aetas
568 3671 716 3738 excusat,
742 3659 899 3724 seminam
929 3680 1043 3734 sexus,
1073 3669 1270 3724 extraneum
1298 3659 1442 3738 libertas,

290 3768 510 3830 domesticum
540 3759 764 3828 familiaritas?
812 3763 971 3826 ‘Amicus
996 3772 1067 3826 est:
1103 3762 1179 3826 fecit
1206 3764 1297 3844 quod
1320 3764 1440 3827 voluit:

289 3871 451 3947 inimicus,
481 3868 557 3934 fecit
587 3869 679 3950 quod
703 3867 827 3930 debuit.
873 3866 1081 3930 Prudentiori
1105 3865 1272 3942 cedamus,
1296 3866 1440 3932 stultiori

289 3976 508 4038 remittamus.
566 3973 629 4035 Pro
666 3991 876 4054 quocumque
914 3971 996 4035 illud
1033 3971 1130 4034 nobis
1168 3972 1436 4052 respondeamus,

288 4078 550 4164 sapientissimos
571 4075 659 4139 viros
694 4075 799 4138 multa
831 4075 1047 4157 delinquere;
1075 4073 1243 4137 neminem
1274 4093 1346 4137 esse
1369 4084 1440 4138 tam

290 4185 566 4266 circumspectum
602 4179 695 4261 cujus
741 4199 808 4242 non
845 4179 1016 4261 diligentia
1052 4177 1231 4259 aliquando
1268 4177 1331 4241 sibi
1368 4177 1441 4260 ipsa

289 4288 433 4361 excidat,
450 4334 458 4349 .
476 4336 483 4352 .
501 4331 509 4346 .
526 4285 693 4349 neminem
716 4294 786 4348 tam
809 4283 965 4348 timidum
996 4282 1197 4346 offensarum
1220 4282 1278 4363 qui
1309 4301 1374 4344 non
1405 4283 1439 4346 in

288 4392 363 4456 illas
391 4392 473 4455 dum
502 4391 586 4454 vitat
616 4389 740 4452 incidat
835 4387 935 4471 Quod
966 4387 994 4450 si
1022 4385 1269 4471 prudentissimi
1300 4396 1440 4470 peccant

288 4495 381 4578 cujus
404 4516 470 4559 non
492 4514 583 4558 error
603 4495 728 4558 bonam
751 4512 886 4557 causam
910 4491 1035 4556 habet?
1058 4537 1065 4552 .
1090 4489 1286 4572 ..Iniquus
1308 4499 1358 4554 est
1381 4491 1439 4579 qui

398 4614 408 4642 ¹
426 4615 477 4664 see
488 4613 549 4664 Nar.
561 4613 664 4677 Quaest
676 4613 709 4663 iv.
722 4629 746 4663 a.
935 4611 945 4640 ¹
961 4611 1001 4660 De
1010 4611 1061 4672 Im,
1074 4608 1108 4660 iii.
1123 4625 1162 4670 24,
1175 4624 1216 4671 25,
1229 4609 1270 4670 26,
1282 4624 1322 4674 ⁹7.
