<?xml version="1.0" encoding="UTF-8"?>
<!DOCTYPE html PUBLIC "-//W3C//DTD XHTML 1.0 Transitional//EN"
    "http://www.w3.org/TR/xhtml1/DTD/xhtml1-transitional.dtd">
<html xmlns="http://www.w3.org/1999/xhtml" xml:lang="en" lang="en">
 <head>
  <title>
</title>
<meta http-equiv="Content-Type" content="text/html;charset=utf-8" />
  <meta name='ocr-system' content='tesseract 3.04.00' />
  <meta name='ocr-capabilities' content='ocr_page ocr_carea ocr_par ocr_line ocrx_word'/>
</head>
<body>
  <div class='ocr_page' id='page_1' title='image "./opusmajusrogerb02bridgoog/opusmajusrogerb02bridgoog_0458.png"; bbox 0 0 3542 5359; ppageno 0'>
   <div class='ocr_carea' id='block_1_1' title="bbox 570 616 1405 699">
    <p class='ocr_par' dir='ltr' id='par_1_1' title="bbox 570 616 1405 699">
     <span class='ocr_line' id='line_1_1' title="bbox 570 616 1405 699; baseline 0.004 -22"><span class='ocrx_word' id='word_1_1' title='bbox 570 617 684 677; x_wconf 80' lang='lat' dir='ltr'><em>PARS</em></span> <span class='ocrx_word' id='word_1_2' title='bbox 710 616 870 677; x_wconf 71' lang='lat' dir='ltr'>esron:</span> <span class='ocrx_word' id='word_1_3' title='bbox 907 616 996 676; x_wconf 67' lang='lat' dir='ltr'>cae.</span> <span class='ocrx_word' id='word_1_4' title='bbox 1020 616 1076 678; x_wconf 79' lang='lat' dir='ltr'>JV.</span> <span class='ocrx_word' id='word_1_5' title='bbox 1345 633 1405 699; x_wconf 81' lang='lat'>439</span> 
     </span>
    </p>
   </div>
   <div class='ocr_carea' id='block_1_2' title="bbox 246 779 1568 3781">
    <p class='ocr_par' dir='ltr' id='par_1_2' title="bbox 249 779 1399 968">
     <span class='ocr_line' id='line_1_2' title="bbox 249 779 1399 862; baseline 0.003 -21"><span class='ocrx_word' id='word_1_6' title='bbox 249 799 336 860; x_wconf 89' lang='lat' dir='ltr'>quae</span> <span class='ocrx_word' id='word_1_7' title='bbox 365 779 591 844; x_wconf 88' lang='lat' dir='ltr'>universaliter</span> <span class='ocrx_word' id='word_1_8' title='bbox 628 789 679 845; x_wconf 88' lang='lat' dir='ltr'>est</span> <span class='ocrx_word' id='word_1_9' title='bbox 709 781 895 846; x_wconf 90' lang='lat' dir='ltr'>communis</span> <span class='ocrx_word' id='word_1_10' title='bbox 926 781 1023 844; x_wconf 88' lang='lat' dir='ltr'>rebus</span> <span class='ocrx_word' id='word_1_11' title='bbox 1061 779 1223 858; x_wconf 90' lang='lat' dir='ltr'>animatis,</span> <span class='ocrx_word' id='word_1_12' title='bbox 1258 779 1336 862; x_wconf 91' lang='lat' dir='ltr'>quia</span> <span class='ocrx_word' id='word_1_13' title='bbox 1366 782 1399 844; x_wconf 91' lang='lat' dir='ltr'>in</span> 
     </span>
     <span class='ocr_line' id='line_1_3' title="bbox 249 885 971 968; baseline 0.004 -23"><span class='ocrx_word' id='word_1_14' title='bbox 249 885 380 947; x_wconf 90' lang='lat' dir='ltr'>actione</span> <span class='ocrx_word' id='word_1_15' title='bbox 395 885 459 949; x_wconf 89' lang='lat' dir='ltr'>ista</span> <span class='ocrx_word' id='word_1_16' title='bbox 476 885 589 948; x_wconf 90' lang='lat' dir='ltr'>omnia</span> <span class='ocrx_word' id='word_1_17' title='bbox 604 895 707 968; x_wconf 87' lang='lat' dir='ltr'>agunt</span> <span class='ocrx_word' id='word_1_18' title='bbox 722 886 841 950; x_wconf 90' lang='lat' dir='ltr'>eodem</span> <span class='ocrx_word' id='word_1_19' title='bbox 858 887 971 949; x_wconf 88' lang='lat' dir='ltr'>modo.</span> 
     </span>
    </p>

    <p class='ocr_par' dir='ltr' id='par_1_3' title="bbox 295 987 1508 1072">
     <span class='ocr_line' id='line_1_4' title="bbox 295 987 1508 1072; baseline 0.003 -22"><span class='ocrx_word' id='word_1_20' title='bbox 295 987 381 1051; x_wconf 88' lang='lat' dir='ltr'><strong>Item</strong></span> <span class='ocrx_word' id='word_1_21' title='bbox 397 987 601 1055; x_wconf 88' lang='lat' dir='ltr'>Aristoteles</span> <span class='ocrx_word' id='word_1_22' title='bbox 615 990 685 1053; x_wconf 91' lang='lat' dir='ltr'>vult</span> <span class='ocrx_word' id='word_1_23' title='bbox 701 990 799 1054; x_wconf 89' lang='lat' dir='ltr'>tertio</span> <span class='ocrx_word' id='word_1_24' title='bbox 816 990 1035 1072; x_wconf 88' lang='lat' dir='ltr'>Physicorum</span> <span class='ocrx_word' id='word_1_25' title='bbox 1046 989 1067 1066; x_wconf 88' lang='lat'>¹,</span> <span class='ocrx_word' id='word_1_26' title='bbox 1076 989 1167 1072; x_wconf 94' lang='lat' dir='ltr'>quod</span> <span class='ocrx_word' id='word_1_27' title='bbox 1183 1009 1283 1052; x_wconf 91' lang='lat' dir='ltr'>omne</span> <span class='ocrx_word' id='word_1_28' title='bbox 1298 1007 1399 1072; x_wconf 85' lang='lat' dir='ltr'>agens</span> <span class='ocrx_word' id='word_1_29' title='bbox 1411 1004 1508 1056; x_wconf 81' lang='lat' dir='ltr'><strong>Second</strong></span> 
     </span>
    </p>

    <p class='ocr_par' dir='ltr' id='par_1_4' title="bbox 246 1070 1491 2845">
     <span class='ocr_line' id='line_1_5' title="bbox 250 1070 1491 1177; baseline 0.002 -23"><span class='ocrx_word' id='word_1_30' title='bbox 250 1092 386 1177; x_wconf 87' lang='lat' dir='ltr'>physice</span> <span class='ocrx_word' id='word_1_31' title='bbox 407 1094 532 1175; x_wconf 90' lang='lat' dir='ltr'>patitur</span> <span class='ocrx_word' id='word_1_32' title='bbox 553 1103 587 1158; x_wconf 89' lang='lat' dir='ltr'>et</span> <span class='ocrx_word' id='word_1_33' title='bbox 609 1104 851 1159; x_wconf 82' lang='lat' dir='ltr'><strong>transmutatur</strong></span> <span class='ocrx_word' id='word_1_34' title='bbox 881 1093 1013 1158; x_wconf 85' lang='lat' dir='ltr'>insimul</span> <span class='ocrx_word' id='word_1_35' title='bbox 1040 1095 1122 1159; x_wconf 92' lang='lat' dir='ltr'>dum</span> <span class='ocrx_word' id='word_1_36' title='bbox 1146 1094 1224 1177; x_wconf 89' lang='lat' dir='ltr'>agit,</span> <span class='ocrx_word' id='word_1_37' title='bbox 1244 1103 1279 1158; x_wconf 89' lang='lat' dir='ltr'>et</span> <span class='ocrx_word' id='word_1_38' title='bbox 1308 1094 1399 1176; x_wconf 91' lang='lat' dir='ltr'>quod</span> <span class='ocrx_word' id='word_1_39' title='bbox 1412 1070 1491 1136; x_wconf 52' lang='grc' dir='ltr'>ΡΜ·</span> 
     </span>
     <span class='ocr_line' id='line_1_6' title="bbox 248 1197 1398 1280; baseline 0.001 -22"><span class='ocrx_word' id='word_1_40' title='bbox 248 1216 349 1260; x_wconf 91' lang='lat' dir='ltr'>omne</span> <span class='ocrx_word' id='word_1_41' title='bbox 364 1198 492 1279; x_wconf 90' lang='lat' dir='ltr'>patiens</span> <span class='ocrx_word' id='word_1_42' title='bbox 505 1197 645 1280; x_wconf 82' lang='lat' dir='ltr'>physice</span> <span class='ocrx_word' id='word_1_43' title='bbox 667 1199 755 1280; x_wconf 83' lang='lat' dir='ltr'>agit3</span> <span class='ocrx_word' id='word_1_44' title='bbox 777 1208 811 1262; x_wconf 91' lang='lat' dir='ltr'>et</span> <span class='ocrx_word' id='word_1_45' title='bbox 830 1198 863 1262; x_wconf 90' lang='lat' dir='ltr'>in</span> <span class='ocrx_word' id='word_1_46' title='bbox 879 1198 964 1262; x_wconf 91' lang='lat' dir='ltr'>libro</span> <span class='ocrx_word' id='word_1_47' title='bbox 987 1200 1030 1262; x_wconf 90' lang='lat' dir='ltr'>de</span> <span class='ocrx_word' id='word_1_48' title='bbox 1051 1197 1274 1263; x_wconf 89' lang='lat' dir='ltr'>Generatione</span> <span class='ocrx_word' id='word_1_49' title='bbox 1290 1198 1398 1280; x_wconf 90' lang='lat' dir='ltr'>primo</span> 
     </span>
     <span class='ocr_line' id='line_1_7' title="bbox 248 1301 1400 1386; baseline 0 -23"><span class='ocrx_word' id='word_1_50' title='bbox 248 1301 319 1364; x_wconf 90' lang='lat' dir='ltr'>vult</span> <span class='ocrx_word' id='word_1_51' title='bbox 342 1301 442 1366; x_wconf 90' lang='lat' dir='ltr'>idem.</span> <span class='ocrx_word' id='word_1_52' title='bbox 488 1301 556 1367; x_wconf 88' lang='lat' dir='ltr'>Sed</span> <span class='ocrx_word' id='word_1_53' title='bbox 593 1304 627 1365; x_wconf 89' lang='lat' dir='ltr'>in</span> <span class='ocrx_word' id='word_1_54' title='bbox 662 1323 860 1386; x_wconf 88' lang='lat' dir='ltr'>quacunque</span> <span class='ocrx_word' id='word_1_55' title='bbox 895 1303 1082 1385; x_wconf 88' lang='lat' dir='ltr'>quantitate</span> <span class='ocrx_word' id='word_1_56' title='bbox 1120 1323 1223 1386; x_wconf 89' lang='lat' dir='ltr'>parva</span> <span class='ocrx_word' id='word_1_57' title='bbox 1256 1310 1400 1384; x_wconf 90' lang='lat' dir='ltr'>ponatur</span> 
     </span>
     <span class='ocr_line' id='line_1_8' title="bbox 248 1404 1399 1490; baseline -0.001 -22"><span class='ocrx_word' id='word_1_58' title='bbox 248 1404 382 1486; x_wconf 91' lang='lat' dir='ltr'>aliquid,</span> <span class='ocrx_word' id='word_1_59' title='bbox 398 1406 480 1470; x_wconf 91' lang='lat' dir='ltr'>illud</span> <span class='ocrx_word' id='word_1_60' title='bbox 496 1417 608 1490; x_wconf 87' lang='lat' dir='ltr'>potest</span> <span class='ocrx_word' id='word_1_61' title='bbox 624 1407 754 1472; x_wconf 84' lang='lat' dir='ltr'>alterari</span> <span class='ocrx_word' id='word_1_62' title='bbox 769 1419 803 1471; x_wconf 93' lang='lat' dir='ltr'>et</span> <span class='ocrx_word' id='word_1_63' title='bbox 824 1409 991 1490; x_wconf 92' lang='lat' dir='ltr'>corrumpi</span> <span class='ocrx_word' id='word_1_64' title='bbox 1009 1428 1067 1490; x_wconf 90' lang='lat' dir='ltr'>per</span> <span class='ocrx_word' id='word_1_65' title='bbox 1088 1427 1191 1490; x_wconf 90' lang='lat' dir='ltr'>agens</span> <span class='ocrx_word' id='word_1_66' title='bbox 1208 1407 1303 1483; x_wconf 87' lang='lat' dir='ltr'>forte,</span> <span class='ocrx_word' id='word_1_67' title='bbox 1318 1425 1399 1486; x_wconf 88' lang='lat' dir='ltr'>ergo</span> 
     </span>
     <span class='ocr_line' id='line_1_9' title="bbox 249 1509 1400 1594; baseline 0 -22"><span class='ocrx_word' id='word_1_68' title='bbox 249 1509 347 1572; x_wconf 89' lang='lat' dir='ltr'>simul</span> <span class='ocrx_word' id='word_1_69' title='bbox 363 1521 441 1593; x_wconf 89' lang='lat' dir='ltr'>aget</span> <span class='ocrx_word' id='word_1_70' title='bbox 456 1521 494 1574; x_wconf 90' lang='lat' dir='ltr'>ut</span> <span class='ocrx_word' id='word_1_71' title='bbox 509 1531 723 1594; x_wconf 91' lang='lat' dir='ltr'>corrumpens</span> <span class='ocrx_word' id='word_1_72' title='bbox 735 1513 881 1594; x_wconf 79' lang='lat' dir='ltr'>patiatur</span> <span class='ocrx_word' id='word_1_73' title='bbox 893 1522 927 1576; x_wconf 90' lang='lat' dir='ltr'>et</span> <span class='ocrx_word' id='word_1_74' title='bbox 938 1511 1104 1578; x_wconf 89' lang='lat' dir='ltr'>alteretur.</span> <span class='ocrx_word' id='word_1_75' title='bbox 1151 1512 1223 1575; x_wconf 90' lang='lat' dir='ltr'>Nec</span> <span class='ocrx_word' id='word_1_76' title='bbox 1235 1509 1400 1590; x_wconf 86' lang='lat' dir='ltr'>contingit</span> 
     </span>
     <span class='ocr_line' id='line_1_10' title="bbox 248 1615 1400 1699; baseline -0.002 -21"><span class='ocrx_word' id='word_1_77' title='bbox 248 1615 358 1679; x_wconf 84' lang='lat' dir='ltr'>dicere</span> <span class='ocrx_word' id='word_1_78' title='bbox 372 1616 463 1697; x_wconf 88' lang='lat' dir='ltr'>quod</span> <span class='ocrx_word' id='word_1_79' title='bbox 479 1616 605 1698; x_wconf 89' lang='lat' dir='ltr'>patitur</span> <span class='ocrx_word' id='word_1_80' title='bbox 627 1617 661 1678; x_wconf 90' lang='lat' dir='ltr'>in</span> <span class='ocrx_word' id='word_1_81' title='bbox 679 1615 744 1680; x_wconf 91' lang='lat' dir='ltr'>hoc</span> <span class='ocrx_word' id='word_1_82' title='bbox 766 1618 857 1699; x_wconf 90' lang='lat' dir='ltr'>quod</span> <span class='ocrx_word' id='word_1_83' title='bbox 878 1615 961 1680; x_wconf 89' lang='lat' dir='ltr'>illud</span> <span class='ocrx_word' id='word_1_84' title='bbox 982 1616 1260 1698; x_wconf 91' lang='lat' dir='ltr'>corrumpendum</span> <span class='ocrx_word' id='word_1_85' title='bbox 1277 1615 1400 1678; x_wconf 84' lang='lat' dir='ltr'>resistit</span> 
     </span>
     <span class='ocr_line' id='line_1_11' title="bbox 248 1719 1399 1804; baseline 0 -24"><span class='ocrx_word' id='word_1_86' title='bbox 248 1737 308 1799; x_wconf 93' lang='lat' dir='ltr'>per</span> <span class='ocrx_word' id='word_1_87' title='bbox 318 1728 470 1783; x_wconf 89' lang='lat' dir='ltr'>naturam</span> <span class='ocrx_word' id='word_1_88' title='bbox 482 1721 733 1798; x_wconf 86' lang='lat' dir='ltr'>contrarietatis,</span> <span class='ocrx_word' id='word_1_89' title='bbox 748 1719 826 1784; x_wconf 90' lang='lat' dir='ltr'>licet</span> <span class='ocrx_word' id='word_1_90' title='bbox 841 1741 907 1784; x_wconf 88' lang='lat' dir='ltr'>non</span> <span class='ocrx_word' id='word_1_91' title='bbox 924 1721 1043 1800; x_wconf 87' lang='lat' dir='ltr'>alteret</span> <span class='ocrx_word' id='word_1_92' title='bbox 1055 1722 1163 1804; x_wconf 90' lang='lat' dir='ltr'>ipsum</span> <span class='ocrx_word' id='word_1_93' title='bbox 1175 1738 1399 1800; x_wconf 86' lang='lat' dir='ltr'>corrumpens.</span> 
     </span>
     <span class='ocr_line' id='line_1_12' title="bbox 248 1821 1400 1908; baseline 0.001 -24"><span class='ocrx_word' id='word_1_94' title='bbox 248 1821 338 1885; x_wconf 89' lang='lat' dir='ltr'>Nam</span> <span class='ocrx_word' id='word_1_95' title='bbox 361 1823 408 1887; x_wconf 90' lang='lat' dir='ltr'>sic</span> <span class='ocrx_word' id='word_1_96' title='bbox 432 1824 561 1888; x_wconf 90' lang='lat' dir='ltr'>coelum</span> <span class='ocrx_word' id='word_1_97' title='bbox 588 1835 756 1907; x_wconf 84' lang='lat' dir='ltr'>pateretur</span> <span class='ocrx_word' id='word_1_98' title='bbox 781 1826 825 1889; x_wconf 90' lang='lat' dir='ltr'>ab</span> <span class='ocrx_word' id='word_1_99' title='bbox 850 1827 931 1908; x_wconf 92' lang='lat' dir='ltr'>ipsis</span> <span class='ocrx_word' id='word_1_100' title='bbox 963 1825 1179 1901; x_wconf 77' lang='lat' dir='ltr'>inferioribus,</span> <span class='ocrx_word' id='word_1_101' title='bbox 1202 1833 1236 1889; x_wconf 91' lang='lat' dir='ltr'>et</span> <span class='ocrx_word' id='word_1_102' title='bbox 1260 1842 1400 1904; x_wconf 88' lang='lat' dir='ltr'>compu-</span> 
     </span>
     <span class='ocr_line' id='line_1_13' title="bbox 247 1927 1400 2013; baseline 0.001 -24"><span class='ocrx_word' id='word_1_103' title='bbox 247 1935 373 1990; x_wconf 88' lang='lat' dir='ltr'>taretur</span> <span class='ocrx_word' id='word_1_104' title='bbox 395 1929 481 1991; x_wconf 91' lang='lat' dir='ltr'>inter</span> <span class='ocrx_word' id='word_1_105' title='bbox 504 1930 638 2011; x_wconf 83' lang='lat' dir='ltr'>agentia</span> <span class='ocrx_word' id='word_1_106' title='bbox 663 1930 810 2013; x_wconf 86' lang='lat' dir='ltr'>physice,</span> <span class='ocrx_word' id='word_1_107' title='bbox 840 1951 881 1995; x_wconf 92' lang='lat' dir='ltr'>eo</span> <span class='ocrx_word' id='word_1_108' title='bbox 912 1931 1003 2013; x_wconf 89' lang='lat' dir='ltr'>quod</span> <span class='ocrx_word' id='word_1_109' title='bbox 1028 1950 1108 1993; x_wconf 88' lang='lat' dir='ltr'>suae</span> <span class='ocrx_word' id='word_1_110' title='bbox 1134 1928 1250 1993; x_wconf 90' lang='lat' dir='ltr'>virtuti</span> <span class='ocrx_word' id='word_1_111' title='bbox 1278 1927 1400 1992; x_wconf 89' lang='lat' dir='ltr'>resistit</span> 
     </span>
     <span class='ocr_line' id='line_1_14' title="bbox 247 2032 1399 2099; baseline 0.001 -7"><span class='ocrx_word' id='word_1_112' title='bbox 247 2032 386 2094; x_wconf 89' lang='lat' dir='ltr'>materia</span> <span class='ocrx_word' id='word_1_113' title='bbox 400 2032 619 2097; x_wconf 85' lang='lat' dir='ltr'>elementaris.</span> <span class='ocrx_word' id='word_1_114' title='bbox 663 2032 775 2098; x_wconf 86' lang='lat' dir='ltr'>Aliter</span> <span class='ocrx_word' id='word_1_115' title='bbox 789 2036 879 2098; x_wconf 91' lang='lat' dir='ltr'>enim</span> <span class='ocrx_word' id='word_1_116' title='bbox 905 2056 971 2099; x_wconf 92' lang='lat' dir='ltr'>non</span> <span class='ocrx_word' id='word_1_117' title='bbox 994 2033 1087 2098; x_wconf 88' lang='lat' dir='ltr'>fieret</span> <span class='ocrx_word' id='word_1_118' title='bbox 1103 2040 1215 2096; x_wconf 88' lang='lat' dir='ltr'>motus</span> <span class='ocrx_word' id='word_1_119' title='bbox 1237 2051 1296 2094; x_wconf 91' lang='lat' dir='ltr'>nec</span> <span class='ocrx_word' id='word_1_120' title='bbox 1311 2032 1399 2096; x_wconf 92' lang='lat' dir='ltr'>actio</span> 
     </span>
     <span class='ocr_line' id='line_1_15' title="bbox 247 2134 1399 2220; baseline 0 -23"><span class='ocrx_word' id='word_1_121' title='bbox 247 2135 455 2218; x_wconf 89' lang='lat' dir='ltr'>intempore.</span> <span class='ocrx_word' id='word_1_122' title='bbox 501 2136 587 2202; x_wconf 89' lang='lat' dir='ltr'>Cum</span> <span class='ocrx_word' id='word_1_123' title='bbox 608 2139 697 2202; x_wconf 87' lang='lat' dir='ltr'>enim</span> <span class='ocrx_word' id='word_1_124' title='bbox 719 2139 778 2202; x_wconf 85' lang='lat' dir='ltr'>lux</span> <span class='ocrx_word' id='word_1_125' title='bbox 796 2139 914 2203; x_wconf 87' lang='lat' dir='ltr'>solaris</span> <span class='ocrx_word' id='word_1_126' title='bbox 935 2139 1056 2202; x_wconf 92' lang='lat' dir='ltr'>dicitur</span> <span class='ocrx_word' id='word_1_127' title='bbox 1075 2155 1233 2220; x_wconf 89' lang='lat' dir='ltr'>generare</span> <span class='ocrx_word' id='word_1_128' title='bbox 1255 2134 1399 2199; x_wconf 90' lang='lat' dir='ltr'>calorem</span> 
     </span>
     <span class='ocr_line' id='line_1_16' title="bbox 247 2239 1399 2325; baseline 0 -24"><span class='ocrx_word' id='word_1_129' title='bbox 247 2239 280 2302; x_wconf 90' lang='lat' dir='ltr'>in</span> <span class='ocrx_word' id='word_1_130' title='bbox 295 2260 370 2303; x_wconf 91' lang='lat' dir='ltr'>aere</span> <span class='ocrx_word' id='word_1_131' title='bbox 390 2240 520 2324; x_wconf 79' lang='lat' dir='ltr'>frigido,</span> <span class='ocrx_word' id='word_1_132' title='bbox 543 2261 676 2307; x_wconf 87' lang='lat' dir='ltr'>necesse</span> <span class='ocrx_word' id='word_1_133' title='bbox 693 2252 744 2307; x_wconf 87' lang='lat' dir='ltr'>est</span> <span class='ocrx_word' id='word_1_134' title='bbox 769 2244 860 2324; x_wconf 88' lang='lat' dir='ltr'>quod</span> <span class='ocrx_word' id='word_1_135' title='bbox 882 2241 1045 2325; x_wconf 78' lang='lat' dir='ltr'>frigiditas</span> <span class='ocrx_word' id='word_1_136' title='bbox 1067 2241 1152 2304; x_wconf 90' lang='lat' dir='ltr'>aeris</span> <span class='ocrx_word' id='word_1_137' title='bbox 1175 2240 1307 2303; x_wconf 90' lang='lat' dir='ltr'>resistet</span> <span class='ocrx_word' id='word_1_138' title='bbox 1324 2239 1399 2316; x_wconf 90' lang='lat' dir='ltr'>luci,</span> 
     </span>
     <span class='ocr_line' id='line_1_17' title="bbox 246 2341 1398 2426; baseline -0.001 -20"><span class='ocrx_word' id='word_1_139' title='bbox 246 2343 332 2407; x_wconf 86' lang='lat' dir='ltr'>sicut</span> <span class='ocrx_word' id='word_1_140' title='bbox 351 2345 473 2408; x_wconf 89' lang='lat' dir='ltr'>resistit</span> <span class='ocrx_word' id='word_1_141' title='bbox 493 2346 571 2426; x_wconf 86' lang='lat' dir='ltr'>igni,</span> <span class='ocrx_word' id='word_1_142' title='bbox 591 2349 648 2410; x_wconf 89' lang='lat' dir='ltr'>sed</span> <span class='ocrx_word' id='word_1_143' title='bbox 668 2367 736 2410; x_wconf 89' lang='lat' dir='ltr'>non</span> <span class='ocrx_word' id='word_1_144' title='bbox 759 2345 878 2411; x_wconf 89' lang='lat' dir='ltr'>alterat</span> <span class='ocrx_word' id='word_1_145' title='bbox 902 2346 1009 2410; x_wconf 90' lang='lat' dir='ltr'>lucem</span> <span class='ocrx_word' id='word_1_146' title='bbox 1033 2347 1118 2409; x_wconf 89' lang='lat' dir='ltr'>sicut</span> <span class='ocrx_word' id='word_1_147' title='bbox 1142 2345 1264 2426; x_wconf 84' lang='lat' dir='ltr'>ignem.</span> <span class='ocrx_word' id='word_1_148' title='bbox 1311 2341 1398 2406; x_wconf 91' lang='lat' dir='ltr'>Cum</span> 
     </span>
     <span class='ocr_line' id='line_1_18' title="bbox 246 2445 1398 2534; baseline 0 -24"><span class='ocrx_word' id='word_1_149' title='bbox 246 2467 326 2529; x_wconf 92' lang='lat' dir='ltr'>ergo</span> <span class='ocrx_word' id='word_1_150' title='bbox 341 2448 471 2512; x_wconf 91' lang='lat' dir='ltr'>coelum</span> <span class='ocrx_word' id='word_1_151' title='bbox 487 2469 553 2513; x_wconf 91' lang='lat' dir='ltr'>non</span> <span class='ocrx_word' id='word_1_152' title='bbox 568 2460 648 2531; x_wconf 86' lang='lat' dir='ltr'>agat</span> <span class='ocrx_word' id='word_1_153' title='bbox 663 2450 801 2533; x_wconf 91' lang='lat' dir='ltr'>physice</span> <span class='ocrx_word' id='word_1_154' title='bbox 817 2471 877 2514; x_wconf 91' lang='lat' dir='ltr'>nec</span> <span class='ocrx_word' id='word_1_155' title='bbox 895 2451 1039 2534; x_wconf 85' lang='lat' dir='ltr'>patiatur</span> <span class='ocrx_word' id='word_1_156' title='bbox 1051 2470 1110 2532; x_wconf 90' lang='lat' dir='ltr'>per</span> <span class='ocrx_word' id='word_1_157' title='bbox 1118 2445 1349 2524; x_wconf 86' lang='lat' dir='ltr'>Aristotelem,</span> <span class='ocrx_word' id='word_1_158' title='bbox 1360 2457 1398 2511; x_wconf 88' lang='lat' dir='ltr'>ut</span> 
     </span>
     <span class='ocr_line' id='line_1_19' title="bbox 247 2551 1399 2638; baseline -0.001 -23"><span class='ocrx_word' id='word_1_159' title='bbox 247 2572 361 2616; x_wconf 92' lang='lat' dir='ltr'>omnes</span> <span class='ocrx_word' id='word_1_160' title='bbox 383 2551 518 2628; x_wconf 81' lang='lat' dir='ltr'>volunt3</span> <span class='ocrx_word' id='word_1_161' title='bbox 542 2562 622 2618; x_wconf 88' lang='lat' dir='ltr'>tunc</span> <span class='ocrx_word' id='word_1_162' title='bbox 642 2575 718 2618; x_wconf 88' lang='lat' dir='ltr'>cum</span> <span class='ocrx_word' id='word_1_163' title='bbox 737 2555 859 2618; x_wconf 89' lang='lat' dir='ltr'>dicitur</span> <span class='ocrx_word' id='word_1_164' title='bbox 879 2556 970 2637; x_wconf 90' lang='lat' dir='ltr'>quod</span> <span class='ocrx_word' id='word_1_165' title='bbox 990 2575 1094 2638; x_wconf 85' lang='lat' dir='ltr'>agens</span> <span class='ocrx_word' id='word_1_166' title='bbox 1119 2552 1257 2636; x_wconf 87' lang='lat' dir='ltr'>physice</span> <span class='ocrx_word' id='word_1_167' title='bbox 1272 2552 1399 2634; x_wconf 89' lang='lat' dir='ltr'>patitur</span> 
     </span>
     <span class='ocr_line' id='line_1_20' title="bbox 247 2657 1398 2742; baseline 0.001 -23"><span class='ocrx_word' id='word_1_168' title='bbox 247 2666 281 2719; x_wconf 92' lang='lat' dir='ltr'>et</span> <span class='ocrx_word' id='word_1_169' title='bbox 297 2657 388 2738; x_wconf 92' lang='lat' dir='ltr'>quod</span> <span class='ocrx_word' id='word_1_170' title='bbox 405 2658 533 2739; x_wconf 87' lang='lat' dir='ltr'>patiens</span> <span class='ocrx_word' id='word_1_171' title='bbox 552 2658 690 2740; x_wconf 88' lang='lat' dir='ltr'>physice</span> <span class='ocrx_word' id='word_1_172' title='bbox 705 2660 786 2742; x_wconf 89' lang='lat' dir='ltr'>agit,</span> <span class='ocrx_word' id='word_1_173' title='bbox 799 2659 864 2724; x_wconf 95' lang='lat' dir='ltr'>hoc</span> <span class='ocrx_word' id='word_1_174' title='bbox 880 2680 947 2723; x_wconf 91' lang='lat' dir='ltr'>non</span> <span class='ocrx_word' id='word_1_175' title='bbox 965 2669 1017 2723; x_wconf 89' lang='lat' dir='ltr'>est</span> <span class='ocrx_word' id='word_1_176' title='bbox 1032 2658 1140 2721; x_wconf 90' lang='lat' dir='ltr'>solum</span> <span class='ocrx_word' id='word_1_177' title='bbox 1157 2658 1189 2720; x_wconf 90' lang='lat' dir='ltr'>in</span> <span class='ocrx_word' id='word_1_178' title='bbox 1209 2657 1398 2732; x_wconf 91' lang='lat' dir='ltr'>resistendo,</span> 
     </span>
     <span class='ocr_line' id='line_1_21' title="bbox 246 2759 1336 2845; baseline -0.001 -22"><span class='ocrx_word' id='word_1_179' title='bbox 246 2761 306 2824; x_wconf 89' lang='lat' dir='ltr'>sed</span> <span class='ocrx_word' id='word_1_180' title='bbox 322 2761 354 2824; x_wconf 89' lang='lat' dir='ltr'>in</span> <span class='ocrx_word' id='word_1_181' title='bbox 371 2759 435 2824; x_wconf 95' lang='lat' dir='ltr'>hoc</span> <span class='ocrx_word' id='word_1_182' title='bbox 450 2762 541 2843; x_wconf 90' lang='lat' dir='ltr'>quod</span> <span class='ocrx_word' id='word_1_183' title='bbox 558 2763 687 2845; x_wconf 89' lang='lat' dir='ltr'>patiens</span> <span class='ocrx_word' id='word_1_184' title='bbox 703 2772 902 2827; x_wconf 89' lang='lat' dir='ltr'>transmutat</span> <span class='ocrx_word' id='word_1_185' title='bbox 917 2774 952 2827; x_wconf 92' lang='lat' dir='ltr'>et</span> <span class='ocrx_word' id='word_1_186' title='bbox 966 2762 1085 2827; x_wconf 89' lang='lat' dir='ltr'>alterat</span> <span class='ocrx_word' id='word_1_187' title='bbox 1101 2763 1210 2844; x_wconf 91' lang='lat' dir='ltr'>ipsum</span> <span class='ocrx_word' id='word_1_188' title='bbox 1225 2780 1336 2842; x_wconf 85' lang='lat' dir='ltr'>agens.</span> 
     </span>
    </p>

    <p class='ocr_par' dir='ltr' id='par_1_5' title="bbox 246 2863 1568 3781">
     <span class='ocr_line' id='line_1_22' title="bbox 291 2863 1491 2950; baseline 0 -24"><span class='ocrx_word' id='word_1_189' title='bbox 291 2865 378 2927; x_wconf 90' lang='lat' dir='ltr'>Item</span> <span class='ocrx_word' id='word_1_190' title='bbox 392 2864 557 2930; x_wconf 87' lang='lat' dir='ltr'>Averroes</span> <span class='ocrx_word' id='word_1_191' title='bbox 569 2867 651 2931; x_wconf 93' lang='lat' dir='ltr'>dicit</span> <span class='ocrx_word' id='word_1_192' title='bbox 662 2888 761 2950; x_wconf 88' lang='lat' dir='ltr'>super</span> <span class='ocrx_word' id='word_1_193' title='bbox 771 2870 918 2931; x_wconf 90' lang='lat' dir='ltr'>secundo</span> <span class='ocrx_word' id='word_1_194' title='bbox 931 2865 1195 2950; x_wconf 89' lang='lat' dir='ltr'>Metaphysicae,</span> <span class='ocrx_word' id='word_1_195' title='bbox 1204 2864 1295 2946; x_wconf 92' lang='lat' dir='ltr'>quod</span> <span class='ocrx_word' id='word_1_196' title='bbox 1309 2863 1398 2927; x_wconf 89' lang='lat' dir='ltr'>nulla</span> <span class='ocrx_word' id='word_1_197' title='bbox 1409 2875 1491 2926; x_wconf 81' lang='lat' dir='ltr'>Third</span> 
     </span>
     <span class='ocr_line' id='line_1_23' title="bbox 246 2941 1495 3050; baseline -0.001 -18"><span class='ocrx_word' id='word_1_198' title='bbox 246 2969 431 3033; x_wconf 83' lang='lat' dir='ltr'>substantia</span> <span class='ocrx_word' id='word_1_199' title='bbox 451 2979 502 3033; x_wconf 89' lang='lat' dir='ltr'>est</span> <span class='ocrx_word' id='word_1_200' title='bbox 524 2971 631 3034; x_wconf 89' lang='lat' dir='ltr'>otiosa</span> <span class='ocrx_word' id='word_1_201' title='bbox 653 2972 686 3034; x_wconf 90' lang='lat' dir='ltr'>in</span> <span class='ocrx_word' id='word_1_202' title='bbox 708 2968 928 3036; x_wconf 86' lang='lat' dir='ltr'>fundamento</span> <span class='ocrx_word' id='word_1_203' title='bbox 950 2981 1096 3044; x_wconf 87' lang='lat' dir='ltr'>naturae,</span> <span class='ocrx_word' id='word_1_204' title='bbox 1115 2979 1148 3032; x_wconf 92' lang='lat' dir='ltr'>et</span> <span class='ocrx_word' id='word_1_205' title='bbox 1169 2969 1246 3032; x_wconf 92' lang='lat' dir='ltr'>ideo</span> <span class='ocrx_word' id='word_1_206' title='bbox 1266 2979 1399 3050; x_wconf 85' lang='lat' dir='ltr'>oportet</span> <span class='ocrx_word' id='word_1_207' title='bbox 1411 2941 1495 3008; x_wconf 75' lang='lat' dir='ltr'><strong>P100f·</strong></span> 
     </span>
     <span class='ocr_line' id='line_1_24' title="bbox 246 3072 1400 3158; baseline -0.001 -23"><span class='ocrx_word' id='word_1_208' title='bbox 246 3073 337 3156; x_wconf 92' lang='lat' dir='ltr'>quod</span> <span class='ocrx_word' id='word_1_209' title='bbox 354 3074 538 3138; x_wconf 88' lang='lat' dir='ltr'>substantia</span> <span class='ocrx_word' id='word_1_210' title='bbox 552 3075 614 3138; x_wconf 91' lang='lat' dir='ltr'>sub</span> <span class='ocrx_word' id='word_1_211' title='bbox 629 3096 827 3158; x_wconf 89' lang='lat' dir='ltr'>quacunque</span> <span class='ocrx_word' id='word_1_212' title='bbox 847 3075 1035 3158; x_wconf 80' lang='lat' dir='ltr'>quantitate</span> <span class='ocrx_word' id='word_1_213' title='bbox 1056 3074 1161 3156; x_wconf 90' lang='lat' dir='ltr'>possit</span> <span class='ocrx_word' id='word_1_214' title='bbox 1182 3092 1277 3136; x_wconf 90' lang='lat' dir='ltr'>suam</span> <span class='ocrx_word' id='word_1_215' title='bbox 1293 3072 1400 3137; x_wconf 89' lang='lat' dir='ltr'>iacere</span> 
     </span>
     <span class='ocr_line' id='line_1_25' title="bbox 246 3174 1400 3264; baseline -0.001 -24"><span class='ocrx_word' id='word_1_216' title='bbox 246 3180 484 3261; x_wconf 89' lang='lat' dir='ltr'>operationem.</span> <span class='ocrx_word' id='word_1_217' title='bbox 529 3178 616 3244; x_wconf 88' lang='lat' dir='ltr'>Item</span> <span class='ocrx_word' id='word_1_218' title='bbox 646 3199 706 3261; x_wconf 89' lang='lat' dir='ltr'>per</span> <span class='ocrx_word' id='word_1_219' title='bbox 728 3179 948 3244; x_wconf 85' lang='lat' dir='ltr'>Aristotelem</span> <span class='ocrx_word' id='word_1_220' title='bbox 978 3180 1123 3264; x_wconf 87' lang='lat' dir='ltr'>septimo</span> <span class='ocrx_word' id='word_1_221' title='bbox 1151 3174 1400 3260; x_wconf 65' lang='lat' dir='ltr'>Physicoruml,</span> 
     </span>
     <span class='ocr_line' id='line_1_26' title="bbox 247 3279 1399 3368; baseline 0.002 -25"><span class='ocrx_word' id='word_1_222' title='bbox 247 3281 303 3344; x_wconf 89' lang='lat' dir='ltr'>ubi</span> <span class='ocrx_word' id='word_1_223' title='bbox 318 3282 400 3346; x_wconf 92' lang='lat' dir='ltr'>dicit</span> <span class='ocrx_word' id='word_1_224' title='bbox 415 3285 505 3365; x_wconf 91' lang='lat' dir='ltr'>quod</span> <span class='ocrx_word' id='word_1_225' title='bbox 520 3285 547 3346; x_wconf 93' lang='lat' dir='ltr'>si</span> <span class='ocrx_word' id='word_1_226' title='bbox 563 3284 674 3368; x_wconf 89' lang='lat' dir='ltr'>aliqua</span> <span class='ocrx_word' id='word_1_227' title='bbox 689 3285 794 3348; x_wconf 89' lang='lat' dir='ltr'>virtus</span> <span class='ocrx_word' id='word_1_228' title='bbox 812 3284 930 3348; x_wconf 87' lang='lat' dir='ltr'>alteret</span> <span class='ocrx_word' id='word_1_229' title='bbox 950 3283 1076 3365; x_wconf 90' lang='lat' dir='ltr'>aliquid</span> <span class='ocrx_word' id='word_1_230' title='bbox 1096 3281 1269 3360; x_wconf 78' lang='lat' dir='ltr'>mobilein</span> <span class='ocrx_word' id='word_1_231' title='bbox 1287 3279 1399 3363; x_wconf 89' lang='lat' dir='ltr'>aliquo</span> 
     </span>
     <span class='ocr_line' id='line_1_27' title="bbox 246 3385 1398 3471; baseline -0.002 -20"><span class='ocrx_word' id='word_1_232' title='bbox 246 3396 406 3470; x_wconf 89' lang='lat' dir='ltr'>tempore,</span> <span class='ocrx_word' id='word_1_233' title='bbox 423 3397 500 3452; x_wconf 90' lang='lat' dir='ltr'>tunc</span> <span class='ocrx_word' id='word_1_234' title='bbox 521 3389 681 3454; x_wconf 88' lang='lat' dir='ltr'>medietas</span> <span class='ocrx_word' id='word_1_235' title='bbox 695 3389 829 3454; x_wconf 91' lang='lat' dir='ltr'>virtutis</span> <span class='ocrx_word' id='word_1_236' title='bbox 852 3388 976 3453; x_wconf 90' lang='lat' dir='ltr'>mobile</span> <span class='ocrx_word' id='word_1_237' title='bbox 997 3389 1027 3452; x_wconf 91' lang='lat' dir='ltr'>ei</span> <span class='ocrx_word' id='word_1_238' title='bbox 1046 3385 1296 3471; x_wconf 76' lang='lat' dir='ltr'>proportionale</span> <span class='ocrx_word' id='word_1_239' title='bbox 1315 3385 1398 3450; x_wconf 84' lang='lat' dir='ltr'>alte·</span> 
     </span>
     <span class='ocr_line' id='line_1_28' title="bbox 246 3490 1558 3575; baseline -0.005 -21"><span class='ocrx_word' id='word_1_240' title='bbox 246 3492 331 3554; x_wconf 89' lang='lat' dir='ltr'>rabit</span> <span class='ocrx_word' id='word_1_241' title='bbox 345 3500 477 3556; x_wconf 90' lang='lat' dir='ltr'>tantum</span> <span class='ocrx_word' id='word_1_242' title='bbox 492 3502 526 3556; x_wconf 88' lang='lat' dir='ltr'>et</span> <span class='ocrx_word' id='word_1_243' title='bbox 542 3493 576 3556; x_wconf 93' lang='lat' dir='ltr'>in</span> <span class='ocrx_word' id='word_1_244' title='bbox 597 3502 691 3557; x_wconf 90' lang='lat' dir='ltr'>tanto</span> <span class='ocrx_word' id='word_1_245' title='bbox 708 3502 868 3575; x_wconf 88' lang='lat' dir='ltr'>tempore.</span> <span class='ocrx_word' id='word_1_246' title='bbox 915 3491 951 3558; x_wconf 90' lang='lat' dir='ltr'>Si</span> <span class='ocrx_word' id='word_1_247' title='bbox 970 3492 1131 3575; x_wconf 85' lang='lat' dir='ltr'>allegetur</span> <span class='ocrx_word' id='word_1_248' title='bbox 1146 3490 1228 3554; x_wconf 92' lang='lat' dir='ltr'>illud</span> <span class='ocrx_word' id='word_1_249' title='bbox 1245 3490 1278 3552; x_wconf 92' lang='lat' dir='ltr'>in</span> <span class='ocrx_word' id='word_1_250' title='bbox 1291 3490 1398 3574; x_wconf 89' lang='lat' dir='ltr'>primo</span> <span class='ocrx_word' id='word_1_251' title='bbox 1411 3495 1558 3572; x_wconf 77' lang='lat' dir='ltr'>objections</span> 
     </span>
     <span class='ocr_line' id='line_1_29' title="bbox 248 3562 1568 3676; baseline 0.001 -19"><span class='ocrx_word' id='word_1_252' title='bbox 248 3594 463 3676; x_wconf 89' lang='lat' dir='ltr'>Physicorum</span> <span class='ocrx_word' id='word_1_253' title='bbox 496 3597 539 3660; x_wconf 91' lang='lat' dir='ltr'>de</span> <span class='ocrx_word' id='word_1_254' title='bbox 569 3617 666 3662; x_wconf 90' lang='lat' dir='ltr'>carne</span> <span class='ocrx_word' id='word_1_255' title='bbox 697 3596 880 3676; x_wconf 75' lang='lat' dir='ltr'>minima⁸;</span> <span class='ocrx_word' id='word_1_256' title='bbox 915 3598 1093 3661; x_wconf 91' lang='lat' dir='ltr'>dicendum</span> <span class='ocrx_word' id='word_1_257' title='bbox 1125 3606 1185 3672; x_wconf 86' lang='lat' dir='ltr'>est,</span> <span class='ocrx_word' id='word_1_258' title='bbox 1209 3596 1301 3676; x_wconf 92' lang='lat' dir='ltr'>quod</span> <span class='ocrx_word' id='word_1_259' title='bbox 1333 3562 1568 3658; x_wconf 71' lang='lat' dir='ltr'>nonmdneplres.</span> 
     </span>
     <span class='ocr_line' id='line_1_30' title="bbox 246 3697 1400 3781; baseline 0.002 -21"><span class='ocrx_word' id='word_1_260' title='bbox 246 3697 390 3781; x_wconf 90' lang='lat' dir='ltr'>loquitur</span> <span class='ocrx_word' id='word_1_261' title='bbox 409 3700 472 3764; x_wconf 87' lang='lat' dir='ltr'>nisi</span> <span class='ocrx_word' id='word_1_262' title='bbox 490 3702 534 3765; x_wconf 90' lang='lat' dir='ltr'>de</span> <span class='ocrx_word' id='word_1_263' title='bbox 553 3703 694 3766; x_wconf 89' lang='lat' dir='ltr'>minimo</span> <span class='ocrx_word' id='word_1_264' title='bbox 715 3703 898 3767; x_wconf 89' lang='lat' dir='ltr'>secundum</span> <span class='ocrx_word' id='word_1_265' title='bbox 917 3721 1060 3781; x_wconf 88' lang='lat' dir='ltr'>sensum,</span> <span class='ocrx_word' id='word_1_266' title='bbox 1076 3709 1110 3765; x_wconf 90' lang='lat' dir='ltr'>et</span> <span class='ocrx_word' id='word_1_267' title='bbox 1130 3720 1196 3763; x_wconf 89' lang='lat' dir='ltr'>non</span> <span class='ocrx_word' id='word_1_268' title='bbox 1218 3699 1400 3762; x_wconf 85' lang='lat' dir='ltr'>secundum</span> 
     </span>
    </p>
   </div>
   <div class='ocr_carea' id='block_1_3' title="bbox 245 3882 1402 4739">
    <p class='ocr_par' dir='ltr' id='par_1_6' title="bbox 245 3882 1402 4265">
     <span class='ocr_line' id='line_1_31' title="bbox 279 3882 1402 3950; baseline -0.001 -17"><span class='ocrx_word' id='word_1_269' title='bbox 279 3885 288 3914; x_wconf 83' lang='lat'>¹</span> <span class='ocrx_word' id='word_1_270' title='bbox 304 3885 362 3934; x_wconf 76' lang='lat' dir='ltr'>Nat.</span> <span class='ocrx_word' id='word_1_271' title='bbox 380 3885 497 3935; x_wconf 74' lang='lat' dir='ltr'>Auscult.</span> <span class='ocrx_word' id='word_1_272' title='bbox 520 3886 557 3937; x_wconf 89' lang='lat' dir='ltr'>iii.</span> <span class='ocrx_word' id='word_1_273' title='bbox 576 3902 588 3934; x_wconf 89' lang='lat'>1</span> <span class='ocrx_word' id='word_1_274' title='bbox 613 3891 657 3947; x_wconf 67' lang='lat'>§⁸</span> <span class='ocrx_word' id='word_1_275' title='bbox 673 3887 756 3937; x_wconf 70' lang='grc' dir='ltr'>πολλὰ</span> <span class='ocrx_word' id='word_1_276' title='bbox 772 3888 867 3950; x_wconf 73' lang='grc' dir='ltr'>ποιήσει</span> <span class='ocrx_word' id='word_1_277' title='bbox 884 3885 923 3936; x_wconf 74' lang='lat' dir='ltr'>nol</span> <span class='ocrx_word' id='word_1_278' title='bbox 940 3887 1049 3936; x_wconf 65' lang='lat' dir='ltr'>utem</span> <span class='ocrx_word' id='word_1_279' title='bbox 1068 3883 1107 3935; x_wconf 72' lang='grc' dir='ltr'>ὑπ’</span> <span class='ocrx_word' id='word_1_280' title='bbox 1122 3882 1248 3945; x_wconf 71' lang='grc' dir='ltr'>ἀλλήλων·</span> <span class='ocrx_word' id='word_1_281' title='bbox 1275 3882 1338 3932; x_wconf 74' lang='lat' dir='ltr'>dm</span> <span class='ocrx_word' id='word_1_282' title='bbox 1354 3883 1402 3950; x_wconf 80' lang='grc' dir='ltr'>γὰρ</span> 
     </span>
     <span class='ocr_line' id='line_1_32' title="bbox 245 3961 1402 4028; baseline -0.004 -13"><span class='ocrx_word' id='word_1_283' title='bbox 245 3962 377 4023; x_wconf 68' lang='lat' dir='ltr'>interduo</span> <span class='ocrx_word' id='word_1_284' title='bbox 388 3963 513 4027; x_wconf 73' lang='grc' dir='ltr'>ποιητικὸν</span> <span class='ocrx_word' id='word_1_285' title='bbox 525 3963 567 4014; x_wconf 73' lang='lat' dir='ltr'>eol</span> <span class='ocrx_word' id='word_1_286' title='bbox 582 3966 721 4028; x_wconf 72' lang='grc' dir='ltr'>παθητικόν.</span> <span class='ocrx_word' id='word_1_287' title='bbox 751 3967 829 4016; x_wconf 74' lang='lat' dir='ltr'>&#39;nore</span> <span class='ocrx_word' id='word_1_288' title='bbox 840 3965 881 4016; x_wconf 77' lang='lat' dir='ltr'>nni</span> <span class='ocrx_word' id='word_1_289' title='bbox 897 3967 928 4014; x_wconf 77' lang='grc' dir='ltr'>τὸ</span> <span class='ocrx_word' id='word_1_290' title='bbox 944 3966 1026 4014; x_wconf 73' lang='grc' dir='ltr'>κινοῦν</span> <span class='ocrx_word' id='word_1_291' title='bbox 1040 3963 1147 4026; x_wconf 70' lang='grc' dir='ltr'><strong><em>φυσικῶς</em></strong></span> <span class='ocrx_word' id='word_1_292' title='bbox 1162 3961 1268 4024; x_wconf 72' lang='grc' dir='ltr'>κινητόν·</span> <span class='ocrx_word' id='word_1_293' title='bbox 1286 3962 1335 4011; x_wconf 75' lang='grc' dir='ltr'>πᾶν</span> <span class='ocrx_word' id='word_1_294' title='bbox 1352 3963 1402 4027; x_wconf 73' lang='grc' dir='ltr'>γὰρ</span> 
     </span>
     <span class='ocr_line' id='line_1_33' title="bbox 245 4041 1400 4105; baseline -0.001 -14"><span class='ocrx_word' id='word_1_295' title='bbox 245 4041 276 4092; x_wconf 74' lang='grc' dir='ltr'>τὸ</span> <span class='ocrx_word' id='word_1_296' title='bbox 287 4042 400 4091; x_wconf 68' lang='grc' dir='ltr'>τοιοῦτον</span> <span class='ocrx_word' id='word_1_297' title='bbox 410 4042 475 4091; x_wconf 75' lang='grc' dir='ltr'><strong><em>κινεῖ</em></strong></span> <span class='ocrx_word' id='word_1_298' title='bbox 486 4042 629 4104; x_wconf 72' lang='grc' dir='ltr'>κινούμενον</span> <span class='ocrx_word' id='word_1_299' title='bbox 639 4043 680 4094; x_wconf 71' lang='lat' dir='ltr'>noi</span> <span class='ocrx_word' id='word_1_300' title='bbox 695 4043 764 4096; x_wconf 73' lang='lat' dir='ltr'>oiri.</span> <span class='ocrx_word' id='word_1_301' title='bbox 798 4045 828 4094; x_wconf 91' lang='lat' dir='ltr'>ln</span> <span class='ocrx_word' id='word_1_302' title='bbox 845 4046 890 4094; x_wconf 89' lang='lat' dir='ltr'>the</span> <span class='ocrx_word' id='word_1_303' title='bbox 901 4045 970 4094; x_wconf 82' lang='lat' dir='ltr'>view</span> <span class='ocrx_word' id='word_1_304' title='bbox 981 4045 1044 4093; x_wconf 85' lang='lat' dir='ltr'>here</span> <span class='ocrx_word' id='word_1_305' title='bbox 1060 4043 1175 4104; x_wconf 77' lang='lat' dir='ltr'>adopted</span> <span class='ocrx_word' id='word_1_306' title='bbox 1186 4042 1222 4105; x_wconf 87' lang='lat' dir='ltr'>by</span> <span class='ocrx_word' id='word_1_307' title='bbox 1234 4041 1322 4091; x_wconf 87' lang='lat' dir='ltr'>Bncon</span> <span class='ocrx_word' id='word_1_308' title='bbox 1335 4041 1400 4091; x_wconf 80' lang='lat' dir='ltr'>from</span> 
     </span>
     <span class='ocr_line' id='line_1_34' title="bbox 246 4120 1401 4185; baseline -0.002 -13"><span class='ocrx_word' id='word_1_309' title='bbox 246 4122 379 4178; x_wconf 78' lang='lat' dir='ltr'>Aristode,</span> <span class='ocrx_word' id='word_1_310' title='bbox 389 4138 432 4170; x_wconf 87' lang='lat' dir='ltr'>we</span> <span class='ocrx_word' id='word_1_311' title='bbox 443 4124 509 4172; x_wconf 83' lang='lat' dir='ltr'>have</span> <span class='ocrx_word' id='word_1_312' title='bbox 520 4139 536 4172; x_wconf 80' lang='lat' dir='ltr'>a</span> <span class='ocrx_word' id='word_1_313' title='bbox 547 4139 613 4185; x_wconf 84' lang='lat' dir='ltr'>very</span> <span class='ocrx_word' id='word_1_314' title='bbox 620 4123 726 4176; x_wconf 79' lang='lat' dir='ltr'>distinct</span> <span class='ocrx_word' id='word_1_315' title='bbox 736 4124 949 4185; x_wconf 79' lang='lat' dir='ltr'>ioreshndowing</span> <span class='ocrx_word' id='word_1_316' title='bbox 959 4123 989 4171; x_wconf 86' lang='lat' dir='ltr'>oi</span> <span class='ocrx_word' id='word_1_317' title='bbox 998 4121 1133 4171; x_wconf 81' lang='lat' dir='ltr'>Newton’s</span> <span class='ocrx_word' id='word_1_318' title='bbox 1144 4121 1196 4170; x_wconf 81' lang='lat' dir='ltr'>law</span> <span class='ocrx_word' id='word_1_319' title='bbox 1207 4120 1237 4168; x_wconf 86' lang='lat' dir='ltr'>oi</span> <span class='ocrx_word' id='word_1_320' title='bbox 1243 4120 1339 4169; x_wconf 81' lang='lat' dir='ltr'>Action</span> <span class='ocrx_word' id='word_1_321' title='bbox 1350 4122 1401 4170; x_wconf 78' lang='lat' dir='ltr'>and</span> 
     </span>
     <span class='ocr_line' id='line_1_35' title="bbox 247 4199 1132 4265; baseline -0.002 -14"><span class='ocrx_word' id='word_1_322' title='bbox 247 4200 383 4261; x_wconf 75' lang='lat' dir='ltr'>Reaction,</span> <span class='ocrx_word' id='word_1_323' title='bbox 396 4201 514 4264; x_wconf 86' lang='lat' dir='ltr'>reeently</span> <span class='ocrx_word' id='word_1_324' title='bbox 525 4202 658 4251; x_wconf 81' lang='lat' dir='ltr'>extended</span> <span class='ocrx_word' id='word_1_325' title='bbox 668 4209 696 4251; x_wconf 87' lang='lat' dir='ltr'>to</span> <span class='ocrx_word' id='word_1_326' title='bbox 707 4217 790 4265; x_wconf 82' lang='lat' dir='ltr'>every</span> <span class='ocrx_word' id='word_1_327' title='bbox 801 4203 965 4265; x_wconf 71' lang='lat' dir='ltr'>department</span> <span class='ocrx_word' id='word_1_328' title='bbox 976 4200 1006 4250; x_wconf 87' lang='lat' dir='ltr'>oi</span> <span class='ocrx_word' id='word_1_329' title='bbox 1014 4199 1132 4263; x_wconf 71' lang='lat' dir='ltr'>Physica.</span> 
     </span>
    </p>

    <p class='ocr_par' dir='ltr' id='par_1_7' title="bbox 277 4279 699 4343">
     <span class='ocr_line' id='line_1_36' title="bbox 277 4279 699 4343; baseline 0.007 -14"><span class='ocrx_word' id='word_1_330' title='bbox 277 4280 288 4308; x_wconf 93' lang='lat'><strong>¹</strong></span> <span class='ocrx_word' id='word_1_331' title='bbox 303 4279 363 4329; x_wconf 80' lang='lat' dir='ltr'>Nat.</span> <span class='ocrx_word' id='word_1_332' title='bbox 375 4279 491 4328; x_wconf 73' lang='lat' dir='ltr'>Auserat</span> <span class='ocrx_word' id='word_1_333' title='bbox 503 4279 545 4329; x_wconf 81' lang='lat' dir='ltr'>vii</span> <span class='ocrx_word' id='word_1_334' title='bbox 556 4294 582 4342; x_wconf 86' lang='lat'>5,</span> <span class='ocrx_word' id='word_1_335' title='bbox 595 4284 624 4340; x_wconf 61' lang='grc' dir='ltr'>ξς</span> <span class='ocrx_word' id='word_1_336' title='bbox 639 4295 662 4343; x_wconf 88' lang='lat'>1,</span> <span class='ocrx_word' id='word_1_337' title='bbox 675 4296 699 4332; x_wconf 78' lang='lat' dir='ltr'>s.</span> 
     </span>
    </p>

    <p class='ocr_par' dir='ltr' id='par_1_8' title="bbox 245 4351 1402 4739">
     <span class='ocr_line' id='line_1_37' title="bbox 279 4351 1402 4422; baseline -0.004 -14"><span class='ocrx_word' id='word_1_338' title='bbox 279 4351 1402 4422; x_wconf 54' lang='lat' dir='ltr'>‘Nat.Auuu1r.t4,55«ttttotnrorswtwomoordmmo</span> 
     </span>
     <span class='ocr_line' id='line_1_38' title="bbox 245 4433 1401 4502; baseline -0.002 -16"><span class='ocrx_word' id='word_1_339' title='bbox 245 4437 349 4502; x_wconf 49' lang='lat' dir='ltr'>pigrior</span> <span class='ocrx_word' id='word_1_340' title='bbox 364 4435 405 4486; x_wconf 72' lang='lat' dir='ltr'>nl</span> <span class='ocrx_word' id='word_1_341' title='bbox 421 4435 565 4499; x_wconf 69' lang='lat' dir='ltr'>mima,</span> <span class='ocrx_word' id='word_1_342' title='bbox 575 4435 681 4501; x_wconf 67' lang='grc' dir='ltr'>φανερὸν</span> <span class='ocrx_word' id='word_1_343' title='bbox 698 4436 738 4487; x_wconf 71' lang='grc' dir='ltr'>ὅτι</span> <span class='ocrx_word' id='word_1_344' title='bbox 753 4437 810 4487; x_wconf 73' lang='lat' dir='ltr'>nott</span> <span class='ocrx_word' id='word_1_345' title='bbox 826 4436 876 4485; x_wconf 73' lang='grc' dir='ltr'>τᾶν</span> <span class='ocrx_word' id='word_1_346' title='bbox 892 4435 981 4500; x_wconf 71' lang='lat' dir='ltr'>poplov</span> <span class='ocrx_word' id='word_1_347' title='bbox 994 4436 1077 4486; x_wconf 78' lang='grc' dir='ltr'><strong><em>ὂτιυΰν</em></strong></span> <span class='ocrx_word' id='word_1_348' title='bbox 1094 4471 1101 4484; x_wconf 94' lang='grc'><em>.</em></span> <span class='ocrx_word' id='word_1_349' title='bbox 1119 4469 1127 4484; x_wconf 85' lang='grc'><strong>.</strong></span> <span class='ocrx_word' id='word_1_350' title='bbox 1145 4435 1249 4496; x_wconf 76' lang='grc' dir='ltr'>,Δῆλον</span> <span class='ocrx_word' id='word_1_351' title='bbox 1265 4433 1347 4484; x_wconf 73' lang='grc' dir='ltr'><strong><em>τοίνυν</em></strong></span> <span class='ocrx_word' id='word_1_352' title='bbox 1364 4433 1401 4484; x_wconf 73' lang='grc' dir='ltr'>ὅτι</span> 
     </span>
     <span class='ocr_line' id='line_1_39' title="bbox 245 4511 1402 4580; baseline -0.002 -15"><span class='ocrx_word' id='word_1_353' title='bbox 245 4516 367 4566; x_wconf 69' lang='grc' dir='ltr'>ἀδύνατον</span> <span class='ocrx_word' id='word_1_354' title='bbox 380 4513 458 4580; x_wconf 71' lang='grc' dir='ltr'><strong>σάρκα</strong></span> <span class='ocrx_word' id='word_1_355' title='bbox 475 4513 491 4577; x_wconf 75' lang='lat' dir='ltr'>tl</span> <span class='ocrx_word' id='word_1_356' title='bbox 508 4515 598 4564; x_wconf 65' lang='grc' dir='ltr'>ὂσνοΐπ</span> <span class='ocrx_word' id='word_1_357' title='bbox 613 4515 630 4576; x_wconf 70' lang='lat' dir='ltr'>h</span> <span class='ocrx_word' id='word_1_358' title='bbox 645 4514 711 4564; x_wconf 67' lang='lat' dir='ltr'>mo</span> <span class='ocrx_word' id='word_1_359' title='bbox 726 4533 751 4565; x_wconf 84' lang='grc' dir='ltr'>τι</span> <span class='ocrx_word' id='word_1_360' title='bbox 767 4515 930 4579; x_wconf 73' lang='grc' dir='ltr'>ὀιηλιιονοΰν</span> <span class='ocrx_word' id='word_1_361' title='bbox 945 4511 1005 4564; x_wconf 67' lang='lat' dir='ltr'>rho·</span> <span class='ocrx_word' id='word_1_362' title='bbox 1022 4512 1052 4564; x_wconf 74' lang='lat' dir='ltr'>nd</span> <span class='ocrx_word' id='word_1_363' title='bbox 1067 4513 1169 4577; x_wconf 68' lang='grc' dir='ltr'>μέγεθος</span> <span class='ocrx_word' id='word_1_364' title='bbox 1185 4513 1223 4562; x_wconf 78' lang='lat' dir='ltr'>iri</span> <span class='ocrx_word' id='word_1_365' title='bbox 1240 4514 1270 4562; x_wconf 78' lang='grc' dir='ltr'>τὸ</span> <span class='ocrx_word' id='word_1_366' title='bbox 1287 4511 1369 4575; x_wconf 69' lang='grc' dir='ltr'><strong><em>μεῖζον</em></strong></span> <span class='ocrx_word' id='word_1_367' title='bbox 1385 4514 1402 4575; x_wconf 74' lang='lat' dir='ltr'>il</span> 
     </span>
     <span class='ocr_line' id='line_1_40' title="bbox 246 4593 1402 4657; baseline 0 -13"><span class='ocrx_word' id='word_1_368' title='bbox 246 4595 286 4645; x_wconf 75' lang='lat' dir='ltr'>iri</span> <span class='ocrx_word' id='word_1_369' title='bbox 302 4595 333 4644; x_wconf 76' lang='grc' dir='ltr'>τὸ</span> <span class='ocrx_word' id='word_1_370' title='bbox 349 4593 465 4646; x_wconf 65' lang='lat' dir='ltr'>tunm.</span> <span class='ocrx_word' id='word_1_371' title='bbox 507 4594 633 4644; x_wconf 80' lang='lat' dir='ltr'>Aristode</span> <span class='ocrx_word' id='word_1_372' title='bbox 650 4595 674 4643; x_wconf 85' lang='lat' dir='ltr'>is</span> <span class='ocrx_word' id='word_1_373' title='bbox 690 4595 842 4657; x_wconf 73' lang='lat' dir='ltr'>explaining</span> <span class='ocrx_word' id='word_1_374' title='bbox 856 4595 912 4645; x_wconf 75' lang='lat' dir='ltr'>thet</span> <span class='ocrx_word' id='word_1_375' title='bbox 928 4593 950 4643; x_wconf 87' lang='lat' dir='ltr'>ii</span> <span class='ocrx_word' id='word_1_376' title='bbox 963 4595 1038 4644; x_wconf 89' lang='lat' dir='ltr'>there</span> <span class='ocrx_word' id='word_1_377' title='bbox 1054 4607 1099 4643; x_wconf 75' lang='lat' dir='ltr'>are</span> <span class='ocrx_word' id='word_1_378' title='bbox 1115 4593 1194 4642; x_wconf 76' lang='lat' dir='ltr'>limito</span> <span class='ocrx_word' id='word_1_379' title='bbox 1210 4593 1240 4642; x_wconf 86' lang='lat' dir='ltr'>oi</span> <span class='ocrx_word' id='word_1_380' title='bbox 1252 4594 1402 4656; x_wconf 80' lang='lat' dir='ltr'>magnitude</span> 
     </span>
     <span class='ocr_line' id='line_1_41' title="bbox 246 4672 1402 4739; baseline -0.001 -15"><span class='ocrx_word' id='word_1_381' title='bbox 246 4675 377 4739; x_wconf 82' lang='lat' dir='ltr'>(superior</span> <span class='ocrx_word' id='word_1_382' title='bbox 386 4675 437 4724; x_wconf 72' lang='lat' dir='ltr'>end</span> <span class='ocrx_word' id='word_1_383' title='bbox 448 4673 567 4737; x_wconf 80' lang='lat' dir='ltr'>inferior)</span> <span class='ocrx_word' id='word_1_384' title='bbox 581 4674 621 4723; x_wconf 86' lang='lat' dir='ltr'>ior</span> <span class='ocrx_word' id='word_1_385' title='bbox 632 4675 676 4723; x_wconf 90' lang='lat' dir='ltr'>the</span> <span class='ocrx_word' id='word_1_386' title='bbox 686 4673 779 4723; x_wconf 72' lang='lat' dir='ltr'>animal</span> <span class='ocrx_word' id='word_1_387' title='bbox 792 4689 823 4723; x_wconf 91' lang='lat' dir='ltr'>or</span> <span class='ocrx_word' id='word_1_388' title='bbox 837 4673 910 4737; x_wconf 78' lang='lat' dir='ltr'>plnnt</span> <span class='ocrx_word' id='word_1_389' title='bbox 924 4689 954 4724; x_wconf 79' lang='lat' dir='ltr'>ns</span> <span class='ocrx_word' id='word_1_390' title='bbox 970 4689 987 4724; x_wconf 80' lang='grc' dir='ltr'>ι</span> <span class='ocrx_word' id='word_1_391' title='bbox 1003 4673 1099 4735; x_wconf 85' lang='lat' dir='ltr'>whole,</span> <span class='ocrx_word' id='word_1_392' title='bbox 1112 4672 1185 4722; x_wconf 81' lang='lat' dir='ltr'>there</span> <span class='ocrx_word' id='word_1_393' title='bbox 1202 4681 1270 4723; x_wconf 83' lang='lat' dir='ltr'>must</span> <span class='ocrx_word' id='word_1_394' title='bbox 1280 4672 1314 4722; x_wconf 89' lang='lat' dir='ltr'>be</span> <span class='ocrx_word' id='word_1_395' title='bbox 1324 4673 1402 4723; x_wconf 79' lang='lat' dir='ltr'>limite</span> 
     </span>
    </p>
   </div>
   <div class='ocr_carea' id='block_1_4' title="bbox 0 0 1776 5359">
    <p class='ocr_par' dir='ltr' id='par_1_9' title="bbox 0 0 1776 5359">
     <span class='ocr_line' id='line_1_42' title="bbox 0 0 1776 5359; baseline 0 0"><span class='ocrx_word' id='word_1_396' title='bbox 0 0 1776 5359; x_wconf 95' lang='lat' dir='ltr'> </span> 
     </span>
    </p>
   </div>
  </div>
 </body>
</html>
