3542 5359
368 608 426 686 156
595 607 751 668 OPERIS
775 607 964 680 MAJORIS
988 609 1103 668 PARS
1127 608 1298 683 QUINTA.

369 772 437 836 Res
458 771 546 836 enim
566 771 780 855 propinquior
801 773 939 838 caeteris
961 773 1098 854 paribus
1116 782 1255 858 apparet
1278 771 1463 836 evidentius
1485 771 1518 834 in

367 897 426 939 sua
437 877 633 958 quantitate,
644 885 677 939 et
691 877 865 959 praecipue
879 878 1016 961 quando
1032 878 1095 941 sub
1112 877 1228 959 majori
1243 878 1364 960 angulo
1380 877 1519 941 videtur.

368 977 405 1044 Si
429 981 547 1044 iterum
571 982 709 1056 dicatur,
730 982 820 1063 quod
842 982 924 1044 radii
945 980 1113 1046 stellarum
1136 983 1308 1045 inveniunt
1326 1001 1466 1064 vapores
1486 990 1520 1044 et

366 1085 471 1147 nubes
482 1103 548 1148 non
562 1085 670 1149 solum
681 1086 712 1148 in
726 1084 899 1149 horizonte
910 1096 944 1150 et
956 1104 1070 1170 prope,
1079 1086 1138 1150 sed
1149 1106 1262 1150 versus
1276 1085 1423 1149 medium
1434 1083 1519 1148 coeli

365 1198 401 1253 et
420 1189 452 1251 in
474 1187 531 1252 illo
547 1189 675 1267 medi03
704 1191 763 1254 sed
782 1188 830 1253 sol
847 1191 983 1272 quando
1002 1200 1053 1254 est
1074 1211 1179 1274 prope
1197 1191 1343 1254 medium
1365 1189 1447 1254 coeli
1463 1187 1517 1252 vel

366 1293 400 1357 in
424 1293 535 1358 medio
558 1315 624 1358 non
646 1305 787 1378 apparet
809 1295 959 1360 insolitae
981 1297 1199 1378 quantitatis;
1231 1315 1309 1379 ergo
1332 1314 1392 1360 nec
1416 1313 1520 1377 prope

364 1407 474 1461 ortum
488 1408 521 1462 et
536 1419 689 1463 occasum
701 1398 721 1461 ¹.
763 1399 809 1463 Et
824 1399 961 1482 quidam
978 1399 1193 1483 probabiliter
1208 1400 1357 1463 instructi
1373 1398 1406 1462 in
1421 1397 1520 1461 rebus

364 1503 580 1585 perspectivis
609 1504 868 1569 aestimaverunt
894 1523 1034 1586 vapores
1062 1523 1128 1567 non
1155 1523 1227 1567 esse
1256 1522 1390 1566 causam
1420 1499 1519 1582 hujus

365 1607 419 1684 rei,
440 1618 575 1691 propter
593 1606 678 1670 hanc
699 1606 934 1690 objectionem.
978 1606 1047 1672 Sed
1064 1608 1199 1691 decepti
1220 1617 1306 1682 sunt,
1321 1607 1400 1689 quia
1417 1605 1517 1671 aliam

364 1730 498 1775 causam
522 1712 602 1775 dare
617 1733 683 1776 non
706 1724 865 1796 possunt:
889 1732 966 1776 nam
983 1711 1040 1776 illa
1061 1733 1148 1796 quae
1166 1711 1258 1796 prius
1280 1713 1447 1794 assignata
1467 1717 1519 1775 est

365 1814 407 1877 de
438 1817 666 1899 magnitudine
696 1816 864 1880 stellarum
897 1817 931 1879 in
960 1816 1132 1881 horizonte
1157 1827 1208 1881 est
1238 1826 1410 1900 perpetua,
1435 1814 1519 1880 haec

363 1928 476 1982 autem
497 1917 684 2001 appariti0²
700 1921 939 2003 magnitudinis
959 1931 1010 1985 est
1028 1923 1071 1984 ad
1091 1930 1232 2004 tempus,
1248 1940 1309 1983 nec
1329 1939 1469 2001 semper,
1484 1927 1519 1984 et

363 2022 440 2086 ideo
455 2023 557 2088 habet
572 2045 705 2089 causam
722 2023 955 2106 temporalem.
1000 2024 1116 2107 Atque
1131 2046 1191 2088 nos
1204 2025 1365 2103 videmus,
1382 2025 1518 2106 quando

363 2146 421 2192 aer
438 2137 489 2192 est
506 2149 640 2192 serenus
660 2138 695 2193 et
717 2130 823 2195 siccus
847 2129 880 2192 in
902 2138 977 2193 ortu
1000 2137 1035 2192 et
1053 2148 1172 2192 occasu
1192 2148 1307 2192 carens
1328 2126 1518 2211 vaporibus,

363 2240 443 2294 tunc
463 2231 579 2296 stellae
594 2229 718 2298 habent
733 2233 848 2298 solitas
871 2233 1140 2317 magnitudines:
1164 2232 1297 2315 quando
1316 2252 1395 2296 vero
1415 2252 1517 2314 vapo-

364 2353 459 2399 rosus
474 2345 534 2414 est,
550 2335 661 2400 inillis
679 2337 884 2420 temporibus
900 2338 1022 2402 accidit
1040 2336 1206 2420 apparitio
1222 2335 1373 2401 insolitae
1389 2336 1517 2421 magni-

363 2440 497 2504 tudinis.
545 2441 759 2505 Manifestum
783 2462 861 2526 ergo
890 2451 950 2522 est,
973 2443 1064 2525 quod
1087 2461 1226 2523 vapores
1248 2452 1325 2504 sunt
1348 2441 1381 2504 in
1407 2460 1516 2505 causa.

364 2543 519 2626 Objectio
542 2566 619 2609 vero
642 2546 781 2610 solvitur
808 2566 868 2629 per
890 2547 963 2621 hoc,
987 2547 1078 2629 quod
1105 2546 1187 2609 radii
1213 2543 1383 2609 stellarum
1413 2563 1518 2626 prope

364 2659 474 2714 ortum
494 2658 528 2714 et
544 2670 699 2714 occasum
717 2651 841 2716 cadunt
857 2651 994 2715 omnino
1009 2650 1052 2714 ad
1069 2650 1208 2732 angulos
1222 2648 1374 2732 obliquos
1391 2659 1425 2713 et
1441 2649 1517 2713 ideo

362 2752 557 2837 franguntur
572 2756 605 2818 in
626 2755 798 2837 superficie
819 2755 903 2819 aeris
918 2755 1098 2819 secundum
1114 2763 1262 2818 tenorem
1277 2752 1413 2817 canonis
1429 2753 1518 2817 dicti.

365 2857 432 2923 Sed
454 2861 588 2941 quando
606 2858 703 2923 stella
723 2859 833 2924 tendit
848 2859 892 2923 ad
914 2859 1062 2923 medium
1081 2856 1173 2935 coeli,
1188 2860 1351 2924 accedunt
1369 2858 1452 2922 radii
1473 2858 1517 2921 ad

363 2963 597 3027 rectitudinem
618 2963 825 3046 angulorum,
840 2972 978 3047 propter
999 2964 1090 3046 quod
1110 2982 1177 3027 non
1197 2963 1244 3025 sic
1265 2961 1461 3046 franguntur
1479 2972 1517 3027 ut

363 3068 497 3148 quando
520 3066 616 3132 stella
638 3077 689 3130 est
712 3068 745 3130 in
773 3069 910 3133 oriente.
956 3067 1002 3131 Et
1024 3067 1052 3131 si
1075 3067 1260 3150 objiciatur,
1282 3068 1373 3149 quod
1400 3085 1516 3131 omnes

363 3169 446 3233 radii
470 3170 674 3253 planetarum
699 3169 895 3252 franguntur
920 3173 1006 3236 circa
1027 3172 1193 3252 tropicum
1216 3170 1344 3248 Cancri,
1368 3180 1404 3234 ut
1426 3170 1516 3255 prius

363 3272 515 3336 habitum
538 3282 599 3351 est,
615 3275 693 3356 quia
716 3295 782 3338 non
805 3276 930 3339 cadunt
951 3275 985 3339 in
1009 3287 1158 3340 centrum
1183 3275 1307 3351 mundi,
1322 3276 1381 3339 sed
1402 3294 1516 3338 versus

363 3375 559 3454 horizonta;
586 3379 837 3443 concedendum
861 3391 931 3444 est:
957 3382 1016 3445 sed
1039 3390 1152 3443 tamen
1175 3379 1274 3461 longe
1296 3379 1407 3443 minus
1429 3378 1516 3443 fran-

364 3489 496 3564 guntur,
523 3490 557 3545 et
583 3484 692 3564 magis
718 3484 881 3548 accedunt
908 3484 950 3547 ad
980 3483 1359 3567 perpendicularitatem,
1382 3484 1517 3567 quando

364 3584 461 3648 stella
487 3596 537 3649 est
563 3606 677 3650 versus
702 3588 851 3651 medium
878 3588 982 3664 coeli;
1015 3598 1049 3653 et
1076 3588 1152 3651 ideo
1179 3586 1254 3652 licet
1278 3597 1355 3652 tunc
1377 3597 1518 3671 apparet

365 3688 499 3771 majoris
515 3691 710 3772 quantitatis
725 3701 861 3776 propter
874 3712 1023 3777 vapores,
1037 3713 1103 3755 non
1119 3701 1232 3756 tamen
1246 3692 1377 3756 insolita
1389 3691 1517 3774 magni·

363 3793 487 3871 tudine,
499 3794 541 3857 de
558 3815 625 3876 qua
637 3794 690 3859 hic
703 3794 877 3877 loquimur.
910 3796 1086 3878 Majoritas
1098 3804 1211 3860 autem
1223 3795 1334 3878 anguli
1346 3795 1516 3859 fractionis

363 3906 397 3960 et
421 3898 528 3980 major
551 3918 696 3962 recessus
716 3901 759 3963 ab
778 3901 907 3965 incessu
929 3910 1020 3965 recto
1042 3900 1131 3979 lacit,
1147 3901 1237 3982 quod
1258 3919 1310 3963 res
1332 3899 1440 3982 major
1457 3920 1516 3983 ap·

363 4011 457 4086 paret
474 4011 508 4066 et
523 4003 746 4086 propinquior.

195 4120 349 4186 npenrrom
407 4105 444 4170 Si
473 4126 552 4170 vero
582 4106 828 4172 consideremus
858 4106 972 4172 stellas
1002 4117 1036 4172 et
1065 4108 1175 4172 media
1207 4109 1390 4173 secundum
1420 4127 1516 4172 suam

192 4202 298 4302 {2¹23ssss
312 4202 349 4236 ¹⁸⁴
364 4210 546 4274 naturalem
563 4210 824 4294 dispositionem,
840 4211 985 4277 exclusis
1001 4212 1179 4295 vaporibus
1192 4221 1226 4276 et
1241 4212 1378 4276 exclusa
1390 4210 1516 4295 reliqua

191 4316 276 4368 arceo
288 4332 334 4366 our
362 4334 461 4380 causa
476 4326 637 4398 perpetua
652 4317 695 4379 de
710 4337 776 4399 qua
790 4304 941 4399 superius
960 4318 1088 4381 dictum
1103 4327 1164 4398 est,
1178 4327 1256 4381 tunc
1271 4317 1392 4380 accidit
1409 4337 1516 4382 canon

394 4467 400 4495 ¹
418 4468 475 4516 'lhe
486 4469 558 4518 usual
570 4468 644 4530 form,
656 4468 792 4520 dicendum
805 4478 852 4532 est,
866 4469 889 4520 is
900 4471 1018 4533 wanting
1027 4471 1100 4521 here.

394 4544 404 4572 ²
421 4545 502 4605 llere,
519 4561 549 4595 as
563 4546 635 4595 often
651 4547 805 4610 elsewhere,
819 4548 871 4598 this
886 4549 960 4598 word
975 4550 998 4598 is
1013 4549 1159 4613 frequently
1170 4550 1274 4599 written
1286 4550 1313 4598 in
1324 4549 1349 4612 J.
1365 4549 1514 4613 apericatio.

362 4622 384 4672 lt
396 4623 418 4672 is
429 4623 529 4685 always
539 4624 665 4687 apparitio
676 4625 702 4674 iu
715 4625 782 4688 Reg.
