3542 5359
419 635 749 696 PERSPECTIVAE
764 633 880 694 PARS
900 634 1080 694 TERTIA:
1114 636 1225 695 DIST.
1252 634 1277 694 I.
1362 647 1420 714 137

267 799 376 863 minor
400 819 500 883 quam
527 799 560 864 in
586 800 745 865 convexis
757 797 779 861 ¹.
825 797 931 882 Cujus
955 817 1056 864 causa
1080 808 1173 882 patet
1197 799 1420 865 consideranti

268 903 495 969 diversitatem
517 904 616 987 hujus
634 913 669 968 et
692 903 778 967 illius
799 903 993 985 superficiei.
1039 903 1079 966 In
1102 903 1153 967 his
1175 924 1254 985 ergo
1271 905 1420 967 maxima

266 1019 429 1092 apparent
451 1009 596 1085 minima,
617 1019 652 1074 et
669 1017 759 1072 recta
777 1008 884 1071 multo
907 1009 1056 1071 curviora
1072 1028 1172 1091 quam
1195 1008 1229 1071 in
1251 1007 1420 1072 convexis.

268 1109 336 1176 Sed
352 1113 538 1176 notandum
554 1113 645 1196 quod
662 1114 694 1175 in
710 1111 762 1174 his
777 1111 958 1195 aliquando
973 1110 1011 1175 fit
1026 1111 1164 1175 reflexio
1178 1132 1198 1173 a
1214 1111 1421 1193 longitudine

267 1215 451 1293 columnae,
475 1227 512 1280 ut
538 1237 614 1280 cum
644 1216 731 1280 linea
755 1217 827 1278 visa
852 1216 1052 1298 aequidistat
1077 1216 1182 1279 lineae
1206 1215 1421 1298 longitudinis

267 1320 451 1400 columnae,
462 1332 497 1385 et
507 1331 586 1385 tunc
601 1331 652 1385 est
668 1319 807 1384 reflexio
822 1321 909 1384 sicut
923 1341 943 1383 a
958 1319 1075 1402 planis,
1086 1320 1150 1383 hoc
1165 1329 1316 1402 excepto,
1328 1320 1418 1400 quod

266 1424 343 1506 quia
370 1423 466 1502 linea,
489 1445 509 1488 a
535 1445 602 1508 qua
628 1425 665 1489 lit
689 1423 833 1502 reflexio,
858 1424 961 1489 habet
982 1422 1203 1502 latitudinem,
1225 1433 1259 1487 et
1281 1434 1420 1507 apparet

267 1526 353 1590 linea
374 1527 446 1592 visa
469 1528 712 1612 aliquantulum
732 1549 840 1607 curva,
855 1528 1034 1610 aliquando
1055 1527 1093 1590 fit
1114 1526 1251 1590 reflexio
1270 1548 1292 1591 a
1311 1538 1419 1592 trans·

266 1651 361 1694 verso
383 1631 567 1708 columnae,
586 1641 620 1696 et
643 1642 721 1696 tunc
744 1640 795 1696 est
816 1632 929 1715 imago
950 1631 1141 1714 turpissima
1162 1641 1198 1694 et
1219 1631 1419 1695 brevissima

266 1733 459 1818 Aliquando
481 1757 559 1800 vero
582 1735 620 1800 fit
642 1736 779 1800 reflexio
801 1757 821 1800 a
844 1739 909 1800 situ
938 1737 1059 1811 medio,
1082 1745 1117 1799 et
1139 1735 1204 1799 hoc
1226 1746 1286 1800 aut
1312 1737 1419 1818 magis

266 1841 569 1924 appropinquando
587 1841 788 1925 longitudini
810 1851 869 1904 aut
892 1841 1068 1921 latitudini,
1083 1850 1117 1906 et
1140 1840 1187 1905 sic
1210 1841 1243 1904 in
1267 1840 1419 1923 imagini-

266 1945 328 2008 bus
342 1945 414 2010 erit.

311 2048 350 2112 In
366 2049 628 2131 pyramidalibus
642 2071 720 2114 vero
736 2059 833 2113 extra
848 2047 960 2133 politis
975 2048 1132 2114 accidunt
1146 2047 1298 2112 similiter
1318 2049 1417 2112 iidem
1431 2073 1533 2124 eonvex

265 2171 390 2217 errores
404 2154 462 2234 qui
478 2153 511 2216 in
526 2156 696 2230 convexis,
709 2154 788 2235 quia
803 2152 932 2217 idolum
952 2154 1061 2216 minus
1076 2162 1126 2217 est
1138 2173 1173 2216 re
1187 2153 1267 2229 visa,
1278 2162 1313 2217 et
1328 2163 1417 2219 recta
1429 2141 1536 2257 fn‘ffil&

265 2265 427 2339 apparent
440 2277 550 2336 curva,
560 2268 595 2323 et
611 2256 853 2322 diversificatur
867 2257 902 2320 in
918 2257 972 2320 his
987 2255 1123 2321 reflexio
1137 2257 1223 2321 sicut
1241 2258 1275 2320 in
1291 2259 1415 2321 colum·

266 2361 410 2441 naribus,
436 2362 514 2444 quia
543 2371 602 2426 aut
628 2361 666 2426 fit
696 2361 835 2426 reflexio
864 2382 885 2424 a
907 2361 1117 2444 longitudine
1139 2361 1333 2445 pyramidis,
1358 2371 1417 2426 aut

265 2465 448 2540 latitudine,
471 2477 529 2530 aut
559 2466 672 2529 medio
702 2467 813 2530 mod0.
861 2465 985 2529 Iterum
1012 2467 1044 2529 in
1070 2465 1122 2530 his
1147 2467 1254 2530 forma
1279 2479 1418 2551 apparet

264 2569 491 2653 pyramidalis.
538 2568 742 2634 Generaliter
762 2570 850 2634 enim
867 2591 981 2634 verum
1003 2580 1063 2650 est,
1078 2571 1168 2654 quod
1184 2570 1311 2653 species
1326 2591 1417 2634 com·

264 2674 424 2757 prehensa
464 2693 525 2756 per
564 2673 779 2738 reflexionem
821 2673 1023 2740 assimilatur
1064 2673 1191 2739 formae
1233 2674 1417 2758 superficiei

264 2777 399 2861 speculi.
444 2777 483 2840 In
510 2777 562 2842 his
587 2779 687 2842 etiam
718 2788 845 2860 quanto
875 2799 928 2842 res
958 2778 1065 2860 magis
1094 2780 1197 2842 distat
1227 2801 1248 2843 a
1273 2780 1418 2861 speculo,

263 2891 359 2947 tanto
382 2883 515 2946 videtur
543 2883 660 2958 minor,
686 2892 719 2946 et
749 2891 874 2966 quanto
905 2883 1012 2965 magis
1042 2883 1295 2966 appropinquat,
1322 2892 1418 2947 tanto

265 2987 370 3069 major
395 2997 545 3069 apparet.

683 3229 910 3297 caprimon
937 3231 995 3295 IV.

307 3369 398 3434 Inter
423 3370 535 3433 omnia
563 3369 698 3452 specula
729 3371 878 3436 maxima
909 3371 1064 3453 deceptio
1092 3381 1143 3435 est
1173 3371 1207 3434 in
1236 3371 1416 3456 sphaericis
1428 3387 1544 3466 equove

261 3475 435 3540 concavis:
458 3474 580 3538 accidit
596 3474 684 3540 enim
702 3474 738 3537 in
756 3474 808 3539 his
830 3475 985 3558 deceptio
1008 3475 1042 3538 in
1064 3476 1252 3558 quantitate
1274 3476 1359 3542 sicut
1382 3479 1416 3540 in
1428 3471 1567 3570 wiltu·

261 3578 343 3658 aliis,
369 3579 449 3661 quia
478 3579 679 3660 quandoque
703 3577 819 3661 major,
844 3580 1046 3662 quandoque
1075 3580 1191 3654 minor,
1215 3584 1551 3665 quandoquesivethm

261 3682 443 3765 aequaliter
454 3703 462 3760 ;
485 3691 520 3745 et
540 3692 669 3764 praeter
691 3681 756 3747 hoc
776 3683 809 3746 in
833 3702 979 3761 numero,
994 3683 1073 3765 quia
1090 3685 1292 3768 quandoque
1311 3706 1414 3750 unum
1427 3668 1529 3702 coum

260 3797 400 3871 apparet
423 3788 499 3865 duo,
518 3788 718 3870 quandoque
741 3787 813 3864 tria,
836 3788 1037 3872 quandoque
1060 3797 1213 3871 quatuor,
1232 3791 1413 3854 secundum

260 3892 409 3956 diversos
435 3890 527 3968 sitne,
551 3891 598 3953 ita
621 3891 710 3974 quod
735 3891 823 3955 hunc
848 3911 1021 3955 numerum
1049 3891 1255 3974 impossibile
1281 3904 1333 3958 est
1356 3915 1416 3958 ex·

259 3997 387 4060 cedere.
434 3994 519 4059 Item
550 3996 583 4058 iu
609 3993 661 4058 his
686 4005 824 4078 apparet
851 3995 996 4080 partium
1021 3997 1230 4072 inordinatio,
1255 3999 1334 4079 quia
1362 4018 1415 4062 res

258 4099 438 4183 aliquando
453 4109 593 4183 apparet
608 4111 725 4176 erecta,
739 4099 919 4184 aliquando
935 4120 1065 4178 eversa;
1089 4111 1123 4164 et
1138 4101 1186 4164 ita
1200 4099 1412 4165 manifestum

260 4216 310 4269 est
333 4205 425 4286 quod
449 4205 482 4266 in
504 4205 556 4268 his
578 4204 659 4268 nihil
682 4215 820 4288 apparet
843 4204 905 4267 nisi
932 4223 1008 4267 cum
1034 4202 1172 4269 fallacia.
1219 4204 1257 4266 In
1272 4205 1413 4286 speculis

258 4319 370 4372 tamen
404 4309 556 4372 concavis
584 4306 691 4372 lineae
725 4317 835 4373 rectae
865 4310 1066 4391 quandoque
1101 4319 1264 4390 apparent
1293 4319 1412 4386 rectae,

258 4414 458 4496 quandoque
469 4431 648 4490 convexae,
660 4413 861 4495 quandoque
870 4431 1056 4492 concavae;
1078 4420 1112 4476 et
1124 4411 1230 4475 lineae
1242 4431 1412 4480 convexae

290 4581 298 4610 ¹
316 4583 372 4633 The
384 4585 459 4634 word
470 4599 570 4634 convex
581 4585 605 4634 is
616 4585 681 4634 used
697 4585 761 4634 here
777 4585 840 4648 only
852 4585 882 4633 ol
890 4583 1019 4648 spherica!
1031 4582 1144 4644 mirrors,
1157 4589 1204 4633 not
1220 4583 1251 4633 ol
1261 4583 1412 4646 cylindriml

257 4677 288 4712 or
298 4663 405 4714 coarcat
438 4663 524 4714 nese
535 4679 580 4713 are
591 4665 692 4728 spoken
704 4664 733 4713 ol
740 4669 809 4714 aetra
820 4663 900 4730 polita
911 4679 942 4712 or
951 4664 1019 4712 elstra
1025 4663 1112 4726 ponta
