3542 5359
138 1330 164 1433 ς
329 1314 649 1411 FRnans
697 1316 973 1411 nocnnr
1024 1318 1273 1415 Bncon

95 1432 120 1468 q

247 1562 529 1637 ORDINIS
575 1564 891 1654 MINORUM‚
933 1568 1089 1643 OPUS
1135 1568 1343 1667 MAJUS.

725 1835 881 1861 ——00-0

579 2056 737 2132 PARS
774 2059 1035 2149 ΩΠΙΝΤΑ1

533 2268 689 2353 HUJUS
714 2269 1077 2337 PERSUASIONIS.

367 2424 422 2491 De
446 2428 598 2495 Scientia
621 2431 851 2514 Perspectiva;
874 2432 1001 2496 habens
1022 2442 1089 2495 tres
1111 2440 1239 2513 partes:

260 2566 380 2631 Prima
419 2577 470 2631 est
507 2568 551 2633 de
583 2571 815 2635 communibus
845 2572 888 2634 ad
919 2578 1065 2634 caeteras
1095 2569 1199 2645 duas3
1236 2567 1381 2632 secunda

214 2671 397 2735 descendit
418 2670 451 2735 in
470 2672 607 2754 speciali
627 2674 670 2738 ad
691 2674 853 2738 visionem
874 2685 999 2739 rectam
1020 2672 1262 2758 principaliter3
1285 2674 1382 2737 tertia

215 2776 264 2839 ad
280 2775 447 2839 visionem
465 2774 624 2840 reflexam
640 2787 674 2841 et
691 2777 838 2842 fractam.
884 2778 995 2843 Prima
1007 2797 1084 2861 pars
1094 2775 1197 2841 habet
1208 2774 1383 2841 duodecim

218 2880 467 2944 distinctiones.

575 3090 854 3157 DISTINCTIO
878 3091 1045 3169 PRIMA,

268 3242 369 3327 Quae
391 3255 444 3310 est
466 3246 510 3309 de
532 3246 788 3330 proprietatibus
810 3248 905 3312 istius
925 3246 1090 3324 scientiae,
1112 3257 1146 3311 et
1169 3248 1212 3310 de
1234 3245 1384 3329 partibus

219 3350 358 3413 animae
382 3358 418 3413 et
444 3350 579 3427 cerebri,
601 3360 636 3415 et
659 3351 886 3417 instrumentis
908 3352 1041 3416 videndi
1053 3374 1061 3429 ;
1090 3350 1216 3416 habens
1239 3350 1385 3434 quinque

220 3453 382 3537 capitula

673 3628 901 3693 Cnenunun
927 3628 953 3691 1.

487 3766 543 3831 De
564 3767 823 3851 proprietatibus
845 3766 943 3850 hujus
966 3766 1132 3833 scientiae.

272 3920 482 4005 Propositis²
499 3922 665 3986 radicibus
680 3923 862 4006 sapientiae
875 3932 946 3987 tam
959 3921 1088 3986 divinae
1100 3941 1199 4003 quarn
1212 3920 1386 3996 humanae,
1401 3938 1537 4015 ‘rugum

224 4046 315 4109 ‘1¹¹²‘
339 4035 517 4089 sumuntur
539 4046 641 4110 penes
663 4027 792 4110 linguas
814 4049 835 4091 a
858 4028 979 4109 quibus
1008 4025 1166 4090 scientiae
1189 4024 1386 4090 Latinorum
1400 4005 1525 4055 orvrsron.

258 4186 268 4216 ¹
287 4188 320 4238 ln
330 4187 364 4238 0.
373 4204 417 4237 we
426 4188 504 4247 bsve,
516 4186 591 4237 ‘Pars
600 4188 698 4249 Quinta
707 4187 784 4249 hujus
794 4188 979 4251 persuasionis,
986 4188 1084 4237 babens
1093 4202 1185 4236 novem
1196 4186 1383 4236 distinctiones.

228 4267 318 4316 Prima
333 4267 414 4315 babet
431 4266 546 4328 quinque
560 4266 679 4328 capitula.
714 4266 826 4315 Primum
843 4273 884 4315 est
901 4269 934 4315 de
951 4265 1122 4329 pulcritudine
1139 4271 1166 4313 et
1183 4266 1290 4314 utilitate
1309 4266 1386 4326 bujus

226 4348 311 4411 μιῆς
323 4346 351 4394 in
361 4342 518 4395 universali?
542 4344 583 4392 No
596 4344 740 4394 intimation
752 4346 775 4393 is
786 4346 863 4407 given
875 4345 933 4394 that
943 4345 995 4393 this
1006 4345 1029 4394 is
1041 4344 1104 4405 only
1112 4344 1157 4392 the
1170 4344 1225 4391 first
1235 4350 1293 4405 pert
1304 4343 1335 4390 of
1342 4344 1387 4393 the

224 4426 334 4475 nurse
347 4440 382 4472 on
394 4422 568 4484 Perspettive.
592 4422 649 4471 The
660 4422 774 4484 hesding
787 4424 813 4471 in
825 4424 870 4472 the
882 4430 948 4483 text,
959 4424 1006 4471 the
1017 4423 1074 4471 first
1085 4422 1143 4470 iour
1150 4421 1239 4469 words
1251 4422 1387 4484 excepted,

223 4504 247 4553 is
258 4505 314 4553 that
326 4502 358 4551 oi
367 4502 445 4563 Καρ,
458 4501 505 4549 the
518 4510 584 4549 most
596 4502 734 4563 important
744 4502 876 4565 authority
888 4502 929 4551 ior
940 4502 992 4551 this
1003 4508 1062 4564 part
1073 4500 1103 4548 oi
1112 4502 1157 4548 the
1168 4499 1249 4548 work.

256 4585 269 4618 ⁸
287 4586 346 4635 Tbe
358 4584 464 4633 version
477 4583 508 4631 oi
521 4582 566 4629 the
579 4582 731 4645 Perspertiua
747 4584 883 4645 published
894 4585 929 4646 by
940 4583 1071 4633 Combacb
1082 4581 1109 4629 in
1124 4582 1194 4643 1614,
1207 4581 1299 4642 begins
1313 4582 1387 4633 thius:

222 4668 231 4693 ¹
238 4666 359 4727 Cupiens
381 4670 410 4712 te
434 4670 462 4712 et
486 4659 553 4709 alios
575 4661 718 4724 sapientiae
743 4662 835 4724 dignos
858 4664 972 4711 excitare
995 4670 1021 4710 et
1043 4660 1181 4721 disponere
1198 4661 1231 4708 ad
1253 4660 1388 4710 scientiam

109 4828 129 4880 4
267 4762 351 4815 vot.
369 4762 411 4813 11.
801 4760 822 4809 B
