3542 5359
456 3367 632 3429 Origin
665 3365 767 3415 and

455 3448 623 3481 course
649 3432 705 3480 of

802 618 876 660 12
1249 599 1562 658 OPERIS
1608 599 1734 656 MA
1731 598 1986 669 JORJS
2036 598 2264 656 PARS
2313 598 2652 670 QUINTA.

796 762 1228 827 Aristotelem
1265 773 1333 826 et
1373 760 1783 826 Avicennam
1832 762 1898 823 in
1947 761 2111 826 libro
2153 762 2236 825 de
2265 760 2729 840 Animalibus;
2772 761 2951 825 aliud
2996 772 3098 826 est

793 869 975 950 quod
1001 868 1212 951 primo
1237 868 1624 930 immutatur
1644 887 1684 928 a
1715 867 2062 949 speciebus
2085 865 2501 944 sensibilium,
2533 876 2600 929 et
2624 867 2688 928 in
2719 886 2856 948 quo
2889 868 3099 949 magis

796 972 1294 1036 manifestantur
1317 981 1384 1036 et
1404 972 1900 1053 distinguuntur
1929 972 2347 1055 operationes
2378 991 2710 1048 sensuum,
2741 980 2809 1034 et
2840 971 2966 1035 hoc
2996 981 3098 1035 est

792 1077 1151 1141 cerebrum.
1244 1076 1420 1139 Nam
1458 1075 1636 1139 laeso
1667 1077 1887 1159 capite
1917 1075 2156 1139 accidit
2186 1074 2530 1139 manifesta
2553 1074 2755 1139 laesio
2778 1075 3096 1140 virtutum

791 1180 1270 1257 sensitivarum,
1302 1189 1369 1243 et
1401 1178 1602 1243 laesio
1632 1179 1866 1261 capitis
1897 1190 2000 1243 est
2029 1178 2218 1242 nobis
2262 1180 2472 1260 magis
2513 1178 2859 1243 manifesta
2894 1200 3097 1262 quarn

794 1285 1026 1364 cordiS,
1078 1296 1146 1348 et
1208 1284 1454 1367 pluries
1506 1284 1765 1359 accidit,
1820 1294 1887 1347 et
1949 1284 2098 1347 ideo
2159 1284 2523 1346 secundum
2585 1282 3097 1348 manifestiorem

795 1389 1388 1453 considerationem
1423 1388 1725 1471 ponimus
1755 1387 2032 1451 virtutes
2061 1388 2402 1451 sensitivas
2430 1390 2499 1450 in
2529 1389 2789 1469 capite3
2833 1399 2904 1453 et
2936 1388 3099 1453 haec

795 1503 894 1557 est
925 1493 1151 1577 opinio
1184 1492 1606 1572 medicorum,
1634 1513 1766 1556 non
1798 1491 2289 1556 aestimantium
2321 1494 2502 1574 quod
2531 1513 2572 1555 a
2603 1494 2803 1557 corde
2834 1491 2918 1556 sit
2950 1491 3097 1556 fon-

793 1597 942 1660 talis
973 1598 1158 1680 origo
1182 1599 1521 1661 virtutum.
1613 1596 1748 1661 Sed
1784 1596 2126 1662 Avicenna
2156 1598 2219 1660 in
2261 1598 2474 1680 primo
2504 1596 2691 1660 Artis
2725 1596 3098 1661 Medicinae

793 1702 970 1779 dicit,
999 1702 1180 1784 quod
1216 1702 1365 1766 licet
1395 1702 1480 1764 ad
1525 1721 1791 1765 sensum
1829 1701 2051 1784 opinio
2093 1701 2495 1765 medicorum
2543 1702 2627 1765 sit
2672 1700 3097 1778 manifestior,

795 1815 1018 1868 tamen
1064 1805 1286 1887 opinio
1328 1805 1710 1889 Philosophi
1758 1816 1860 1870 est
1907 1806 2140 1881 verior,
2170 1806 2483 1888 quoniam
2526 1825 2758 1869 omnes
2815 1806 2993 1869 nervi
3032 1818 3099 1871 et

793 1930 1001 1974 venae
1064 1921 1129 1974 et
1178 1910 1465 1976 virtutes
1520 1909 1781 1973 animae
1826 1912 2129 1974 oriuntur
2173 1931 2213 1974 a
2254 1911 2453 1975 corde
2498 1910 2712 1993 primo
2756 1919 2823 1973 et
2866 1909 3100 1992 princi·

798 2014 1049 2097 paliter,
1097 2013 1266 2078 sicut
1321 2013 1720 2079 Aristoteles
1765 2014 2167 2079 duodecimo
2220 2016 2304 2079 de
2347 2014 2774 2079 Animalibus
2825 2014 3098 2078 demon-

797 2128 982 2196 strat,
1014 2130 1080 2182 et
1113 2118 1457 2183 Avicenna
1488 2120 1687 2183 tertio
1720 2120 1806 2183 de
1839 2118 2272 2184 Animalibus.

1385 2644 1949 2711 DISTINCTIO
2012 2644 2474 2711 SECUNDA
2503 2667 2518 2724 ;

883 2832 1160 2897 Habens
1211 2833 1338 2898 tria
1398 2836 1704 2919 capitula.
1800 2837 2090 2900 Primum
2151 2846 2253 2901 est
2305 2837 2389 2899 de
2438 2835 2690 2917 origine
2749 2854 3098 2897 nervorum

793 2939 905 3018 qui
946 2940 1034 3002 ad
1077 2939 1344 3003 oculum
1388 2941 1764 3023 exiguntur.

1667 3198 2120 3263 CAPITULUM
2168 3198 2216 3263 1.

882 3348 1252 3415 Manifestis
1312 3373 1474 3437 ergo
1530 3354 1653 3434 his,
1699 3376 1781 3418 ne
1841 3356 2078 3438 aliquis
2137 3353 2482 3438 scrupulus
2541 3354 2977 3419 dubitationis
3031 3353 3096 3417 in

453 3499 537 3547 ,he
558 3499 698 3561 optio
791 3455 1224 3536 sequentibus
1254 3468 1574 3538 occurrat,
1603 3461 2086 3524 consideranda
2116 3470 2218 3524 est
2250 3458 2641 3541 compositio
2672 3459 2844 3522 oculi
2869 3456 2913 3535 ¹,
2943 3458 3098 3540 quia

449 3580 631 3612 Derves.

791 3558 931 3621 sine
977 3560 1105 3624 hoc
1157 3562 1319 3625 nihil
1369 3572 1590 3645 potest
1642 3564 1789 3629 sciri
1842 3565 1928 3628 de
1981 3565 2185 3628 modo
2232 3564 2518 3627 videndi.
2610 3562 2743 3628 Sed
2797 3572 3099 3627 auctores

790 3664 1062 3744 quidam
1111 3666 1324 3729 minus
1370 3668 1614 3745 dicunt,
1656 3669 1929 3750 quidam
1977 3668 2143 3750 plus,
2185 3677 2252 3732 et
2295 3668 2358 3730 in
2404 3667 2736 3750 aliquibus
2779 3665 3097 3731 diversifi-

791 3778 1041 3833 cantur.
1130 3770 1464 3836 Auctores
1509 3772 1682 3836 enim
1726 3773 2179 3857 perspectivae
2216 3782 2561 3836 transeunt
2596 3771 2965 3855 generalius
3012 3771 3097 3834 de

791 3871 913 3948 his,
943 3885 1397 3957 supponentes
1434 3875 1765 3941 naturales
1796 3877 2230 3961 philosophos
2272 3885 2341 3940 et
2369 3885 2674 3941 auctores
2719 3877 3098 3952 medicinae,

791 3984 1110 4057 tanquam
1151 3979 1366 4041 omnis
1406 3980 1519 4061 qui
1559 3980 1722 4062 legit
1757 3982 2313 4064 perspectivorum
2354 3979 2659 4044 scientias
2701 3980 3099 4063 praeviderit

793 4080 1086 4144 medicos
1117 4092 1184 4145 et
1216 4083 1566 4149 naturales.
1633 4085 1723 4147 Et
1749 4085 1901 4148 ideo
1931 4104 2148 4147 sermo
2179 4105 2407 4148 eorum
2433 4086 2500 4147 in
2534 4105 2605 4147 se
2636 4095 2740 4150 est
2762 4083 3098 4163 obscuruS,

856 4231 871 4259 ¹
908 4233 1035 4282 This
1057 4235 1160 4282 and
1183 4235 1272 4283 the
1295 4242 1398 4285 two
1424 4236 1692 4299 following
1726 4237 2067 4286 Distinctions
2101 4237 2216 4286 deal
2239 4238 2369 4286 with
2403 4238 2495 4287 the
2524 4246 2770 4299 anatomy
2794 4238 2854 4288 of
2881 4239 2969 4287 the
3000 4253 3099 4301 eye

791 4312 896 4360 and
931 4312 992 4362 of
1031 4313 1121 4361 the
1162 4314 1303 4375 optic
1347 4331 1548 4365 ποι-νώ.
1620 4316 1732 4364 The
1782 4316 2099 4377 description
2143 4332 2263 4379 may
2309 4316 2374 4365 be
2419 4318 2693 4379 compared
2726 4317 2853 4366 with
2898 4318 3009 4366 that
3049 4319 3107 4366 of

791 4390 1043 4452 Alhazen,
1067 4391 1151 4439 lib.
1184 4393 1214 4440 i.
1246 4408 1396 4455 prop.
1422 4410 1571 4455 4-13,
1606 4395 1797 4456 whom,
1838 4396 2103 4455 however,
2142 4395 2317 4444 Bacon
2353 4397 2446 4444 has
2482 4404 2574 4445 not
2610 4395 2853 4445 followed
2886 4397 3098 4459 blindly.

790 4468 1021 4518 Alhazen
1049 4471 1260 4520 himself
1275 4473 1505 4520 remarks
1529 4481 1582 4521 at
1605 4474 1694 4521 the
1718 4473 1823 4520 end
1846 4473 1906 4521 of
1922 4473 2004 4521 his
2029 4474 2341 4535 description
2364 4492 2377 4523 ε
2425 4480 2437 4501 ⁴
2453 4473 2623 4523 Omne
2641 4476 2779 4536 quod
2798 4475 3019 4524 diximus
3037 4477 3099 4524 de

792 4547 979 4596 tunicis
1003 4548 1135 4597 oculi
1159 4558 1213 4598 et
1237 4551 1613 4612 compositione
1640 4567 1813 4600 earum
1834 4552 1938 4613 jam
1967 4552 2278 4601 declaratum
2314 4562 2396 4602 est
2428 4554 2493 4602 ab
2525 4554 2833 4602 anatomicis
2868 4553 2919 4601 in
2955 4554 3099 4603 libris

790 4627 1113 4677 anatomiam·
