3542 5359
525 629 640 688 anns
665 628 886 688 secunus.-
924 628 1011 688 cnr.
1037 628 1076 687 x.
1317 642 1378 704 499

227 798 417 877 pyramides
447 808 524 862 sunt
551 797 724 881 longiores,
749 819 889 881 quarum
916 798 1064 862 omnium
1095 798 1184 862 basis
1215 814 1281 859 una
1315 801 1375 866 est,

227 900 352 964 scilicet
368 902 491 965 chorda
508 903 595 967 illius
611 904 781 987 portionis,
797 912 834 966 ut
849 912 943 986 patet
959 904 992 965 in
1008 902 1113 985 figura
1130 920 1189 986 per
1210 901 1375 965 decimam

229 1025 351 1067 nonam
369 1007 458 1071 tertii
476 1008 735 1089 Elementorum,
750 1028 838 1091 quae
853 1009 1002 1089 pyramis
1027 1006 1174 1070 maxime
1192 1014 1243 1068 est
1259 1003 1377 1077 activa,

228 1119 262 1172 et
296 1122 422 1192 quanto
451 1111 615 1195 longiores
645 1122 742 1178 tanto
775 1113 885 1177 minus
914 1120 1028 1196 agunt,
1055 1120 1092 1175 ut
1125 1119 1314 1193 exponetur
1343 1114 1378 1169 et

227 1215 424 1295 probabitur
444 1216 590 1281 inferius.

273 1318 336 1381 His
358 1321 490 1400 habitis,
505 1326 669 1405 optimum
693 1334 745 1387 est
767 1324 983 1397 considerare,
1000 1323 1090 1405 quod
1115 1322 1191 1384 licet
1211 1317 1378 1402 quaelibet

227 1424 355 1501 agentis
370 1445 445 1506 pars
461 1438 540 1491 nata
555 1436 606 1491 est
621 1428 841 1512 multiplicare
856 1448 892 1491 se
912 1426 1092 1509 sphaerice,
1107 1435 1220 1490 tamen
1241 1424 1284 1486 ab
1305 1419 1377 1483 aliis

229 1527 379 1606 partibus
418 1541 452 1593 et
489 1532 708 1596 exterioribus
751 1531 931 1597 obstaculis
972 1532 1086 1615 recipit
1129 1529 1377 1612 impedimenta.

231 1627 396 1709 Quoniam
417 1646 530 1699 tamen
554 1637 587 1699 in
611 1638 790 1720 sphaericis
812 1636 1006 1718 corporibus
1029 1646 1079 1699 est
1103 1632 1378 1718 impedimentum

230 1735 379 1814 regulare
398 1748 431 1802 et
451 1741 649 1818 naturaliter,
664 1753 699 1806 et
721 1742 804 1805 haec
825 1762 965 1825 corpora
988 1740 1135 1803 maxime
1158 1734 1378 1819 multiplicant

229 1839 368 1903 virtutes
384 1843 417 1905 in
434 1844 498 1908 hoc
514 1846 647 1919 mundo.
663 1857 699 1910 ut
720 1845 845 1923 stellae,
862 1857 896 1910 et
918 1846 1066 1908 maxime
1083 1844 1233 1926 judicant
1253 1841 1295 1904 de
1316 1839 1378 1902 hac

232 1943 505 2030 multiplicatione
527 1951 559 2013 in
580 1952 736 2014 omnibus
761 1972 868 2014 rerum
895 1949 1100 2023 differentiis,
1123 1958 1159 2011 ut
1185 1945 1280 2022 oculi,
1303 1944 1379 2006 ideo

227 2047 353 2129 justum
377 2063 427 2117 est
450 2055 481 2117 in
507 2055 558 2119 his
580 2057 691 2119 videre
713 2068 876 2138 quantum
900 2056 1072 2135 contingat
1095 2049 1323 2135 impedimenti
1345 2058 1380 2110 et

229 2166 391 2234 quantum
423 2179 498 2222 non.
523 2170 560 2223 ut
591 2161 687 2224 nobis
716 2160 956 2224 determinetur
981 2155 1212 2240 multiplicatio
1242 2155 1379 2216 istorum

229 2278 404 2341 corporum
428 2262 598 2327 nobilium.

276 2364 322 2427 Et
337 2368 417 2429 satis
434 2368 665 2431 convenienter
684 2368 881 2432 determinat
896 2366 1042 2448 Jacobus
1058 2362 1194 2427 Alkindi
1208 2362 1379 2425 veritatem
1392 2372 1448 2423 'Ine
1459 2390 1502 2439 ray

231 2466 329 2549 hujus
346 2471 400 2543 rei,
416 2471 527 2534 dicens
542 2473 632 2552 quod
649 2472 692 2535 ab
707 2472 797 2535 omni
815 2481 940 2554 puncto
958 2470 1105 2553 corporis
1126 2465 1286 2550 sphaerici
1302 2485 1379 2527 con·
1392 2440 1548 2555 ἓξὲζιζοκ

231 2573 316 2635 vexi.
332 2583 367 2635 ut
383 2574 468 2637 oculi
489 2573 541 2636 vel
562 2575 687 2646 stellae,
703 2576 792 2638 venit
811 2576 936 2657 species
960 2576 1089 2637 radiosa
1109 2571 1151 2634 ad
1173 2570 1285 2633 omnia
1307 2568 1380 2631 loca
1394 2572 1478 2647 1³0³?ss
1488 2582 1515 2621 1⁰

233 2678 340 2753 medii,
362 2679 405 2742 ad
434 2698 520 2760 quae
550 2698 570 2741 a
599 2680 747 2761 quolibet
775 2688 900 2761 puncto
930 2680 1011 2742 dato
1042 2678 1073 2739 in
1100 2684 1220 2759 agente
1244 2692 1380 2755 corpore
1393 2637 1498 2767 fflh,

232 2783 393 2865 contingit
416 2783 490 2846 duci
515 2782 634 2847 lineam
657 2792 790 2859 rectam,
804 2792 838 2846 et
861 2781 968 2847 solum
990 2781 1032 2844 ad
1056 2779 1112 2844 illa
1139 2778 1236 2841 medii
1259 2784 1381 2859 puncta
1393 2767 1521 2882 ffirffln

232 2887 274 2949 ad
305 2907 391 2968 quae
421 2888 526 2950 lineae
553 2898 662 2951 rectae
690 2897 829 2969 possunt
858 2908 878 2949 a
911 2896 1036 2969 puncto
1065 2882 1194 2966 agentis
1220 2878 1379 2963 sphaerici
1393 2898 1509 2948 {romine

232 3001 266 3053 et
288 2992 429 3054 convexi
452 2992 579 3055 deduci.
643 2991 743 3074 Quod
767 3001 879 3055 autern
903 2990 1006 3053 virtus
1028 2988 1231 3053 extendatur
1251 2984 1380 3047 radiosa
1391 2965 1521 3080 {ffi‘ls

231 3115 331 3178 super
346 3095 447 3158 lineas
463 3106 568 3160 rectas
583 3098 626 3161 ad
641 3097 715 3159 loca
731 3096 843 3173 medii,
854 3096 926 3177 jam

232 3211 401 3264 ostensum
424 3211 474 3264 est
496 3202 677 3266 secundum
697 3202 804 3284 ipsum
826 3211 860 3263 et
875 3222 928 3263 se·
984 3220 999 3261 e

233 3306 377 3369 cundum
409 3304 491 3370 alios
524 3315 676 3370 auctores
709 3304 928 3387 Aspectuum.

235 3408 301 3474 Sed
316 3411 406 3493 quod
423 3430 488 3473 non
505 3411 609 3493 possit
624 3411 667 3472 ad
683 3410 747 3473 alia
765 3410 838 3472 loca
854 3430 928 3491 per-

232 3514 358 3596 tingere
381 3516 507 3597 species
529 3515 657 3578 radiosa
683 3534 784 3595 quam
806 3514 848 3577 ad
873 3511 929 3575 illa

232 3617 276 3681 ad
307 3638 435 3700 quaea
464 3628 588 3701 puncto
617 3630 737 3701 agente
766 3618 929 3683 ducantur
959 3644 980 3704 9

233 3722 340 3784 lineae
355 3733 475 3798 rectae,
485 3722 549 3784 hoc
565 3724 709 3786 ostendit
722 3742 781 3803 per
794 3731 928 3784 sextam

232 3825 395 3888 decimam
419 3826 506 3889 tertii
529 3826 788 3901 Elementorum,
802 3844 930 3906 ponens

232 3929 426 4011 exemplum
450 3930 483 3991 in
507 3931 656 3993 terminis
678 3940 712 3993 et
734 3930 841 4013 figura
873 3930 929 3993 sic.

234 4030 364 4115 Corpus
390 4033 596 4115 sphaericum
622 4054 809 4099 convexum
836 4034 959 4097 faciens
987 4032 1140 4095 virtutem
1167 4040 1202 4094 et
1228 4028 1381 4112 speciem,

233 4147 271 4200 ut
294 4138 392 4201 stella
414 4138 465 4200 vel
495 4137 619 4215 oculus,
649 4138 693 4202 sit
714 4160 737 4201 a
765 4138 795 4215 b,
816 4148 850 4201 et
880 4137 967 4201 linea
996 4136 1190 4217 contingens
1220 4133 1326 4217 ipsum
1350 4131 1382 4194 in

234 4252 360 4322 puncto
379 4262 401 4303 a
420 4243 465 4306 sit
481 4242 559 4323 μή
590 4261 711 4324 corpus
732 4242 985 4306 illuminandum
1018 4241 1061 4303 sit
1090 4260 1163 4315 en;
1186 4257 1280 4300 arcus
1306 4254 1384 4298 vero

234 4345 321 4409 illius
347 4346 494 4427 corporis
523 4346 580 4426 qui
606 4356 736 4410 secatur
762 4368 782 4409 a
809 4346 895 4408 linea
918 4344 984 4427 gd
1004 4343 1046 4407 sit
1072 4342 1144 4421 ltz;
1167 4342 1246 4406 dicit
1276 4340 1384 4423 igitur,

233 4450 324 4530 quod
346 4450 390 4513 ab
408 4471 430 4511 a
449 4459 574 4532 puncto
592 4450 748 4533 possibile
766 4460 816 4514 est
837 4450 914 4513 duci
936 4448 1037 4511 lineas
1058 4457 1163 4511 rectas
1184 4446 1225 4509 ad
1249 4463 1382 4507 omnem

235 4562 395 4635 punctum
412 4553 443 4615 in
468 4573 546 4617 arcu
566 4552 626 4630 zh,
643 4563 677 4617 et
692 4564 785 4637 patet
801 4574 860 4638 per
874 4552 1069 4635 petitionem
1084 4572 1091 4629 ;
1114 4552 1171 4615 sed
1195 4548 1237 4611 ad
1259 4558 1383 4629 puncta

235 4658 268 4721 in
301 4658 443 4721 arcubus
468 4678 514 4719 ez
540 4666 574 4722 et
600 4657 655 4720 nh
681 4676 748 4722 non
774 4665 824 4721 est
853 4655 1011 4740 possibile
1041 4654 1143 4718 lineas
1173 4662 1279 4716 rectas
1309 4650 1385 4716 duci

757 4762 861 4828 xka

1114 3880 1171 3929 Fre.
1186 3892 1226 3942 93.
