3542 5359
342 617 403 678 232
558 599 713 658 OPERIS
738 599 928 670 MAJORIS
952 599 1067 657 PARS
1091 599 1290 659 SEPTIMA.

343 782 491 845 persona.
539 762 584 826 Et
607 782 682 827 cum
705 763 769 827 hoc
791 762 940 844 genitum
963 761 1086 826 habeat
1109 762 1294 845 potentiam
1323 761 1497 836 infinitam,

343 887 419 931 cum
444 866 488 929 sit
511 869 635 931 bonum
662 865 839 945 inlinitum,
861 875 974 950 potest
997 869 1180 949 producere
1203 865 1385 930 infinitum:
1416 886 1497 948 ergo

344 981 457 1055 potest
473 968 528 1032 in¹
544 970 642 1033 aliam
659 991 844 1052 personam.
890 971 963 1032 Aut
976 979 1054 1034 tunc
1070 989 1150 1053 ergo
1166 972 1305 1034 eandem
1321 990 1497 1052 personam

344 1074 495 1158 producit
521 1074 638 1151 Pater;
662 1084 696 1138 et
718 1075 780 1138 erit
802 1085 880 1139 ωηο
905 1073 1047 1157 Spiritus
1068 1075 1112 1138 ab
1133 1085 1274 1156 utroque
1295 1075 1499 1156 procedens;

343 1189 401 1243 aut
423 1178 531 1242 solum
555 1200 576 1242 a
600 1177 683 1241 Filio
712 1179 931 1262 producetur3
961 1187 995 1241 et
1022 1189 1103 1243 tunc
1128 1200 1194 1243 non
1220 1179 1374 1242 attinebit
1398 1177 1498 1257 Patri,

344 1303 403 1348 nec
425 1282 486 1346 erit
508 1283 607 1365 plena
626 1283 838 1364 germanitas,
854 1291 888 1344 et
909 1291 987 1345 tunc
1008 1303 1075 1345 ηοη
1100 1285 1163 1345 erit
1183 1282 1281 1365 plena
1300 1281 1499 1345 convenien-

344 1387 391 1451 tia
415 1386 448 1448 in
474 1386 613 1462 Divinis,
635 1386 725 1469 quod
751 1396 801 1449 est
826 1394 942 1450 contra
964 1387 1136 1451 rationem.
1181 1385 1267 1449 Item
1289 1407 1349 1449 nec
1375 1387 1499 1467 paritas

344 1492 468 1556 amoris
498 1501 609 1572 potest
635 1511 715 1564 esse,
738 1493 921 1555 secundum
943 1490 1005 1553 hoc
1024 1491 1102 1572 quia
1125 1491 1223 1554 Pater
1248 1491 1323 1573 plus
1346 1491 1500 1572 diligeret

346 1595 477 1673 Filium,
493 1614 594 1676 quam
611 1593 771 1675 Spiritum
797 1594 967 1671 Sanctum,
984 1595 1060 1676 quia
1080 1605 1218 1678 generat
1236 1595 1366 1672 Filium,
1383 1604 1417 1657 et
1434 1613 1499 1657 non

345 1699 499 1782 producit
526 1697 688 1781 Spiritum
710 1697 882 1762 Sanctum,
929 1698 997 1762 Sed
1025 1719 1099 1762 cum
1125 1697 1268 1782 Spiritus
1287 1697 1433 1762 Sanctus
1457 1698 1503 1761 sit

347 1803 449 1880 Deus,
462 1803 540 1884 quia
556 1801 657 1865 habet
673 1803 850 1866 essentiam
866 1802 1025 1880 divinam,
1038 1812 1170 1887 oportet
1184 1802 1274 1886 quod
1291 1804 1321 1865 ei
1336 1803 1502 1865 debeatur

346 1925 440 1969 amor
464 1904 630 1983 infinitus3
661 1916 694 1969 et
724 1906 799 1969 ideo
831 1904 960 1970 infinito
983 1926 1096 1969 amore
1121 1907 1218 1969 Pater
1240 1907 1366 1969 amabit
1391 1907 1500 1988 ipsum

346 2011 431 2073 sicut
473 2009 602 2072 Filium.
665 2009 710 2072 Et
755 2010 856 2072 etiam
895 2010 973 2091 quia
1009 2030 1104 2074 amor
1142 2009 1247 2074 Patris
1284 2029 1350 2073 non
1389 2018 1501 2091 potest

348 2134 421 2178 esse
445 2113 505 2176 nisi
529 2111 685 2192 infinitus,
708 2112 785 2194 quia
815 2113 888 2195 ejus
918 2134 1013 2177 amor
1034 2124 1085 2177 est
1107 2115 1290 2178 secundum
1321 2133 1416 2176 suam
1440 2135 1503 2197 po·
1558 2101 1562 2110 ’

347 2219 495 2297 tentiam,
520 2217 714 2299 relinquitur
741 2237 822 2300 ergo
843 2218 934 2300 quod
961 2226 1075 2281 tantus
1106 2218 1167 2281 erit
1196 2238 1292 2281 amor
1322 2218 1429 2281 Patris
1458 2218 1502 2281 ad

349 2320 510 2405 Spiritum
541 2319 702 2385 Sanctum
734 2320 820 2384 sicut
851 2320 927 2383 Filii
956 2322 998 2385 ad
1029 2323 1181 2385 eundern.
1226 2321 1338 2403 Quare
1367 2329 1501 2402 oportet

349 2426 439 2508 quod
462 2447 482 2489 a
506 2425 603 2488 Patre
623 2425 827 2507 producatur
848 2433 917 2488 tam
940 2424 1083 2507 Spiritus
1103 2425 1245 2490 Sanctus
1263 2447 1365 2508 quam
1389 2425 1503 2488 Filius.

350 2529 451 2612 Quod
474 2537 586 2592 autem
611 2549 678 2592 non
701 2529 766 2591 sint
789 2549 849 2592 nec
872 2530 1000 2611 possint
1023 2550 1094 2593 esse
1117 2528 1228 2612 plures
1250 2549 1412 2612 personae
1435 2550 1503 2592 ηοη

348 2644 460 2719 potest
488 2633 540 2698 hic
558 2654 618 2698 nec
636 2633 737 2698 debet
760 2633 928 2714 declarari,
951 2634 1010 2698 sed
1033 2636 1185 2717 supponi,
1206 2635 1360 2717 usquein
1383 2644 1503 2717 quarta

348 2748 442 2822 parte
480 2739 579 2821 hujus
605 2738 762 2802 scientiae
799 2739 966 2821 probetur,
1004 2738 1055 2802 cui
1095 2739 1293 2801 attribuetur
1329 2738 1503 2821 plenitudo

348 2843 578 2927 persuasionis·
624 2841 822 2906 Trinitatem
845 2862 925 2905 vero
947 2861 1172 2924 personarum,
1194 2843 1318 2907 scilicet
1339 2843 1446 2906 Patris
1468 2850 1504 2906 et

351 2948 425 3012 Filii
451 2959 485 3012 et
510 2947 652 3030 Spiritus
677 2945 793 3010 Sancti
818 2947 1039 3010 necessarium
1064 2946 1124 3010 luit
1150 2946 1203 3009 hic
1229 2947 1361 3028 probari
1384 2957 1418 3010 et
1443 2967 1504 3009 ex-

349 3053 439 3135 poni,
459 3053 537 3134 quia
556 3060 606 3114 est
630 3049 773 3114 radicale
790 3049 1045 3113 fundamentum
1069 3050 1103 3112 in
1127 3049 1189 3113 hac
1208 3051 1344 3113 scientia
1367 3060 1505 3133 propter

350 3155 475 3218 cultum
507 3153 654 3217 divinum
686 3150 925 3217 statuendum²
952 3164 985 3218 et
1011 3163 1147 3238 propter
1175 3155 1242 3218 alia
1269 3154 1384 3245 multa.
1431 3154 1504 3217 Nec

350 3267 483 3341 oportet
498 3256 634 3340 allegari
650 3257 683 3319 in
708 3258 906 3321 contrarium
928 3259 1019 3340 quod
1041 3258 1131 3321 nulla
1151 3258 1287 3322 scientia
1306 3257 1409 3321 habet
1427 3277 1505 3340 pro-

350 3362 430 3426 bare
459 3382 519 3426 sua
543 3361 711 3444 principia.
756 3361 847 3424 Nam
877 3361 942 3426 hoc
971 3362 1143 3445 quomodo
1172 3371 1223 3425 est
1253 3361 1504 3445 intelligendum

350 3465 459 3548 patuit
481 3465 643 3547 superius.
689 3464 830 3530 Caetera
852 3486 932 3529 vero
954 3486 1041 3548 quae
1062 3475 1202 3548 possunt
1225 3467 1267 3529 de
1291 3465 1367 3529 Deo
1390 3465 1504 3548 quaeri

350 3581 384 3632 et
399 3570 433 3633 in
449 3570 570 3651 quibus
585 3569 685 3634 debet
698 3590 770 3636 esse
788 3570 956 3635 dubitatio
979 3568 1168 3652 probabilis,
1184 3581 1261 3633 sunt
1279 3567 1506 3633 conclusiones

350 3673 456 3754 partis
471 3682 618 3755 quartae,
635 3683 669 3736 et
684 3674 759 3737 ideo
775 3673 821 3738 ibi
840 3674 1156 3739 determinabuntur.

396 3776 474 3839 Non
490 3775 597 3840 solum
614 3797 691 3842 vero
707 3777 809 3842 locuti
824 3787 902 3843 sunt
917 3776 1107 3861 philosophi
1123 3778 1165 3840 de
1182 3776 1256 3840 Deo
1272 3774 1434 3851 absolute,
1446 3776 1506 3840 sed

351 3883 395 3947 de
419 3880 493 3944 Deo
516 3881 686 3947 incarnato
710 3883 767 3964 qui
790 3893 842 3947 est
864 3881 1020 3945 dominus
1041 3880 1139 3962 Jesus
1163 3879 1322 3960 Christus,
1338 3889 1372 3944 et
1394 3881 1438 3943 de
1460 3881 1507 3943 eis

352 4005 439 4068 quae
469 3985 513 4049 ad
544 3985 652 4068 ipsum
683 3986 857 4070 pertinent.
903 3986 993 4048 Nam
1025 3983 1215 4067 hujusmodi
1245 3984 1400 4047 veritates
1430 3993 1508 4047 sunt

353 4089 556 4154 necessariae
578 4089 725 4155 humano
747 4090 868 4174 generi,
884 4099 918 4153 et
941 4108 1008 4152 non
1031 4098 1081 4152 est
1103 4089 1192 4152 salus
1214 4087 1338 4151 homini
1363 4087 1426 4150 nisi
1449 4108 1509 4171 per

354 4193 506 4258 notitiam
529 4193 667 4259 istarum
683 4195 871 4258 veritatum.
920 4192 966 4254 Et
983 4192 1059 4254 ideo
1079 4191 1227 4275 oportuit
1246 4192 1336 4273 quod
1353 4191 1509 4255 omnibus

352 4295 516 4360 salvandis
532 4319 552 4362 a
567 4297 731 4380 principio
747 4297 861 4361 mundi
877 4305 990 4359 essent
1005 4294 1196 4378 hujusmodi
1215 4295 1373 4358 veritates
1398 4307 1507 4370 notae,

352 4411 515 4483 quantum
532 4401 651 4465 sufficit
667 4400 775 4464 saluti.
822 4399 897 4464 Hoc
918 4398 994 4463 dico
1016 4409 1151 4482 propter
1170 4398 1234 4461 hoc
1255 4399 1345 4480 quod
1368 4399 1506 4481 quidam

384 4619 393 4648 ¹
409 4621 446 4680 in,
457 4637 508 4670 om.
522 4621 557 4672 Μ.
1050 4618 1060 4647 ¹
1076 4621 1249 4680 statuendum,
1261 4635 1311 4669 orn.
1324 4619 1356 4668 D.
1368 4625 1396 4668 et
1407 4621 1440 4670 0.
