3542 5359
386 595 447 656 228
600 597 757 656 OPERIS
781 597 971 666 MAJORIS
997 597 1111 655 PARS
1136 597 1332 655 SEPTIMA.

385 760 464 825 tatis
490 771 650 842 tanquam
675 759 767 822 Deus
793 758 968 837 humanus,
990 767 1027 823 ut
1049 758 1131 822 dicit
1154 757 1326 822 Avicenna
1350 758 1384 821 in
1410 758 1544 821 decimo

386 864 646 947 Metaphysicae,
664 883 763 945 quem
780 863 855 926 licet
870 864 1009 927 adorare
1023 874 1100 946 post
1117 864 1237 927 Deum.

216 974 358 1025 Transitton
430 968 476 1033 Et
498 989 556 1050 per
575 968 657 1031 haec
679 968 890 1036 continuatur
913 967 1145 1049 Metaphysica
1165 988 1240 1031 cum
1260 965 1402 1029 Morali¹
1428 965 1540 1028 Philo-

216 1040 370 1170 stffyf'ffla'
384 1073 510 1156 sophia,
522 1081 556 1136 et
569 1072 738 1136 descendit
752 1071 785 1133 in
801 1091 875 1134 eam
892 1073 977 1135 sicut
994 1073 1026 1134 in
1042 1070 1140 1134 finem
1154 1092 1259 1146 suum,
1269 1072 1354 1134 sicut
1369 1070 1541 1134 Avicenna

215 1121 297 1223 ithic.
384 1178 494 1260 pulcre
525 1176 699 1258 conjungit
726 1196 782 1239 eas
810 1176 842 1237 in
874 1174 939 1238 line
964 1172 1247 1258 Metaphysicae².
1293 1173 1435 1237 Caetera
1459 1195 1539 1238 vero

382 1291 460 1344 sunt
476 1281 607 1363 propria
632 1281 726 1342 istius
748 1279 907 1344 scientiae
929 1300 988 1343 nec
1010 1289 1088 1343 sunt
1111 1281 1145 1342 in
1169 1279 1408 1361 Metaphysicis
1431 1278 1540 1361 expli-

382 1385 498 1463 canda,
513 1385 665 1465 quamvis
682 1383 852 1447 Avicenna
874 1383 970 1465 plura
992 1384 1105 1446 addat.
1159 1382 1226 1447 Sed
1250 1384 1283 1446 in
1306 1382 1464 1465 principio
1487 1382 1538 1444 sui

381 1488 559 1551 voluminis
575 1489 634 1552 dat
650 1508 782 1551 causam
800 1487 899 1569 hujus
918 1488 1007 1570 quod
1029 1508 1095 1550 non
1112 1488 1233 1551 lecerat
1255 1487 1414 1550 moralem
1430 1486 1537 1569 philo-

381 1593 532 1673 sophiam
549 1602 581 1655 et
602 1592 738 1655 nescivit
755 1612 797 1654 an
814 1591 997 1675 compleret
1013 1612 1108 1670 eam;
1131 1602 1165 1655 et
1189 1592 1265 1654 ideo
1288 1591 1382 1672 plura
1404 1590 1538 1654 miscuit

380 1715 454 1759 curn
471 1695 522 1760 his
537 1716 623 1777 quae
638 1706 750 1759 tamen
768 1705 845 1760 sunt
862 1696 996 1778 propria
1012 1695 1128 1759 morali
1145 1695 1374 1779 philosophiae
1390 1703 1426 1757 ut
1442 1703 1537 1775 patet

379 1799 563 1882 inquirenti.
626 1799 672 1862 Et
703 1800 753 1863 his
788 1801 1004 1864 consideratis
1039 1811 1119 1864 tunc
1148 1800 1248 1863 debet
1281 1798 1470 1881 Legislator
1501 1799 1535 1862 in

380 1904 539 1986 principio
569 1905 767 1968 descendere
798 1907 840 1968 ad
867 1904 1086 1987 proprietates
1117 1904 1181 1968 Dei
1213 1905 1245 1967 in
1277 1903 1476 1986 particulari,
1500 1913 1535 1966 et

380 2007 596 2091 Angelorum,
612 2017 645 2072 et
661 2009 704 2071 ad
724 2007 915 2073 felicitatem
937 2009 1071 2073 alterius
1085 2009 1171 2072 vitae
1190 2029 1228 2073 ac
1250 2008 1415 2071 miseriam
1437 2018 1470 2071 et
1489 2009 1534 2070 ad

377 2110 661 2176 immortalitatem
678 2132 851 2194 corporum
872 2122 948 2195 post
967 2114 1237 2176 resurrectionem
1249 2111 1271 2189 ³,
1287 2121 1320 2175 et
1341 2111 1533 2194 hujusmodi

377 2216 525 2298 adquae
548 2215 798 2297 Metaphysicus
821 2237 885 2279 non
910 2218 1019 2298 potuit
1042 2218 1195 2299 aspirare.
1240 2216 1329 2279 Nam
1345 2216 1415 2298 ipse
1430 2237 1532 2299 nego-

378 2319 477 2384 tiatur
497 2320 529 2382 in
546 2321 701 2384 omnibus
716 2319 786 2382 istis
803 2320 1027 2402 principaliter
1041 2323 1084 2384 de
1099 2321 1292 2404 quaestione
1306 2342 1347 2384 an
1365 2320 1408 2384 sit
1421 2344 1430 2395 3
1452 2321 1533 2402 quia

376 2423 447 2505 ejus
471 2425 641 2508 proprium
669 2433 718 2488 est
744 2425 973 2506 quaestionem
1001 2426 1085 2488 hanc
1110 2425 1275 2490 declarare
1301 2425 1345 2488 de
1368 2425 1532 2499 omnibus,

376 2548 415 2590 eo
431 2529 521 2609 quod
536 2529 721 2591 consideret
737 2549 794 2590 ens
809 2539 843 2593 et
857 2549 930 2592 esse
948 2529 981 2591 in
996 2549 1057 2592 sua
1069 2530 1316 2592 communitate.
1362 2527 1429 2592 Sed
1445 2527 1532 2592 aliae

374 2632 531 2696 scientiae
546 2633 750 2696 descendunt
764 2634 805 2696 ad
823 2643 970 2697 caeteras
985 2635 1196 2716 quaestiones
1212 2634 1245 2696 in
1262 2633 1380 2696 rebus:
1403 2632 1530 2700 scilicet

373 2739 453 2820 quid
479 2749 529 2801 est
554 2739 804 2820 unumquidque
831 2748 865 2802 et
888 2737 987 2821 quale
1013 2748 1047 2802 et
1075 2750 1247 2821 quantum,
1269 2748 1302 2802 et
1326 2736 1530 2820 hujusmodi,

372 2843 554 2906 secundum
584 2842 701 2904 decern
733 2843 989 2926 predicamenta.
1036 2843 1113 2906 Non
1147 2851 1258 2904 tamen
1288 2844 1389 2907 debet
1421 2842 1527 2925 philo-

372 2946 497 3027 sophus
521 2946 654 3009 moralis
673 2947 784 3010 omnia
803 2957 929 3010 secreta
952 2947 1017 3010 Dei
1041 2957 1075 3010 et
1099 2945 1306 3029 Angelorum
1331 2957 1365 3009 et
1385 2945 1527 3010 aliorum

372 3049 557 3132 explicare3
580 3051 638 3112 sed
660 3070 698 3113 ea
717 3070 803 3132 quae
824 3053 1008 3116 necessaria
1026 3059 1103 3114 sunt
1127 3051 1327 3114 multitudini
1351 3050 1383 3112 in
1406 3051 1527 3131 quibus

370 3154 544 3216 convenire
559 3152 683 3217 habent
698 3174 823 3228 omnes,
841 3175 883 3218 ne
898 3156 1020 3219 cedant
1037 3154 1068 3217 in
1088 3155 1297 3238 quaestiones
1315 3165 1349 3218 et
1364 3152 1526 3234 haereses,

371 3265 408 3318 ut
423 3257 521 3320 docet
537 3256 711 3320 Avicenna
727 3257 760 3320 in
776 3259 943 3322 radicibus
961 3257 1098 3321 Moralis
1116 3257 1358 3341 Philosophiae.

201 3363 357 3430 TheTrinity
414 3358 500 3423 Dico
531 3360 629 3443 igitur
656 3362 744 3442 quod
772 3360 910 3426 Moralis
936 3362 1149 3446 Philosophia
1176 3363 1283 3443 primo
1308 3360 1455 3443 explicat
1481 3364 1526 3426 de

200 3431 356 3546 {effi‘fflssl
369 3462 444 3526 Deo
468 3463 675 3534 Trinitatem,
693 3484 794 3547 quarn
818 3467 993 3530 veritatem
1018 3467 1119 3530 habet
1144 3465 1329 3547 Legislator
1351 3486 1410 3549 per
1432 3486 1524 3529 reve-

200 3561 322 3613 0sM⁰r²l
369 3566 524 3630 lationem
556 3569 662 3650 magis
692 3589 793 3651 quam
827 3592 887 3654 per
913 3572 1087 3635 rationem.
1142 3571 1244 3633 Ratio
1271 3569 1404 3651 quidem
1434 3571 1523 3633 unde

199 3626 288 3758 falli}
368 3671 555 3754 philosophi
584 3671 690 3738 multa
716 3674 818 3739 locuti
845 3685 923 3740 sunt
950 3676 993 3740 de
1016 3675 1136 3738 divinis
1162 3674 1196 3736 in
1224 3672 1411 3756 particulari
1436 3694 1521 3755 quae

399 3831 407 3859 ¹
425 3835 571 3894 moralibus,
585 3835 620 3885 M.

398 3911 408 3940 ’
424 3913 480 3962 The
498 3915 553 3963 first
573 3915 632 3975 and,
650 3931 680 3965 as
698 3916 736 3965 l'ar
752 3933 781 3966 as
799 3917 810 3966 1
829 3917 918 3976 know,
936 3917 981 3965 the
1002 3916 1064 3978 only
1082 3916 1185 3978 printed
1205 3915 1301 3964 edition
1321 3914 1351 3963 oi
1363 3914 1519 3964 Avieenna’s

365 3991 536 4056 Metaphysics,
551 3993 640 4043 isthat
659 3994 689 4043 ol
698 3993 803 4059 Venice,
821 3998 892 4058 1498.
928 3995 952 4043 lt
967 3995 990 4043 is
1008 3995 1034 4043 in
1052 4001 1096 4042 ten
1112 3994 1203 4056 books,
1215 3993 1247 4042 ol
1258 3993 1346 4042 which
1357 3994 1402 4041 the
1418 3993 1516 4054 eighth,

365 4071 439 4119 ninth
455 4073 507 4120 and
524 4071 598 4120 tenth
610 4072 667 4121 deal
683 4073 747 4121 with
759 4075 895 4135 questions
907 4073 938 4122 os
945 4073 1026 4122 moral
1038 4073 1203 4135 philosophy,
1217 4087 1246 4120 as
1258 4071 1347 4120 Bacou
1359 4072 1518 4120 understood

364 4155 407 4202 the
418 4155 500 4202 word.
532 4154 651 4214 Mehren,
664 4155 689 4204 in
703 4156 743 4204 his
756 4156 864 4204 memoir
875 4171 908 4204 on
923 4156 962 4204 La
969 4155 1123 4219 philosophie
1133 4152 1283 4202 d'Am'cmne
1293 4153 1430 4215 (Louvain,
1442 4154 1516 4216 1⁸82)

363 4233 478 4280 remarks
496 4233 551 4281 that
563 4233 615 4281 ‘La
626 4233 756 4295 theologie
766 4249 801 4282 ou
814 4233 839 4282 la
855 4234 1021 4296 philosophie
1037 4233 1196 4295 speculative
1212 4230 1372 4281 d'Aviceune
1387 4239 1450 4292 peut
1461 4238 1518 4281 etre

362 4309 486 4370 designee
494 4325 593 4360 comme
600 4326 634 4359 un
644 4312 918 4372 deismespiritualiste
930 4313 995 4360 dont
1003 4312 1113 4360 l’auteur
1123 4327 1153 4360 se
1165 4311 1231 4359 tient
1243 4317 1391 4371 nutantque
1402 4309 1517 4372 possible

361 4403 393 4436 au
406 4389 506 4437 dedans
517 4389 551 4437 du
564 4389 683 4438 domnine
700 4390 733 4439 de
744 4390 847 4440 l'lslam.
860 4426 866 4438 .
880 4427 886 4439 .
899 4427 906 4440 .
921 4389 988 4438 Bien
1000 4389 1061 4451 qu'il
1076 4390 1113 4439 ait
1129 4394 1172 4439 ete
1188 4405 1303 4438 reconnu
1318 4392 1395 4450 apres
1406 4404 1436 4437 sa
1450 4395 1517 4437 mort

361 4481 459 4514 comme
471 4466 579 4528 disciple
597 4467 630 4515 de
645 4465 746 4528 l'lslam,
759 4483 802 4516 ses
818 4467 895 4517 ecrits
913 4475 958 4516 ont
972 4469 1165 4528 generalement
1180 4472 1223 4518 ete
1238 4468 1343 4516 estimes
1360 4467 1516 4528 hereuques.

360 4542 431 4592 C’est
442 4545 568 4606 pourquoi
580 4545 631 4593 l'on
644 4544 706 4594 s'est
718 4545 814 4594 efforce
826 4546 858 4594 de
869 4546 909 4595 les
920 4545 1048 4614 detmire!

392 4619 402 4649 ⁸
419 4627 478 4684 post
490 4623 714 4685 resurrectionem,
727 4639 777 4672 om.
792 4621 825 4672 ld.
