3542 5359
403 608 464 670 450
669 582 1005 652 nutrieticnrro
1029 579 1285 652 SPEcJERUM.

236 761 363 840 actioan
404 757 586 838 corporalia
612 767 751 838 possunt
774 756 941 839 complere
963 775 1039 820 suas
1067 757 1193 838 species
1215 757 1247 819 in
1269 756 1473 840 patientibus
1495 777 1556 818 ex-

235 843 329 943 {ffif
340 841 384 944 ξω
404 862 552 924 trinsecis
567 882 651 943 quae
668 863 711 926 ab
727 862 773 924 eis
790 871 982 944 tanguntur,
999 870 1037 923 ut
1057 861 1178 924 tollant
1198 871 1349 926 naturam
1367 860 1555 944 specificam

234 966 342 1074 “Jssf'm·
403 966 569 1046 patientis,
585 978 619 1030 et
642 966 765 1029 iaciant
788 965 924 1029 effectus
947 966 1131 1047 completos
1149 964 1274 1030 similes
1294 966 1342 1030 eis
1364 967 1499 1028 nomine
1520 975 1555 1028 et

234 1040 338 1088 peron.
403 1069 605 1134 delinitione.
653 1071 698 1133 Et
721 1071 843 1133 seimus
866 1071 956 1151 quod
981 1069 1024 1131 de
1046 1070 1294 1152 complemento
1314 1069 1458 1133 universi
1476 1079 1554 1132 sunt

401 1176 600 1256 generabilia
621 1185 654 1238 et
669 1174 904 1255 corruptibilia.
950 1172 987 1236 Si
1008 1175 1097 1237 enim
1115 1175 1225 1237 omnia
1248 1183 1357 1238 esse'nt
1382 1175 1553 1255 ingenera-

401 1277 480 1342 bilia
495 1289 529 1343 et
551 1279 819 1361 incorruptibilia,
833 1299 900 1341 non
926 1289 1035 1341 essent
1056 1279 1117 1340 nisi
1139 1271 1298 1361 sphaerae
1314 1280 1553 1342 elementorum

400 1392 435 1446 et
450 1384 607 1448 coelestia
623 1394 657 1446 et
673 1383 858 1448 substantia
874 1382 1061 1464 spiritualis,
1077 1393 1111 1444 et
1128 1383 1174 1446 ita
1190 1385 1301 1446 omnia
1317 1383 1382 1446 alia
1401 1385 1553 1446 deessent

401 1488 535 1565 mundo,
566 1488 659 1570 quod
696 1489 930 1550 inconveniens
968 1497 1064 1550 esset.
1125 1485 1193 1550 Sed
1223 1507 1299 1551 curn
1331 1489 1473 1550 mundus
1509 1486 1553 1549 sit

400 1592 590 1671 sphaericae
618 1592 745 1675 figurae
777 1601 913 1674 propter
943 1591 1087 1655 rationes
1125 1592 1283 1675 proprias,
1314 1613 1400 1674 quae
1433 1599 1551 1675 postea

399 1696 605 1759 inducendae
621 1706 697 1760 sunt
708 1716 770 1758 suo
786 1695 871 1774 loc0‚
883 1715 969 1759 nunc
985 1717 1050 1759 una
1066 1708 1116 1760 est
1132 1697 1314 1761 necessaria
1326 1697 1368 1760 ad
1386 1715 1550 1780 praesens,

336 1815 339 1820 ·
395 1799 551 1864 videlicet
580 1801 670 1882 quod
701 1800 891 1883 sphaericae
915 1799 1040 1881 figurae
1062 1821 1135 1865 esse
1154 1801 1267 1877 debet,
1294 1811 1331 1864 ut
1357 1800 1505 1882 undique
1530 1819 1551 1863 e

396 1904 545 1987 partibus
577 1905 738 1987 sphaerae
769 1903 940 1969 confluant
969 1906 1109 1968 virtutes
1136 1905 1303 1969 coelorum
1335 1905 1368 1968 in
1397 1915 1546 1970 centrum

396 2008 493 2088 hujus
522 2009 680 2091 sphaerae
709 2010 799 2090 quod
830 2018 882 2072 est
913 2007 1005 2072 locus
1035 2009 1264 2091 generationis.
1311 2008 1357 2073 Et
1388 2009 1470 2073 haec
1496 2018 1548 2072 est

393 2122 490 2191 terra,
504 2134 590 2195 quae
605 2122 655 2178 est
671 2113 763 2176 locus
780 2113 951 2176 mixtionis
972 2123 1006 2176 et
1021 2115 1244 2195 generationis
1263 2125 1297 2178 et
1319 2115 1547 2197 corruptionis

228 2225 382 2276 Themotors
440 2217 485 2282 Et
508 2219 584 2282 ideo
604 2219 782 2300 superiora,
797 2229 834 2280 ut
857 2217 1021 2296 coelestia,
1036 2229 1114 2281 sunt
1137 2218 1371 2300 ingenerabilia
1388 2226 1421 2282 et
1442 2219 1547 2281 incor-

227 2292 306 2341 ofthe
394 2321 562 2403 ruptibiiia
595 2322 776 2384 secundum
808 2321 959 2384 ordinem
993 2321 1143 2400 universi,
1178 2331 1211 2385 et
1241 2323 1318 2403 quia
1351 2323 1548 2385 continuant

226 2357 329 2407 heavenl

225 2376 381 2539 sphemylot
393 2427 639 2506 generationem
663 2436 696 2489 et
720 2427 967 2507 corruptionem
995 2425 1027 2488 in
1053 2426 1104 2488 his
1134 2425 1348 2490 inferioribus.
1402 2426 1547 2509 Quando

336 2441 351 2472 n

225 2491 372 2605 fflffb‘
391 2549 470 2591 vero
497 2539 630 2613 oportet
651 2530 742 2611 quod
769 2540 965 2592 moveantur
987 2541 1124 2611 propter
1139 2532 1392 2611 generationem
1419 2541 1453 2594 ct
1474 2551 1547 2594 cor·

224 2621 331 2685 change.
392 2634 589 2716 ruptionem,
620 2634 699 2715 quia
732 2643 840 2697 motus
873 2633 1009 2697 adducit
1044 2653 1214 2716 generans,
1249 2636 1281 2698 id
1315 2644 1375 2711 est,
1404 2635 1546 2712 stellam,

392 2746 429 2800 ut
444 2737 643 2802 Aristoteles
665 2739 745 2801 dicit
766 2738 799 2801 in
817 2737 882 2801 fine
902 2739 945 2802 de
961 2737 1192 2818 Generatione,
1207 2748 1240 2802 et
1262 2739 1488 2822 exemplificat
1509 2739 1543 2802 in

390 2842 528 2924 obliquo
540 2843 662 2906 circulo
677 2841 765 2922 solis,
778 2843 810 2904 in
825 2862 894 2924 quo
911 2852 1062 2906 movetur
1074 2863 1132 2924 per
1143 2862 1312 2907 accessum
1329 2853 1363 2907 et
1379 2863 1543 2908 recessum

392 2957 542 3031 respectu
569 2946 741 3011 climatum
766 2959 800 3011 et
828 2947 1011 3028 regionum,
1037 2947 1113 3010 ideo
1139 2957 1273 3028 oportet
1299 2947 1369 3012 dari
1394 2958 1542 3013 motores

391 3053 563 3116 continuos
584 3061 735 3116 motuum
757 3050 962 3114 coelestium.
1010 3049 1077 3115 Sed
1102 3071 1177 3114 cum
1201 3052 1254 3116 hic
1277 3061 1388 3116 motus
1409 3073 1475 3117 non
1499 3055 1541 3118 sit

390 3157 556 3234 naturalis,
572 3157 718 3238 eoquod
739 3166 874 3219 nonest
895 3177 915 3220 a
937 3157 1102 3219 contrario
1125 3157 1157 3218 in
1179 3158 1390 3234 contrarium,
1405 3170 1542 3239 propter

389 3260 651 3324 uniformitatem
677 3261 813 3324 orientis
837 3269 873 3324 et
900 3261 1082 3323 occidentis
1108 3270 1141 3323 et
1167 3268 1371 3324 caeterarum
1396 3262 1539 3345 partium

388 3363 471 3427 coeli
495 3365 528 3426 in
550 3364 670 3445 quibus
694 3384 760 3427 non
782 3375 834 3428 est
857 3366 1083 3443 contrarietas,
1104 3361 1237 3446 opo'rtet
1260 3367 1351 3446 quod
1374 3365 1408 3428 hi
1432 3375 1541 3430 motus

388 3469 453 3531 sint
475 3468 660 3546 voluntarii,
683 3479 717 3531 et
741 3469 816 3532 ideo
843 3490 862 3532 a
889 3469 1084 3531 substantiis
1110 3469 1310 3532 habentibus
1332 3469 1539 3533 voluntatem

387 3571 439 3634 vel
467 3574 639 3652 rationem,
666 3572 852 3655 cujusmodi
882 3582 961 3635 sunt
988 3572 1236 3656 intelligentiae.
1284 3573 1423 3656 Propter
1448 3575 1538 3656 quod

387 3687 519 3758 oportet
534 3679 625 3760 quod
646 3677 883 3760 intelligentiae
903 3688 1057 3741 moveant
1081 3677 1177 3741 orbes
1197 3687 1231 3741 et
1250 3677 1384 3752 stellas3
1407 3690 1441 3741 et
1461 3680 1539 3760 quia

386 3801 485 3844 omne
517 3800 654 3846 movens
684 3782 828 3844 nobilius
857 3791 908 3844 est
935 3792 1037 3860 mot0‚
1063 3791 1195 3863 oportet
1225 3783 1315 3863 quod
1347 3782 1538 3864 hujusmodi

387 3897 532 3950 motores
562 3887 627 3949 sint
659 3885 922 3968 incorruptibiles
960 3895 993 3948 et
1033 3885 1279 3969 ingenerabiles‚
1316 3886 1468 3968 quamvis
1504 3896 1539 3951 et

385 3990 530 4054 rationes
552 3989 634 4053 aliae
657 3991 724 4052 sint
746 3989 789 4052 ad
813 3989 902 4052 idem
926 3999 960 4052 et
982 3999 1113 4053 caetera
1137 4010 1223 4055 nunc
1246 3999 1344 4054 tacta

115 4129 121 4140 ·
216 4101 350 4151 Actionor
429 4092 499 4157 Sed
513 4103 645 4156 transeo
665 4093 707 4155 ad
730 4113 770 4156 ea
790 4112 877 4173 quae
899 4103 976 4156 sunt
1000 4094 1133 4176 propria
1155 4094 1198 4156 ad
1223 4093 1256 4156 id
1276 4095 1367 4176 quod
1388 4095 1537 4171 intendo,

214 4167 333 4282 {lma
383 4195 508 4261 scilicet
526 4199 569 4260 ad
584 4197 764 4260 videndum
785 4217 872 4278 quae
892 4199 1027 4278 agentia
1050 4208 1189 4280 possunt
1210 4198 1376 4279 complere
1400 4198 1537 4261 effectus

214 4299 264 4347 and
277 4301 369 4364 especi-
383 4311 417 4364 et
439 4321 526 4382 quae
548 4321 623 4364 non.
671 4301 716 4362 Et
739 4309 832 4384 patet
854 4303 944 4382 quod
968 4312 1110 4383 quatuor
1129 4301 1292 4365 elementa
1312 4311 1452 4383 possunt
1472 4302 1537 4365 hoc

213 4364 360 4479 hlzsslgoe
382 4405 497 4468 iacere.
544 4404 745 4468 Aristoteles
767 4405 854 4467 enim
878 4405 958 4468 dicit
976 4405 1060 4468 libro
1078 4406 1428 4488 Meteorologicorum‚
1443 4407 1535 4489 quod

213 4503 242 4543 ¹⁰
252 4496 363 4562 comple·
382 4529 469 4590 aqua
485 4508 654 4572 multoties
669 4509 830 4572 convertit
847 4527 958 4571 aerem
976 4511 1007 4571 in
1024 4529 1068 4588 se,
1085 4520 1118 4573 et
1134 4531 1152 4572 e
1168 4512 1334 4573 contrario
1349 4532 1355 4588 ;
1378 4519 1412 4572 et
1428 4514 1536 4591 quod·

212 4570 272 4612 Μ
382 4610 463 4675 libet
481 4621 592 4694 potest
617 4609 687 4675 fieri
712 4633 756 4675 ex
782 4611 941 4694 quolibet,
969 4622 1005 4676 ut
1030 4613 1101 4677 vult
1130 4613 1214 4678 libro
1235 4614 1277 4676 de
1302 4612 1536 4680 Generatione.
