3542 5359
370 613 413 672 94
598 595 752 654 OPERIS
777 593 965 663 MAJORIS
989 592 1104 651 PARS
1129 590 1300 664 QUINTA.

417 765 486 832 Sed
504 766 590 830 inter
609 765 722 830 omnia
740 785 817 848 pars
835 764 892 829 illa
914 763 1097 828 certissima
1111 761 1244 827 videtur
1263 763 1306 826 ad
1328 781 1428 845 quam
1446 782 1521 827 cum

370 873 588 934 terminantur
610 891 693 936 axes
714 879 766 934 est
787 872 915 954 species
937 868 1070 951 propria
1087 867 1117 931 ei
1140 866 1427 950 perpendicularis,
1444 886 1523 930 nam

771 984 849 1038 tunc
872 983 923 1038 est
945 971 1072 1054 duplex
1094 971 1264 1035 fortitudo.
1319 971 1364 1034 Et
1388 980 1523 1053 propter

771 1080 834 1144 hoc
863 1100 886 1142 a
910 1079 1040 1142 videtur
1068 1076 1184 1140 lortius
1213 1096 1273 1159 per
1303 1097 1396 1154 axes,
1421 1097 1522 1159 quam

770 1193 843 1248 cet
865 1183 893 1262 b,
912 1201 989 1246 nam
1016 1182 1145 1264 species
1171 1181 1261 1244 visus
1292 1179 1395 1265 ipsius
1424 1201 1446 1244 a
1473 1191 1523 1245 est

772 1286 1052 1372 perpendicularis
1082 1305 1181 1367 super
1208 1285 1326 1368 ipsum,
1356 1293 1393 1348 ut
1420 1294 1523 1369 patet,

772 1411 837 1456 non
862 1393 909 1455 sic
935 1391 1127 1474 superbet
1148 1400 1237 1454 cest
1259 1389 1386 1473 species
1408 1409 1523 1453 eorum

770 1495 1051 1580 perpendicularis
1073 1494 1199 1578 species
1221 1494 1309 1557 enirn
1331 1494 1350 1557 b
1367 1501 1402 1556 et
1416 1515 1434 1556 c
1447 1503 1523 1556 sunt

772 1599 1061 1685 perpendiculares
1083 1619 1183 1680 super
1206 1598 1349 1672 oculum,
1371 1597 1430 1660 sed
1456 1618 1522 1662 non

377 1712 396 1778 b
552 1739 575 1781 a
725 1742 741 1784 0
771 1725 872 1787 super
898 1725 935 1768 se
961 1705 1062 1787 ipsas.
1118 1703 1255 1787 Species
1281 1711 1394 1765 autern
1420 1703 1523 1785 ipsius

503 1831 562 1881 Fre.
575 1845 614 1897 39·
772 1833 794 1876 a
825 1819 876 1874 est
907 1807 1187 1893 perpendicularis
1219 1827 1318 1892 super
1348 1807 1455 1890 ipsum
1488 1816 1522 1870 et

776 1935 874 1999 super
889 1914 1031 1979 oculum.

797 2280 1023 2347 Carrruauu
1049 2280 1093 2344 11.

415 2469 454 2532 In
471 2490 538 2552 quo
561 2471 747 2534 ostenditur
767 2470 897 2535 duobus
914 2471 1052 2535 diversis
1070 2469 1316 2553 experimentis
1332 2479 1366 2533 et
1387 2463 1522 2532 diversis

370 2570 629 2654 figurationibus,
645 2577 815 2658 quomodo
832 2596 932 2638 unum
949 2577 1101 2639 videatur
1116 2576 1184 2639 duo
1196 2572 1217 2635 ¹.

200 2786 302 2850 Expen-
415 2781 484 2847 Sed
507 2803 574 2847 non
599 2781 705 2847 solum
728 2793 866 2867 propter
888 2803 1005 2847 causas
1026 2783 1058 2846 in
1082 2782 1291 2865 praecedenti
1314 2783 1523 2847 distinctione

199 2861 324 2966 meon
370 2897 569 2951 memoratas
590 2886 721 2951 videtur
741 2908 843 2950 unum
868 2889 943 2962 duo,
958 2886 1016 2952 sed
1038 2897 1176 2970 propter
1196 2887 1318 2952 multas
1339 2887 1431 2952 alias.
1478 2886 1523 2950 Et

201 2998 322 3108 ffissm
369 2989 570 3074 frequentius
600 2998 634 3055 et
660 2991 842 3056 evidentius
868 2992 990 3056 accidit
1020 2991 1102 3054 haec
1129 2992 1240 3074 passio
1270 3012 1313 3054 ex
1338 2991 1402 3055 hoc
1432 2991 1523 3073 quod

199 3129 255 3162 sure
269 3129 301 3163 on
313 3115 355 3164 the
369 3095 483 3158 oculus
508 3095 593 3158 alter
609 3093 662 3157 vel
689 3105 828 3178 uterque
854 3107 1029 3160 moveatur
1055 3118 1075 3159 a
1101 3096 1166 3158 situ
1191 3116 1261 3172 suo,
1281 3095 1366 3158 sicut
1389 3095 1523 3177 quando

199 3179 314 3308 {¹¹:2²³ng
369 3197 471 3261 homo
503 3198 607 3281 gratis
638 3199 777 3262 revolvit
808 3199 949 3264 alterum
980 3199 1151 3264 oculorum
1176 3219 1195 3260 a
1221 3199 1287 3262 situ
1314 3197 1438 3273 debit0,
1465 3206 1524 3261 aut

201 3311 240 3372 (π)
260 3312 300 3358 nn
312 3311 357 3358 ors
370 3302 505 3383 quando
520 3303 680 3385 supponit
697 3303 837 3386 digitum
855 3304 962 3381 oculu,
971 3313 1004 3368 et
1020 3303 1115 3387 pellit
1130 3324 1237 3367 cuma
1249 3303 1313 3366 situ
1326 3323 1396 3366 suo.
1433 3303 1523 3366 Nam

196 3375 356 3490 ffiffiffi
371 3415 449 3469 tunc
464 3406 551 3469 duae
567 3407 693 3488 species
708 3409 844 3470 veniunt
865 3409 907 3472 ad
930 3407 1003 3472 loca
1025 3409 1153 3472 diversa
1176 3409 1208 3471 in
1231 3428 1332 3471 nervo
1348 3407 1524 3488 communi,

198 3507 246 3620 {¹22
248 3507 322 3611 point
331 3505 361 3555 of
371 3519 404 3572 et
427 3517 568 3594 apparet
591 3531 656 3573 una
679 3532 730 3574 res
751 3512 845 3574 duae.
892 3511 937 3575 Et
958 3513 1122 3594 contingit
1142 3511 1229 3595 quod
1251 3511 1353 3575 unirm
1374 3512 1525 3576 videatur

199 3653 318 3702 vergenoe
369 3613 436 3676 duo
451 3616 632 3679 secundum
649 3635 804 3699 magnam
821 3615 1065 3698 elongationem
1080 3616 1123 3679 ab
1139 3616 1259 3679 axibus
1275 3627 1410 3698 propter
1425 3616 1524 3679 sensi·

198 3703 355 3831 ijssssfiffims'
370 3717 470 3781 bilem
498 3718 724 3783 diversitatem
750 3720 872 3803 anguli,
896 3740 996 3803 quam
1025 3719 1124 3784 saciat
1147 3720 1274 3804 species
1298 3721 1330 3782 in
1358 3719 1471 3794 oculis,
1488 3728 1524 3783 ut

198 3833 299 3882 double.
369 3829 462 3904 patet
479 3821 511 3885 in
528 3820 642 3906 figura.
688 3823 778 3887 Nam
794 3825 837 3888 sit
854 3845 886 3886 m
902 3845 919 3886 c
935 3845 986 3887 res
1000 3826 1080 3898 visa,
1098 3835 1132 3888 et
1147 3845 1169 3886 a
1184 3833 1217 3888 et
1232 3823 1251 3887 b
1266 3824 1360 3903 oculi,
1376 3833 1409 3887 et
1425 3835 1524 3886 acet

368 3925 414 3987 bc
427 3925 493 3988 sint
509 3947 591 3990 axes
607 3925 665 3989 fixi
682 3948 781 4009 super
799 3937 960 4010 punctum
978 3949 1004 4003 c,
1019 3929 1110 4010 quod
1130 3929 1173 3992 ab
1194 3928 1239 3990 eis
1255 3928 1386 3992 videtur
1408 3930 1441 3990 in
1461 3925 1525 3990 fine

368 4030 594 4094 certitudinis:
619 4041 698 4094 tunc
721 4041 832 4113 potest
854 4031 966 4116 aliqua
989 4051 1066 4114 pars
1089 4033 1122 4094 in
1147 4040 1278 4095 tantum
1299 4030 1459 4095 removeri
1482 4030 1525 4093 ab

401 4217 409 4246 ¹
426 4218 483 4266 The
493 4225 604 4267 account
615 4218 646 4266 ol
654 4217 787 4268 binocular
795 4218 879 4267 vision
889 4220 915 4266 in
924 4221 969 4268 the
979 4219 1116 4282 ioregoing
1128 4219 1242 4281 chapter,
1252 4219 1303 4267 and
1313 4218 1369 4266 that
1378 4217 1407 4265 os
1413 4217 1526 4278 diplopia

368 4295 473 4358 (double
484 4297 565 4358 sight)
578 4297 604 4345 in
616 4297 668 4346 this
681 4297 788 4360 chapter
799 4299 850 4346 and
863 4299 909 4347 the
920 4297 1063 4359 following,
1076 4313 1121 4346 are
1134 4296 1213 4346 taken
1223 4297 1289 4345 irum
1297 4295 1413 4344 lllhazen
1424 4295 1475 4356 rlib.
1491 4295 1526 4344 iii.

366 4388 424 4435 cap.
437 4390 462 4433 a,
476 4379 504 4434 §5
518 4379 605 4435 a-15).
640 4373 753 4424 Bacon's
764 4376 912 4438 exposition
924 4377 947 4425 is
958 4377 998 4424 iar
1008 4376 1112 4425 shorter
1123 4377 1175 4424 and
1187 4376 1286 4424 clearer
1296 4375 1361 4422 than
1372 4375 1428 4423 that
1442 4375 1473 4422 oi
1485 4374 1526 4423 his

366 4452 479 4500 teacher.
515 4452 546 4501 ln
558 4452 707 4513 consulting
720 4453 838 4502 Risner’s
850 4454 948 4503 edition
960 4454 990 4504 oi
998 4454 1043 4503 the
1056 4455 1130 4504 Latin
1142 4454 1245 4503 version
1258 4452 1287 4501 ol
1295 4453 1411 4501 Alhazen
1423 4453 1444 4500 it
1456 4460 1525 4502 must

365 4530 398 4578 be
413 4530 496 4578 borne
513 4531 539 4579 in
555 4532 626 4580 mind
643 4532 700 4580 that
714 4533 759 4580 the
774 4531 913 4595 diagrams
924 4535 977 4582 and
995 4533 1041 4583 the
1057 4533 1184 4593 headinga
1201 4532 1231 4582 oi
1245 4531 1310 4581 each
1328 4532 1439 4593 section,
1449 4546 1523 4581 were

367 4606 452 4653 added
464 4607 499 4669 by
512 4607 617 4659 Risner.
