3542 5359
418 618 749 679 PERSPECTIVAE
772 618 888 678 PARS
912 620 1073 678 PRIMA:
1107 620 1216 680 DIST.
1237 621 1291 679 IX.
1395 636 1433 698 73

279 802 420 865 quarum
444 783 544 846 trium
572 782 662 847 nulla
680 792 733 848 est
753 784 786 848 in
814 783 896 847 lucis
920 783 1205 867 multiplicatione,
1234 784 1310 847 ideo
1334 782 1433 866 longe

280 886 375 951 aliter
389 896 439 951 est
456 888 489 949 in
506 887 578 952 luce
593 908 694 971 quam
710 889 744 951 in
760 908 851 951 sono.
898 888 945 951 Et
960 897 1073 952 tamen
1090 889 1259 972 utriusque
1275 887 1432 971 multipli-

279 991 369 1054 catio
383 991 565 1054 secundum
582 1012 618 1056 se
636 1001 687 1056 est
703 992 888 1056 successiva
904 1001 939 1056 et
955 992 987 1055 in
1005 1002 1165 1076 ternpore.

324 1093 484 1159 Similiter
509 1096 553 1158 de
577 1097 680 1160 odore
705 1096 803 1179 longe
826 1097 893 1159 alia
915 1096 1000 1160 ratio
1023 1107 1083 1176 est,
1105 1116 1206 1180 quam
1230 1098 1272 1161 de
1294 1096 1375 1173 luce,
1397 1104 1432 1158 et
1445 1103 1570 1180 propaga·

278 1206 391 1261 tamen
415 1200 585 1281 utriusque
606 1200 732 1281 species
755 1200 910 1264 transibit
932 1201 965 1263 in
989 1210 1148 1282 tempore,
1170 1221 1248 1264 nam
1271 1201 1306 1263 in
1329 1201 1432 1264 odore
1444 1169 1539 1285 iffi

279 1300 399 1364 accidit
430 1302 511 1365 lumi
540 1302 669 1367 subtilis
697 1304 898 1387 evaporatio,
923 1304 979 1386 qui
1008 1304 1041 1366 in
1070 1305 1210 1368 veritate
1235 1324 1354 1386 corpus
1381 1313 1432 1365 est

279 1402 435 1469 diffusum
466 1406 500 1471 in
529 1426 605 1470 aere
634 1428 739 1490 usque
768 1408 811 1472 ad
839 1427 973 1471 sensum
1004 1417 1135 1491 praeter
1164 1407 1320 1490 speciem,
1345 1427 1432 1489 quae

279 1510 431 1575 similiter
445 1508 492 1573 fit.
525 1510 588 1575 Est
603 1511 704 1575 etiarn
722 1512 848 1576 narium
864 1513 1021 1576 attractio
1037 1512 1132 1577 sortis
1146 1512 1337 1594 hujusmodi
1350 1512 1431 1575 lumi

279 1623 314 1678 et
328 1615 450 1695 speciei
466 1616 508 1678 ad
526 1616 589 1679 hoc
604 1617 694 1697 quod
710 1615 769 1680 fiat
784 1636 910 1695 sensus,
924 1616 1009 1680 sicut
1025 1615 1198 1682 Avicenna
1218 1615 1317 1680 docet
1336 1616 1433 1680 tertio

279 1718 323 1781 de
347 1717 480 1796 Anima,
498 1728 532 1783 et
556 1719 679 1783 scimus
706 1740 765 1801 per
791 1721 1067 1803 experimentum,
1090 1731 1125 1785 et
1151 1722 1215 1786 hoc
1241 1731 1301 1798 est,
1323 1730 1360 1784 ut
1382 1740 1431 1784 re·

281 1833 454 1886 moveatur
472 1823 706 1907 cooperculum
724 1826 814 1908 quod
836 1836 888 1889 est
903 1845 1002 1907 super
1021 1828 1274 1889 iustmmentum
1293 1824 1432 1889 ollactus

279 1927 460 1990 secundum
476 1925 693 1992 Aristotelem
712 1930 857 1993 secundo
874 1930 917 1992 de
932 1928 1058 1993 Anima
1068 1928 1090 1991 ¹.
1133 1929 1179 1993 Et
1198 1930 1272 1993 ideo
1289 1930 1322 1991 in
1334 1949 1431 1992 sensu

278 2031 391 2095 odoris
406 2041 456 2095 est
471 2032 597 2116 duplex
615 2042 724 2096 motus
740 2032 861 2110 localis,
877 2054 961 2096 unus
976 2054 1019 2096 ex
1036 2033 1234 2097 resolutione
1248 2031 1386 2115 vaporis,
1398 2041 1432 2096 et

279 2136 362 2201 alius
371 2158 414 2201 ex
427 2138 623 2201 attractione
635 2137 714 2219 ejus,
724 2149 854 2220 praeter
865 2138 1104 2201 successionem
1117 2138 1150 2199 in
1162 2135 1431 2219 multiplicatione

279 2242 420 2323 speciei3
443 2244 503 2306 sed
525 2242 558 2305 in
579 2242 648 2305 visu
676 2241 755 2305 nihil
781 2242 943 2306 invenitur
969 2242 1028 2306 nisi
1052 2241 1213 2306 successio
1237 2239 1432 2322 multiplica·

279 2346 385 2411 tionis.
431 2347 477 2410 Et
492 2346 601 2410 adhuc
614 2346 710 2411 aliter
725 2354 837 2429 potest
853 2346 978 2428 exponi
991 2346 1080 2421 illud,
1097 2347 1186 2428 quod
1203 2345 1266 2409 alia
1282 2345 1365 2408 ratio
1381 2354 1432 2409 est

279 2452 323 2514 de
342 2450 422 2525 luce,
438 2460 472 2513 et
486 2472 579 2526 sono,
594 2460 627 2514 et
642 2452 755 2525 odore,
776 2471 855 2514 narn
876 2450 935 2513 lux
954 2451 1047 2514 citius
1065 2450 1166 2534 longe
1188 2450 1290 2513 fertur
1307 2450 1340 2512 in
1356 2469 1431 2512 aere

279 2575 381 2636 quam
397 2554 451 2631 illi,
466 2565 502 2619 ut
516 2556 668 2619 videmus
684 2557 727 2619 de
738 2554 851 2638 aliquo
863 2577 883 2618 a
895 2555 994 2639 longe
1005 2555 1210 2637 percutiente
1222 2574 1297 2617 curn
1311 2552 1431 2617 malleo

279 2659 334 2722 vel
371 2659 498 2734 baculo,
533 2661 629 2724 citius
663 2660 813 2723 videmus
849 2680 926 2722 eum
964 2670 1142 2744 percutere,
1173 2679 1273 2741 quam
1311 2676 1430 2720 sonum

280 2774 475 2847 generatum
507 2766 691 2829 audiamus.
751 2765 841 2828 Nam
871 2766 1052 2828 secundam
1082 2762 1325 2845 percussionem
1356 2780 1431 2843 per-

280 2868 422 2951 cipimus
436 2870 518 2945 visu,
544 2878 723 2952 antequam
747 2889 846 2934 sonus
869 2869 997 2952 primae
1018 2867 1238 2951 percussionis
1260 2865 1372 2928 veniat
1387 2864 1430 2926 ad

280 2972 441 3037 auditum.
488 2974 535 3039 Et
559 2975 606 3037 sic
628 2985 678 3039 est
703 2975 746 3038 de
773 2974 1009 3049 coruscatione,
1034 2991 1135 3055 quam
1162 2970 1254 3053 prius
1280 2969 1431 3033 videmus

279 3088 358 3143 ante
379 3079 531 3142 auditum
550 3078 697 3152 tonitrui,
717 3098 792 3144 cum
810 3088 924 3140 tamen
951 3075 1011 3141 fiat
1036 3077 1126 3159 prius
1150 3095 1250 3138 sonus
1276 3074 1309 3136 in
1334 3073 1432 3150 nube,

278 3205 381 3267 quam
422 3185 617 3261 coruscatio,
653 3182 731 3266 quia
769 3204 813 3246 ex
851 3182 1003 3265 ruptione
1045 3180 1144 3245 nubis
1181 3200 1239 3264 per
1274 3197 1431 3260 vaporem

279 3289 522 3353 inflammatum
550 3288 583 3350 in
604 3308 644 3349 eo
664 3287 809 3351 nascitur
830 3287 1024 3350 comscatio.
1067 3284 1117 3348 Et
1135 3286 1211 3349 ideo
1233 3284 1323 3367 quod
1344 3282 1433 3356 dicit,

279 3394 344 3457 alia
359 3393 445 3457 ratio
459 3404 511 3457 est
527 3392 569 3456 de
584 3391 657 3456 luce
672 3400 706 3455 et
722 3391 801 3470 aliis,
819 3390 957 3473 intelligi
979 3399 1102 3473 potest,
1122 3392 1213 3472 quod
1235 3388 1299 3453 ista
1315 3387 1432 3451 alietas

280 3518 347 3563 non
363 3509 414 3563 est
429 3518 531 3581 penes
545 3497 671 3561 instans
686 3508 721 3560 et
745 3507 888 3578 tempus,
910 3497 969 3559 sed
994 3515 1097 3577 penes
1120 3495 1228 3558 minus
1250 3503 1383 3575 tempus
1398 3502 1431 3556 et

279 3602 398 3687 majus.
444 3601 574 3668 Omnes
599 3600 687 3666 enim
708 3609 866 3677 auctores,
885 3601 955 3663 sive
972 3600 1077 3663 sancti
1101 3598 1169 3662 sive
1195 3596 1260 3676 alii,
1285 3598 1433 3661 dicentes

281 3710 388 3775 lucem
419 3707 630 3791 multiplicari
662 3707 695 3769 in
722 3705 869 3782 instanti,
896 3704 1101 3786 intelligendi
1127 3714 1203 3768 sunt
1228 3704 1271 3767 de
1297 3702 1431 3766 instanti

280 3813 448 3890 divisibili,
463 3812 552 3894 quod
569 3820 619 3873 est
634 3820 767 3892 tempus
782 3807 984 3883 insensibile,
999 3818 1033 3872 et
1053 3828 1120 3871 non
1135 3808 1178 3871 de
1192 3826 1271 3870 vero
1286 3806 1433 3883 instanti,

279 3916 370 3998 quod
386 3924 436 3979 est
455 3912 657 3977 indivisibilis
677 3912 838 3975 terminus
862 3912 1027 3993 temporis,
1048 3910 1132 3974 sicut
1152 3918 1295 3992 punctus
1315 3909 1431 3972 lineae.

281 4020 316 4084 Si
340 4038 418 4101 ergo
441 4018 558 4100 speciei
580 4018 668 4080 visus
690 4026 724 4079 et
746 4012 883 4078 visibilis
906 4014 1139 4096 multiplicatio
1160 4015 1203 4077 sit
1225 4014 1259 4077 iu
1282 4021 1432 4095 tempore

280 4126 314 4188 in
343 4122 497 4195 sensibili,
519 4122 689 4204 quomodo
715 4120 842 4184 dictum
874 4129 925 4183 est
954 4120 1045 4201 prius
1074 4120 1165 4201 quod
1191 4118 1281 4182 visus
1304 4126 1375 4180 erat
1398 4116 1431 4178 in

280 4240 432 4310 tempore
454 4224 622 4290 sensibili?
666 4224 711 4288 Et
734 4233 828 4307 patet
853 4225 942 4306 quod
972 4234 1102 4305 praeter
1125 4224 1211 4287 hauc
1234 4218 1432 4302 multiplica·

279 4334 405 4398 tionem
428 4342 480 4395 est
499 4330 659 4413 judicium
680 4328 769 4391 visus
792 4329 835 4391 de
856 4328 986 4405 visibili,
1008 4339 1043 4392 et
1064 4328 1128 4391 hoc
1148 4324 1308 4408 judicium
1331 4323 1431 4385 debet

279 4458 353 4502 esse
371 4448 488 4501 notum
507 4435 637 4512 sensui;
659 4433 905 4518 propterquod
926 4441 1059 4516 oportet
1081 4431 1171 4514 quod
1195 4428 1252 4492 fiat
1272 4426 1430 4509 judicium

278 4544 312 4609 in
326 4551 477 4626 ternpore
491 4538 643 4605 sensibili.

411 4664 418 4695 ¹
439 4664 502 4715 tui·
512 4676 598 4714 seems
608 4676 624 4713 ι
635 4660 891 4723 misunderstanding
901 4657 931 4709 os
938 4655 1095 4715 DeAnvbra,
1107 4654 1132 4704 ii.
1145 4668 1201 4717 cap
1215 4668 1239 4716 9,
1253 4654 1267 4711 5
1281 4666 1303 4713 7.
