3542 5359
383 567 445 645 416
650 574 988 635 MULTIPLICATIO
1012 575 1266 637 SPECIERUM.

384 732 630 802 individuitatis.
671 739 733 804 Est
754 749 868 804 tamen
893 741 957 804 hoc
982 739 1186 804 individuum
1209 740 1293 804 aeris
1316 739 1383 824 igni
1407 737 1536 803 assimi-

383 839 489 904 latum
516 844 550 906 in
573 854 691 909 natura
718 845 889 927 igneitatis
910 866 969 928 per
991 847 1135 928 speciem
1156 846 1243 930 ignis
1268 857 1474 929 praesentem
1500 845 1534 907 in

385 963 446 1023 eo;
469 948 556 1011 unde
577 948 641 1013 hoc
664 950 869 1014 individuum
890 951 1010 1015 dicitur
1031 971 1087 1015 aer
1105 950 1237 1034 ignitus.
1284 951 1356 1014 Nec
1375 951 1463 1013 enim
1481 957 1534 1012 est

382 1056 513 1114 tantum
540 1072 605 1130 aer,
629 1073 690 1116 nec
705 1062 846 1118 tantum
873 1054 969 1136 ignis,
1001 1074 1061 1120 nec
1095 1055 1317 1139 principaliter
1350 1055 1442 1137 ignis,
1472 1053 1532 1116 sed

383 1153 607 1238 principaliter
620 1178 677 1221 aer
692 1158 814 1239 ignitus
830 1169 980 1235 tantum3
1003 1168 1037 1222 et
1058 1160 1132 1223 ideo
1147 1161 1237 1242 quod
1253 1159 1298 1222 ibi
1321 1168 1372 1223 est
1390 1159 1433 1221 de
1455 1158 1534 1240 igne

381 1270 432 1324 est
453 1261 661 1327 individuum
678 1264 763 1345 ignis
781 1264 1032 1345 incompletum‚
1048 1275 1084 1329 et
1101 1265 1132 1327 in
1156 1263 1222 1328 alio
1244 1263 1448 1346 completiori
1469 1281 1530 1324 ex·

379 1365 489 1445 istem,
500 1369 591 1448 quod
603 1368 813 1451 principalius
824 1379 875 1433 <st
891 1378 925 1432 et
939 1369 1029 1451 quod
1042 1369 1145 1452 magis
1160 1379 1211 1432 est
1224 1369 1437 1432 nominatum.
1485 1365 1531 1428 Et

380 1468 454 1533 ideo
470 1471 577 1534 multo
593 1473 701 1535 minus
716 1473 864 1537 dicemus
872 1475 964 1556 quod
974 1473 1006 1536 in
1021 1494 1097 1537 aere
1108 1483 1158 1537 est
1171 1472 1375 1537 individuum
1387 1469 1531 1534 hominis

378 1573 431 1636 vel
455 1574 534 1639 solis
554 1575 607 1639 vel
630 1576 763 1641 alterius
786 1577 832 1640 rei
857 1567 1000 1655 nobilis3
1031 1580 1088 1641 sed
1116 1578 1264 1641 dicemus
1286 1577 1376 1658 quod
1400 1583 1532 1639 aerest

379 1679 580 1744 assimilatus
596 1680 719 1744 homini
730 1681 783 1744 vel
795 1682 855 1745 soli
871 1701 931 1764 per
939 1682 1091 1764 speciem,
1101 1702 1189 1764 quae
1197 1691 1308 1746 tamen
1319 1691 1370 1745 est
1380 1680 1531 1762 ejusdem

379 1792 518 1848 naturae
533 1785 706 1868 specificae
722 1787 756 1848 in
772 1806 840 1868 qua
856 1796 908 1850 est
923 1785 1024 1850 homo
1040 1785 1092 1849 vel
1108 1785 1166 1863 sol,
1182 1796 1215 1850 et
1231 1787 1264 1849 in
1285 1785 1390 1850 forma
1410 1784 1529 1847 eadem

378 1887 568 1963 collocatur,
586 1890 661 1955 licet
674 1892 855 1955 secundum
867 1911 940 1955 esse
952 1891 1297 1973 incompletissimum
1321 1891 1531 1972 quodetiam

377 1989 581 2072 impossibile
611 2001 662 2056 est
699 1991 866 2075 compleri,
890 2001 927 2054 ut
956 1991 1139 2056 docebatur
1167 1993 1265 2074 prius.
1313 1991 1359 2054 Et
1393 2000 1531 2072 propter

321 2100 327 2108 '
377 2094 459 2158 illud
482 2115 555 2158 esse
576 2095 904 2179 incompletissimum
927 2096 1046 2160 dicitur
1068 2097 1272 2160 individuum
1292 2095 1375 2160 aeris
1397 2093 1527 2158 assimi-

377 2197 482 2262 latum
508 2200 580 2276 soli,
598 2220 664 2262 non
689 2200 898 2265 individuum
923 2200 1002 2264 solis
1028 2219 1103 2263 cum
1129 2200 1298 2264 individuo
1324 2199 1418 2275 aeris,
1447 2217 1526 2261 nam

376 2325 397 2367 a
415 2304 584 2386 completo
601 2303 639 2368 fit
654 2305 891 2369 denominatio.

421 2405 458 2471 Si
480 2428 558 2471 vero
587 2417 704 2472 contra
726 2407 812 2474 hanc
833 2410 1010 2475 veritatem
1033 2419 1067 2474 et
1090 2408 1231 2493 priorem
1254 2408 1362 2473 adhuc
1385 2407 1526 2483 dicatur,

375 2513 464 2593 quod
477 2511 677 2576 Aristoteles
691 2513 772 2577 dicit
782 2513 813 2576 in
830 2513 913 2577 libro
929 2514 972 2577 de
984 2511 1089 2577 Sensu
1099 2524 1133 2577 et
1144 2512 1285 2577 Sensato
1297 2511 1319 2587 ¹,
1328 2511 1419 2594 quod
1431 2511 1528 2574 color

376 2635 444 2679 non
466 2615 568 2680 habet
589 2637 662 2680 esse
683 2617 746 2680 nisi
768 2617 802 2679 in
825 2618 945 2694 mixto,
968 2628 1002 2680 et
1028 2617 1177 2681 similiter
1199 2617 1337 2680 odoret
1359 2635 1468 2698 sapor,
1492 2621 1528 2678 et

374 2717 575 2803 hujusmodi,
589 2731 624 2785 et
640 2721 715 2785 ideo
729 2721 762 2784 in
776 2741 853 2785 aere
868 2731 903 2786 et
925 2721 1128 2802 simplicibus
1148 2721 1317 2786 elementis
1333 2729 1366 2784 et
1381 2715 1528 2802 corpori·

374 2825 437 2887 bus
459 2844 527 2888 non
548 2834 750 2906 potestesse
770 2825 863 2890 color
885 2824 1024 2908 aliquis:
1050 2825 1228 2890 dicendum
1249 2825 1409 2907 estquod
1433 2822 1528 2886 color

374 2931 556 2992 secundum
571 2949 644 2992 esse
657 2929 861 3012 completum
884 2949 951 2993 non
973 2939 1084 3013 potest
1107 2949 1179 2993 esse
1198 2930 1254 3007 ibi,
1270 2949 1331 2993 nec
1351 2929 1443 3004 odor,
1463 2945 1526 2990 nec

322 3097 329 3115 ,
372 3053 482 3116 sapor,
496 3053 558 3097 nec
574 3034 772 3117 hujusmodi,
783 3033 841 3098 sed
854 3044 984 3099 tantum
1000 3035 1181 3099 secundum
1194 3054 1265 3098 esse
1276 3031 1529 3114 incompletum.

373 3138 419 3201 Et
441 3139 559 3202 iterum
589 3140 838 3204 concedendum
860 3148 911 3202 est
940 3140 1031 3220 quod
1061 3159 1117 3202 aer
1142 3149 1176 3203 et
1198 3147 1329 3202 caetera
1351 3136 1527 3218 simplicia,

370 3253 534 3322 quantum
557 3243 715 3325 recipiunt
745 3244 883 3307 deesse
905 3241 1023 3307 colon's
1046 3252 1081 3306 et
1110 3241 1301 3325 hujusmodi
1332 3241 1525 3323 passionum

369 3364 456 3426 quae
482 3354 559 3408 sunt
588 3346 779 3412 naturaliter
807 3345 841 3409 in
871 3346 993 3422 mixtis,
1024 3354 1155 3410 tantum
1186 3346 1348 3428 recipiunt
1376 3346 1419 3408 de
1449 3363 1526 3406 esse

371 3449 550 3511 mixtionis
593 3447 711 3531 Agens
752 3451 840 3514 enim
877 3451 968 3532 quod
1007 3460 1119 3532 potest
1154 3449 1293 3514 alterare
1329 3469 1439 3512 aerem
1477 3447 1523 3510 ad

370 3550 524 3633 colorem,
547 3560 658 3635 potest
684 3553 825 3618 alterare
850 3555 894 3618 ad
922 3554 1142 3631 mixtionem3
1173 3553 1298 3619 scilicet
1320 3563 1359 3617 ut
1385 3553 1418 3615 in
1445 3571 1524 3615 aere

368 3656 509 3739 simplici
525 3656 650 3739 species
665 3658 843 3745 cujuslibet
859 3659 956 3721 mixti
969 3657 1036 3734 fiat,
1051 3659 1232 3722 secundum
1242 3658 1332 3740 quod
1344 3656 1525 3739 requiritur

368 3762 412 3825 ad
434 3761 560 3844 species
575 3761 767 3844 passionum
788 3781 874 3844 quae
899 3761 983 3846 fiunt
1005 3761 1039 3825 in
1058 3782 1135 3826 aere
1155 3763 1199 3824 ab
1222 3761 1284 3825 illis
1312 3761 1523 3845 passionibus

367 3865 555 3949 cujusmodi
575 3875 653 3930 sunt
668 3866 759 3931 color
781 3875 816 3930 et
830 3869 915 3931 odor
929 3876 964 3931 et
984 3865 1184 3948 hujusmodi.
1231 3867 1319 3929 Nam
1338 3885 1395 3929 aer
1415 3867 1520 3928 estin

367 3970 516 4052 potentia
527 3971 571 4034 ad
587 3971 741 4048 mixtum,
762 3979 797 4034 et
815 3980 927 4053 potest
943 3972 1085 4035 mixtum
1104 3969 1308 4052 completum
1320 3967 1392 4032 lieri
1408 3971 1452 4032 de
1466 3990 1522 4042 eo,

366 4084 401 4138 et
420 4074 496 4138 ideo
520 4074 627 4138 multo
646 4073 764 4137 lortius
782 4084 894 4156 potest
914 4074 1045 4139 alterari
1069 4075 1112 4138 ad
1137 4094 1210 4138 esse
1233 4073 1330 4138 mixti
1353 4083 1521 4156 quantum

365 4177 494 4258 species
509 4177 605 4240 mixti
621 4178 764 4259 requirit

398 4319 481 4369 ¹The
493 4322 625 4371 reference
636 4323 659 4371 is
670 4329 698 4371 to
711 4323 757 4372 the
773 4323 843 4372 third
860 4324 968 4386 chapter
979 4323 1009 4372 ol
1022 4324 1067 4373 the
1084 4321 1478 4384 narnemmmersaeuslc
1492 4323 1521 4372 iu

364 4397 453 4446 which
464 4399 510 4447 the
522 4405 614 4447 nature
625 4399 655 4448 ol
662 4400 782 4448 colouris
793 4400 928 4450 discussed
939 4407 967 4449 at
978 4401 1155 4450 considerable
1168 4401 1266 4462 length.
1301 4399 1324 4448 lt
1335 4399 1389 4448 will
1402 4400 1435 4448 be
1452 4415 1521 4450 seen

364 4475 421 4523 thet
439 4475 565 4524 Aristode
583 4491 640 4525 was
659 4491 722 4539 very
742 4477 782 4526 lar
800 4478 866 4528 from
885 4479 980 4541 saying
1001 4481 1056 4528 that
1078 4479 1151 4527 there
1174 4479 1249 4527 could
1273 4478 1305 4526 be
1321 4493 1356 4525 no
1375 4478 1468 4526 colour
1491 4479 1520 4528 in

364 4551 502 4678 elzmffil
512 4553 611 4614 hodia,
624 4554 723 4617 though
735 4556 776 4605 his
788 4571 849 4606 own
861 4557 1029 4620 explanation
1041 4557 1071 4621 is,
1084 4572 1114 4606 aa
1126 4571 1186 4619 may
1197 4557 1230 4604 be
1246 4557 1388 4620 supposed,
1407 4556 1522 4606 obscure

363 4643 397 4676 cn
425 4643 435 4675 ι
486 4637 587 4692 equare.
