3542 5359
391 607 585 668 MORALIS
609 605 930 667 PHILOSOPHIA:
961 606 1076 665 PARS
1103 607 1268 666 TERTIA.
1342 623 1402 686 255

251 770 389 837 Platone
421 772 512 854 quod
543 770 640 835 nobis
672 769 751 834 solis
785 769 854 833 nati
888 788 955 833 non
989 790 1110 834 sumus.
1165 768 1269 834 Ortus
1298 770 1402 834 nostri

250 887 380 958 partem
401 876 510 959 patria
528 877 690 953 vendicat,
706 875 826 957 partim
847 875 954 952 amici,
969 885 1070 957 atque
1094 885 1131 938 ut
1154 873 1264 956 placet
1279 874 1402 939 Stoicis

251 981 294 1045 ad
324 1001 421 1044 usum
447 980 618 1046 hominum
643 981 756 1044 omnia
780 981 894 1056 creari,
918 977 1070 1042 homines
1099 977 1272 1042 hominum
1302 999 1403 1043 causa

251 1105 324 1148 esse
353 1095 527 1168 generatos
556 1096 594 1149 ut
628 1083 690 1165 ipsi
720 1083 807 1146 inter
831 1103 867 1147 se
892 1083 949 1146 alii
980 1082 1052 1145 aliis
1079 1083 1236 1166 prodesse
1266 1082 1403 1166 possint.

253 1187 423 1270 Quoniam
454 1189 524 1271 ipse
559 1188 697 1262 Tullius,
728 1187 845 1270 quinto
875 1186 1156 1250 Academicorum
1187 1187 1281 1266 libro,
1313 1187 1404 1261 dicit,

256 1292 347 1357 Nihil
370 1303 420 1356 est
444 1303 513 1356 tam
538 1292 662 1356 illustre
688 1311 790 1376 quam
820 1290 1081 1355 communicatio
1112 1290 1302 1354 utilitatum.
1351 1291 1404 1353 ln·

254 1407 369 1461 natum
386 1407 436 1460 est
452 1399 539 1460 enim
558 1395 685 1462 homini
702 1407 740 1461 ut
755 1395 877 1459 habeat
898 1395 1059 1478 quiddam
1078 1395 1172 1459 civile
1187 1405 1221 1458 et
1236 1395 1405 1478 populare,

258 1503 351 1582 quod
375 1499 493 1564 Graeci
507 1499 664 1583 politicen
684 1509 815 1565 vocant.
863 1499 964 1564 Unde
986 1500 1018 1562 in
1039 1499 1124 1562 libro
1142 1499 1185 1562 de
1200 1498 1281 1563 Vita
1302 1499 1407 1561 Beata

255 1604 334 1668 dicit
351 1604 487 1679 Seneca,
506 1605 582 1668 Hoc
597 1604 734 1669 verbum
753 1604 900 1685 exigitur
918 1605 961 1667 ab
977 1603 1110 1665 homine
1132 1612 1168 1665 ut
1184 1603 1288 1686 prosit
1304 1603 1408 1670 otnni·

256 1707 318 1773 bus
342 1710 370 1772 si
393 1708 461 1771 fieri
484 1717 605 1793 potest,
626 1719 685 1773 aut
713 1707 863 1782 multis¹;
894 1709 1054 1771 siminus
1084 1707 1217 1788 paucis3
1247 1707 1275 1771 si
1301 1707 1409 1770 minus

256 1813 438 1896 proximis;
460 1814 487 1877 si
506 1814 615 1877 minus
638 1813 711 1876 sibi.
757 1812 973 1895 Quapropter
994 1821 1127 1894 oportet
1150 1813 1240 1892 quod
1265 1811 1409 1874 secunda

257 1937 332 2001 pars
342 1916 531 2000 principalis
541 1917 768 1999 philosophiae
780 1916 914 1981 moralis
923 1917 966 1980 sit
976 1917 1019 1979 de
1029 1915 1158 1998 legibus
1168 1916 1409 1994 communibus,

257 2031 294 2085 ut
316 2021 519 2101 assignatum
543 2031 613 2096 est3
637 2031 671 2085 et
694 2021 792 2084 tertia
814 2021 875 2083 erit
899 2021 942 2084 de
965 2020 1032 2083 vita
1053 2029 1087 2082 et
1111 2019 1286 2084 honestate
1307 2039 1408 2101 quam

258 2125 396 2207 quilibet
411 2125 512 2189 debet
531 2125 660 2190 sectari.
706 2125 752 2188 Et
770 2125 834 2189 hoc
855 2133 906 2188 est
924 2143 1039 2186 verum
1061 2123 1243 2188 secundum
1262 2123 1409 2187 ordinem

258 2230 429 2312 dignitatis
459 2229 618 2308 Naturae,
639 2241 673 2294 et
696 2228 888 2312 simpliciter
909 2228 1088 2310 loquendo,
1112 2227 1189 2291 licet
1211 2227 1411 2291 Aristoteles

258 2334 344 2398 hunc
360 2335 497 2398 modum
514 2355 579 2399 non
591 2343 704 2400 teneat
716 2335 749 2396 in
761 2331 852 2397 libris
868 2332 936 2396 suis
947 2357 955 2409 ;
977 2333 1055 2415 quia
1068 2332 1217 2416 procedit
1230 2334 1409 2397 secundum

259 2439 348 2503 viam
366 2438 595 2521 inquisitionis,
611 2450 644 2503 et
660 2438 735 2502 ideo
756 2439 799 2502 ab
816 2439 862 2500 eis
877 2458 964 2520 quae
980 2438 1110 2501 notiora
1129 2447 1206 2502 sunt
1226 2437 1322 2501 nobis
1343 2456 1411 2500 non

262 2553 407 2607 naturae.
453 2543 520 2607 Sed
546 2543 705 2625 quoniam
731 2540 802 2623 jam
833 2561 949 2605 sumus
979 2540 1149 2604 certificati
1183 2561 1242 2625 per
1270 2561 1347 2604 eum
1377 2551 1412 2605 et

261 2645 345 2711 alios
369 2646 448 2728 quid
473 2646 618 2728 requirat
646 2655 795 2729 potestas
819 2643 918 2724 hujus
942 2644 1107 2720 scientiae,
1133 2645 1208 2706 ideo
1236 2662 1412 2725 possumus

261 2759 372 2833 partes
387 2749 459 2831 ejus
473 2748 636 2814 collocare
656 2749 837 2813 secundum
854 2747 1004 2812 ordinem
1021 2766 1121 2827 quem
1139 2746 1286 2809 Naturae
1307 2746 1413 2828 digni·

262 2865 315 2920 tas
329 2853 489 2936 exposcit.

308 2956 354 3020 Et
373 2956 426 3021 hic
451 2954 642 3038 philosophi
668 2955 750 3018 mira
776 2953 878 3018 locuti
901 2965 979 3018 sunt
996 2953 1082 3017 circa
1100 2953 1238 3016 virtutes
1258 2961 1292 3016 et
1317 2952 1415 3030 vitia;
1428 2972 1551 3025 vnueot

264 3070 301 3125 ut
316 3061 423 3125 omnis
440 3059 646 3124 Christianus
661 3059 817 3123 conlundi
832 3059 947 3142 possit,
956 3058 1091 3139 quando
1104 3056 1253 3121 infideles
1264 3058 1415 3121 homines
1428 3042 1534 3157 {m

263 3175 333 3230 tam
357 3164 510 3228 sublimia
532 3163 693 3227 virtutum
718 3163 873 3227 habuisse
895 3161 1112 3244 concipimus,
1134 3172 1168 3226 et
1191 3181 1251 3226 nos
1277 3162 1416 3244 turpiter
1427 3173 1540 3237 wnmgs
1551 3189 1584 3224 on

264 3291 284 3334 a
309 3270 469 3332 virtutum
494 3267 600 3350 gloria
624 3267 741 3332 cadere
767 3267 927 3330 videmur.
974 3263 1151 3329 Caeterum
1177 3266 1319 3329 multum
1345 3237 1545 3356 ani-{fhssgffl

265 3375 347 3438 mari
370 3372 531 3436 debemus
554 3381 591 3434 ut
612 3371 655 3434 ad
671 3371 802 3435 virtutis
825 3372 956 3436 culmen
979 3371 1173 3454 aspiremus,
1196 3380 1229 3434 et
1252 3371 1416 3454 exemplis

266 3476 430 3542 nobilibus
465 3475 603 3539 excitati
633 3474 811 3538 nobiliores
841 3474 967 3539 fructus
997 3475 1156 3538 virtutum
1187 3477 1420 3558 producamus,

265 3580 420 3665 quoniam
438 3577 710 3661 majusjuvamen
726 3580 759 3641 in
772 3580 840 3643 vita
855 3559 1018 3642 habemus
1033 3599 1133 3660 quam
1147 3579 1209 3662 ipsi
1222 3578 1420 3663 philosophi,

266 3695 299 3749 et
314 3685 383 3749 sine
397 3683 645 3766 comparatione
664 3681 791 3765 majora
806 3678 956 3746 auxilia²
967 3701 1027 3765 per
1039 3682 1103 3745 Dei
1118 3683 1260 3766 gratiam
1275 3684 1420 3764 recipere

266 3789 532 3871 comprobamur.
589 3786 635 3850 Et
666 3788 775 3870 primo
809 3787 842 3848 in
872 3784 1049 3849 universali
1080 3786 1224 3850 recitabo
1254 3787 1419 3868 quaedam

267 3893 351 3958 circa
366 3891 503 3956 virtutes
518 3902 555 3956 et
567 3891 669 3956 vitia:
692 3890 837 3954 secundo
853 3891 897 3953 ad
912 3888 1121 3973 particularia
1136 3889 1321 3956 declinabo.

700 4103 927 4169 Cnnrunuu
952 4102 998 4167 11.

312 4245 469 4311 Ostendit
499 4254 612 4308 autem
642 4241 843 4309 Aristoteles
873 4243 908 4305 in
937 4241 1046 4324 primo
1080 4240 1302 4308 Ethicorum³
1330 4243 1421 4326 quod
1434 4255 1533 4331 Aristo

267 4349 372 4416 virtus
389 4358 441 4414 est
459 4347 607 4433 duplex3
630 4367 697 4411 una
717 4357 768 4412 est
791 4345 974 4412 secundum
995 4347 1102 4431 ipsam
1121 4347 1155 4410 in
1175 4357 1269 4432 parte
1291 4347 1423 4413 animae
1434 4321 1510 4438 Q

301 4487 309 4518 ¹
326 4494 372 4537 aut
383 4485 479 4545 multis,
490 4501 540 4536 ont.
555 4485 589 4535 lt.
992 4480 1003 4510 ¹
1018 4483 1114 4543 auxilii,
1129 4484 1163 4534 D.

300 4566 311 4596 ¹
327 4565 384 4614 The
403 4564 584 4613 Nebomachean
603 4563 687 4613 Ethr'oe
705 4579 777 4615 were
799 4566 943 4616 transimed
965 4566 1031 4616 from
1053 4565 1098 4613 the
1117 4563 1212 4612 Arabic
1234 4562 1270 4625 by
1289 4561 1424 4612 Hermann

271 4645 379 4711 (hown
391 4659 420 4694 ns
435 4642 608 4706 Alemannus)
622 4641 647 4690 in
662 4657 726 4702 ¹²40
736 4657 761 4694 a„
771 4659 807 4706 n,
819 4651 846 4694 nt
857 4644 965 4694 Tuledo.
999 4643 1074 4706 They
1085 4657 1158 4692 were
1169 4641 1294 4705 probably
1305 4642 1426 4691 included
