3542 5359
345 611 402 670 192
582 592 738 652 OPERIS
761 592 950 663 MAJORIS
974 592 1089 652 PARS
1112 591 1263 652 SEXTA.

340 756 513 840 apparitio,
528 765 562 821 et
583 756 658 819 ideo
679 775 744 819 non
761 763 873 838 potest
891 775 963 819 esse
976 754 1099 819 veritas
1118 756 1177 818 sed
1198 753 1269 818 sola
1289 754 1492 837 apparentia.

342 861 387 924 Et
403 861 466 924 hoc
481 869 532 926 est
547 859 757 924 manifestum
774 879 833 940 per
848 859 998 940 superius
1013 859 1103 924 dicta
1118 858 1160 921 de
1176 858 1348 942 pyramide
1356 857 1492 935 visuali3

340 985 426 1048 quae
446 985 548 1046 quum
567 963 657 1028 cadit
672 972 745 1027 tota
760 963 794 1026 in
810 964 920 1027 locum
940 963 1121 1045 pyramidis
1140 963 1241 1040 iridis,
1255 973 1335 1026 tunc
1356 971 1494 1046 apparet

338 1078 412 1134 tota
428 1069 481 1133 iris
495 1069 677 1132 secundum
692 1068 914 1151 quantitatem
929 1067 960 1130 ei
972 1066 1161 1149 possibilem
1169 1066 1270 1148 juxta
1284 1065 1493 1130 altitudinem

338 1182 373 1237 et
388 1172 632 1256 depressionem
663 1171 741 1236 solis
768 1180 802 1234 et
825 1169 926 1252 juxta
956 1171 1115 1234 materiae
1140 1169 1411 1252 dispositionem3
1446 1171 1494 1234 ita

338 1279 428 1359 quod
444 1278 471 1341 si
486 1277 535 1341 sol
552 1277 596 1339 sit
612 1277 644 1338 in
659 1276 840 1353 horizonte,
856 1285 891 1340 et
912 1275 1050 1337 materia
1068 1274 1113 1338 sit
1133 1284 1339 1356 praeparata,
1354 1284 1493 1356 apparet

338 1382 394 1444 iris
413 1379 662 1445 semicircularis
676 1378 729 1442 vel
751 1378 858 1460 major
872 1377 981 1461 portio
1001 1377 1171 1460 sphaerae,
1187 1378 1371 1441 dummodo
1392 1397 1492 1460 pyra-

339 1485 402 1548 mis
424 1485 556 1548 visualis
578 1493 651 1548 tota
673 1485 773 1547 cadat
794 1483 827 1545 in
850 1481 960 1546 locum
984 1481 1168 1563 pyramidis
1191 1481 1292 1545 iridis.
1338 1480 1441 1564 Quod
1464 1481 1491 1544 si

337 1588 387 1651 sol
414 1589 457 1653 sit
482 1589 514 1651 in
542 1587 714 1652 horizonte
739 1597 773 1651 et
801 1586 940 1651 materia
965 1586 1007 1649 sit
1032 1594 1238 1669 praeparata,
1260 1586 1319 1650 sed
1343 1586 1493 1668 pyramis

336 1691 470 1755 visualis
490 1711 557 1755 non
579 1693 677 1756 cadat
692 1701 763 1755 tota
784 1690 817 1754 in
836 1690 946 1754 locum
966 1690 1149 1772 pyramidis
1167 1688 1268 1764 iridis,
1283 1699 1362 1752 tunc
1381 1688 1491 1752 solum

337 1795 508 1879 apparebit
523 1797 566 1858 de
585 1816 661 1860 arcu
682 1795 781 1873 iridis,
797 1803 961 1876 quantum
981 1794 1072 1876 capit
1094 1793 1182 1856 basis
1203 1794 1388 1876 pyramidis
1402 1793 1492 1856 visus

337 1900 380 1963 de
402 1899 476 1963 loco
498 1898 608 1976 iridis;
639 1919 718 1982 ergo
743 1897 954 1963 manifestum
979 1907 1030 1961 est
1056 1898 1147 1979 quod
1172 1896 1230 1960 iris
1256 1917 1324 1960 non
1351 1905 1402 1960 est
1428 1897 1490 1960 nisi

335 2003 441 2068 solum
462 2003 494 2066 in
514 2013 701 2085 conspectu.

755 2273 982 2341 Cnarrueuu
1007 2273 1067 2337 IX.

167 2441 236 2517 uach
248 2441 312 2506 drop
382 2429 512 2494 Deinde
532 2431 807 2494 considerandum
828 2439 879 2494 est
899 2431 988 2513 quod
1007 2428 1062 2492 iris
1086 2439 1136 2492 est
1156 2429 1267 2510 imago
1290 2427 1377 2502 solis,
1393 2439 1429 2493 et
1445 2430 1488 2493 ad

166 2507 245 2622 ffiotffi
253 2509 322 2622 ἔξω
336 2533 400 2596 hoc
416 2533 663 2619 imaginandum
680 2535 840 2598 debemus
855 2534 1060 2598 considerare
1078 2531 1278 2596 sententiam
1295 2531 1441 2598 Senecae
1455 2535 1489 2597 in

166 2637 238 2716 flecta,
246 2639 278 2687 its
335 2637 420 2701 libro
442 2639 485 2702 de
502 2637 590 2716 iride,
610 2638 768 2720 quoniam
791 2647 925 2720 oportet
947 2657 1069 2719 ponere
1092 2637 1214 2700 nubem
1237 2657 1430 2719 suspensam
1454 2638 1489 2700 in

167 2719 223 2752 own
231 2717 321 2769 ’Μεθ’
335 2761 421 2817 aere,
436 2752 471 2806 et
488 2742 688 2808 rotationem
705 2743 961 2806 descendentem
982 2741 1025 2805 ab
1046 2761 1095 2816 ea,
1110 2738 1203 2821 cujus
1223 2760 1326 2803 conus
1345 2741 1435 2805 cadit
1455 2743 1488 2805 in

334 2853 464 2924 terram,
479 2855 514 2909 et
533 2847 621 2910 basis
644 2846 810 2911 circularis
830 2846 965 2929 attingit
984 2843 1228 2909 concavitatem
1248 2844 1354 2907 nubis.
1400 2844 1488 2909 Sunt

334 2969 413 3032 ergo
439 2949 606 3015 stillicidia
632 2950 760 3014 infinita
786 2970 907 3032 parvae
936 2948 1139 3031 quantitatis,
1163 2957 1198 3012 et
1223 2967 1244 3011 a
1273 2947 1424 3029 quolibet
1450 2947 1489 3013 fit

333 3051 473 3116 reflexio
493 3054 578 3117 sicut
595 3074 616 3116 a
636 3054 807 3137 sphaerico
827 3052 973 3137 speculo,
989 3061 1024 3116 et
1043 3051 1201 3135 quoniam
1222 3052 1295 3114 sine
1313 3051 1488 3116 intervallo

333 3157 545 3233 descendunt,
563 3156 719 3222 videntur
741 3178 785 3220 ex
807 3157 963 3220 distantia
986 3156 1179 3229 continuari,
1202 3164 1236 3219 et
1258 3156 1335 3220 ideo
1355 3156 1488 3220 videtur

333 3259 446 3341 imago
469 3260 548 3324 solis
572 3261 730 3325 continua
753 3271 788 3323 et
808 3280 874 3325 non
898 3260 1075 3342 multiplex
1097 3260 1278 3323 secundum
1303 3259 1487 3324 multitudi-

332 3382 410 3426 nem
435 3363 696 3440 stillicidiorum3
728 3374 762 3428 et
787 3364 939 3428 similiter
962 3373 1013 3427 est
1039 3364 1072 3427 in
1096 3363 1224 3426 circulis
1250 3365 1403 3428 coloratis
1428 3385 1488 3448 per

331 3467 565 3549 aspersionem.
612 3467 658 3532 Et
684 3469 731 3531 sic
760 3468 900 3532 solvitur
925 3467 1069 3549 objectio
1097 3487 1183 3549 quae
1209 3477 1321 3549 posset
1347 3466 1416 3532 fieri
1444 3471 1487 3534 de

332 3569 545 3635 multitudine
570 3571 762 3654 imaginum.
809 3571 877 3637 Sed
902 3573 945 3636 de
967 3572 1082 3655 figura,
1104 3571 1292 3653 quantitate
1317 3581 1353 3636 et
1375 3571 1488 3638 colore

332 3674 518 3753 dubitatur;
539 3684 573 3739 et
584 3677 761 3739 dicendum
779 3685 838 3754 est,
850 3677 941 3758 quod
957 3675 1092 3756 specula
1105 3674 1276 3757 sphaerica
1291 3686 1326 3740 et
1337 3677 1486 3740 maxime

331 3798 433 3861 parva
455 3787 587 3842 mutant
606 3780 828 3861 quantitatem
849 3789 883 3843 et
901 3779 1041 3863 figuram
1062 3778 1108 3842 rei
1123 3778 1214 3842 visae
1235 3777 1346 3843 multis
1366 3781 1487 3857 modis,

331 3891 366 3946 et
392 3884 534 3948 reddunt
561 3881 682 3966 figuras
710 3894 945 3960 monstruosas,
968 3892 1002 3947 et
1025 3884 1187 3966 dissipant
1212 3892 1319 3948 totam
1345 3903 1485 3969 propor-

331 3985 456 4050 tionem
477 3986 621 4071 partium
644 3988 691 4051 rei
711 3989 754 4052 ab
776 3988 928 4065 invicem,
944 3995 980 4050 ut
999 3996 1092 4069 patet
1116 3987 1150 4049 in
1169 3987 1391 4071 perspectivis
1437 3987 1486 4051 Et

330 4090 491 4173 dissipata
507 4089 612 4174 figura
631 4100 666 4154 et
680 4092 877 4173 quantitate,
893 4091 992 4154 etiam
1011 4111 1070 4173 per
1086 4109 1289 4172 consequens
1304 4090 1486 4173 dissipatur

330 4194 493 4257 ordinatio
522 4194 772 4276 proprietatum,
804 4215 891 4278 quae
924 4195 1065 4275 exigunt
1094 4193 1235 4277 figuram
1269 4203 1305 4257 et
1333 4194 1485 4260 debitam

329 4297 559 4378 quantitatem,
575 4307 610 4361 et
624 4307 764 4379 possunt
780 4297 927 4363 colorem
944 4299 1129 4376 immutare,
1145 4306 1178 4362 et
1195 4299 1237 4362 de
1252 4318 1318 4361 non
1335 4299 1485 4366 colorato

328 4397 436 4463 iacere
450 4399 595 4465 colorem
614 4421 782 4485 apparere,
797 4410 832 4465 et
847 4422 865 4465 e
883 4421 1051 4465 converso.
1096 4401 1144 4464 Et
1163 4402 1240 4484 quia
1256 4402 1317 4464 lux
1331 4402 1483 4488 incorpo-

327 4511 400 4567 rata
414 4503 447 4564 in
463 4503 601 4568 materia
616 4505 817 4568 assimilatur
831 4503 942 4583 colori,
953 4503 1030 4568 licet
1045 4505 1079 4568 in
1090 4505 1228 4568 veritate
1243 4504 1367 4570 nonsit
1382 4505 1483 4585 color,

328 4613 366 4667 ut
395 4604 500 4668 nubes
533 4625 625 4670 rarae
654 4608 807 4671 videntur
835 4608 934 4672 albae
964 4617 999 4671 et
1031 4607 1157 4692 spissae
1185 4609 1341 4673 videntur
1369 4609 1484 4693 nigrae
