3542 5359
98 3392 105 3403 ·
209 3362 297 3414 bodies
306 3380 364 3429 may

397 585 458 665 478
661 590 998 651 MULTIPLICATIO
1022 590 1277 653 SPECIERUM

397 744 544 835 tropicos
558 754 694 821 veniunt
709 756 837 836 species
853 755 1000 821 directae
1015 754 1102 819 ultra
1119 777 1176 821 eos
1193 766 1332 840 propter
1346 757 1549 823 consimilem

396 858 568 921 rationem.
612 858 671 922 Ab
688 857 751 922 illis
765 867 876 922 tamen
893 858 997 923 stellis
1014 858 1092 922 fixis
1111 869 1290 943 quaesunt
1309 870 1408 925 extra
1422 862 1548 943 tropica

396 970 536 1042 possunt
566 965 677 1025 venire
707 961 997 1046 perpendiculares
1027 964 1069 1027 ad
1101 962 1175 1027 loca
1205 963 1389 1040 climatum,
1414 967 1548 1046 quando

395 1063 521 1127 scilicet
550 1074 720 1130 transeunt
750 1086 863 1130 earum
899 1068 1027 1149 species
1056 1087 1155 1149 super
1190 1067 1294 1131 lineas
1325 1070 1484 1133 cadentes
1514 1070 1545 1133 in

393 1177 542 1232 centrum
558 1170 672 1234 mundi
686 1190 746 1254 per
762 1170 834 1235 loca
850 1170 915 1234 illa.

820 1425 1049 1492 curruum
1073 1425 1117 1490 V.

693 1581 832 1646 Habens
846 1593 991 1664 quatuor
1004 1580 1242 1646 conclusiones.

222 1722 353 1774 Reflexion
435 1718 589 1782 Reflexio
605 1740 692 1794 vero,
708 1731 745 1784 ut
760 1721 888 1784 dictum
908 1731 967 1797 est,
983 1730 1034 1783 est
1056 1721 1229 1802 generatio
1252 1721 1335 1784 radii
1358 1722 1392 1783 in
1415 1730 1544 1803 partem

220 1789 362 1906 {mim
389 1826 586 1887 contrariam
602 1824 746 1888 incessus
762 1824 935 1890 incidentis
950 1844 1049 1906 super
1064 1844 1183 1906 corpus
1201 1827 1339 1888 densum
1358 1826 1544 1907 impediens

219 1935 262 2033 ζῇ
273 1922 371 2037 whfflss
389 1929 564 1991 transitum
580 1929 711 2011 speciei.
756 1928 1044 1993 Considerandum
1055 1939 1167 1993 autem
1184 1930 1291 2011 primo
1306 1929 1397 2011 quod
1415 1928 1543 1993 nullum

216 2062 245 2099 to
256 2001 321 2114 llll.
387 2042 437 2096 est
453 2042 523 2097 tam
539 2034 679 2098 densum
694 2034 775 2116 quin
791 2033 919 2115 species
936 2042 1046 2115 potest
1066 2033 1214 2113 transire,
1230 2034 1308 2114 quia
1326 2034 1437 2097 omnia
1452 2053 1544 2097 com·

216 2116 345 2232 ffipit
387 2138 555 2201 muniant
575 2140 608 2201 in
629 2138 778 2213 materia,
793 2146 827 2200 et
853 2138 928 2201 ideo
952 2146 1063 2220 potest
1087 2135 1155 2200 fleri
1178 2138 1412 2201 transmutatio
1434 2137 1542 2218 cujus-

216 2248 295 2297 sound
307 2266 365 2313 may
384 2240 468 2305 libet
485 2263 543 2324 per
557 2242 647 2305 aliud
667 2240 786 2306 saltem
806 2261 894 2322 quae
915 2250 966 2304 est
989 2262 1048 2324 per
1072 2240 1382 2323 multiplicationem
1405 2244 1539 2323 speciei,

215 2316 365 2431 pppinwolpesre
384 2355 417 2409 et
433 2347 508 2409 ideo
523 2367 582 2428 per
606 2346 752 2410 medium
774 2346 851 2410 dolii
873 2346 963 2408 aurei
983 2355 1017 2409 et
1039 2346 1133 2408 aenei
1157 2345 1280 2427 species
1305 2346 1389 2427 ignis
1411 2355 1446 2409 et
1468 2348 1541 2411 soni

214 2460 269 2508 ¹³7³
281 2461 337 2497 ω·
383 2461 555 2514 transeunt
567 2447 589 2514 ¹.
628 2450 674 2514 Et
686 2470 760 2514 curn
773 2448 911 2514 Boetius
921 2449 1001 2512 velit
1013 2450 1113 2513 tertio
1125 2450 1167 2511 de
1177 2448 1415 2513 Consolatione
1426 2459 1460 2513 et
1472 2450 1541 2528 alii,

383 2555 474 2651 quod
489 2552 625 2636 lynceus
641 2552 756 2618 oculus
778 2556 884 2637 possit
906 2563 1076 2636 penetrare
1100 2555 1242 2637 parietes
1261 2553 1389 2629 densos
1404 2565 1542 2635 oportet

213 2520 266 2562 not.

382 2660 472 2741 quod
488 2661 615 2743 species
630 2659 717 2723 oculi
734 2668 768 2723 et
782 2658 964 2722 visibilium
976 2668 1147 2723 transeunt
1160 2679 1219 2739 per
1231 2659 1378 2722 medium
1390 2660 1540 2741 parietis.

383 2762 450 2828 Sed
466 2775 579 2828 tamen
595 2772 672 2827 sunt
689 2763 793 2827 multa
808 2764 911 2827 densa
926 2783 1011 2845 quae
1027 2765 1136 2827 visum
1158 2762 1331 2826 hominum
1349 2763 1541 2845 impediunt

380 2870 515 2932 omnino
537 2878 571 2933 et
596 2867 679 2932 alios
705 2887 820 2932 sensus
844 2867 1004 2942 similiter,
1028 2868 1076 2931 ita
1099 2867 1188 2947 quod
1214 2869 1341 2948 species
1365 2867 1540 2931 sensibiles

380 2993 446 3037 non
483 2983 709 3055 pertranseant
746 2975 779 3036 in
816 2982 912 3037 tanta
948 2972 1144 3036 fortitudine
1173 2982 1211 3035 ut
1240 2972 1372 3035 valeant
1402 2991 1538 3036 sensum

378 3076 559 3141 humanum
576 3080 760 3158 immutare,
776 3077 854 3141 licet
876 3078 1057 3141 secundum
1080 3078 1256 3140 veritatem
1278 3086 1459 3157 transeant,
1474 3078 1537 3141 sed

379 3180 611 3247 insensibiliter
626 3183 731 3246 nobis.

209 3296 265 3347 The
276 3308 345 3349 sume
422 3284 508 3349 Sunt
531 3287 631 3349 etiam
654 3287 720 3351 alia
742 3305 880 3368 corpora
903 3286 1077 3351 mediocris
1100 3286 1281 3363 densitatis,
1305 3306 1325 3349 a
1348 3285 1470 3365 quibus
1496 3284 1538 3349 fit

207 3428 291 3480 reflect
302 3432 352 3480 and
377 3387 514 3452 reflexio
528 3390 626 3453 simul
642 3400 676 3453 et
691 3391 817 3458 fractio.
833 3401 871 3455 ut
886 3399 938 3454 est
953 3410 1047 3473 aqua.
1103 3390 1191 3453 Nam
1207 3389 1358 3452 videmus
1377 3390 1484 3471 pisces
1500 3398 1537 3453 et

206 3495 304 3547 retract.
377 3491 505 3575 lapides
522 3495 555 3556 in
570 3514 610 3557 ea
624 3515 685 3577 per
704 3493 908 3573 fractionem,
930 3503 964 3557 et
986 3496 1139 3558 videmus
1157 3494 1263 3558 solem
1286 3503 1320 3556 et
1336 3492 1448 3556 lunam
1474 3514 1537 3576 per

374 3596 600 3671 reflexionem,
624 3600 711 3664 sicut
734 3600 941 3683 experientia
964 3599 1072 3664 docet.
1132 3598 1232 3663 Unde
1257 3608 1394 3680 propter
1419 3598 1535 3661 densi·

373 3712 487 3783 tatem,
513 3724 599 3786 quae
631 3704 752 3769 suflicit
782 3704 956 3768 reflexioni
986 3703 1130 3786 aliquali,
1157 3704 1240 3767 radii
1270 3722 1386 3767 omnes
1417 3701 1535 3765 reflec-

372 3817 495 3884 tuntur,
518 3808 576 3872 sed
601 3818 737 3891 propter
760 3810 1025 3873 mediocritatem
1050 3809 1236 3880 densitatis,
1259 3827 1346 3888 quae
1373 3826 1438 3869 non
1466 3808 1534 3869 irn-

372 3914 465 3993 pedit
490 3914 668 3977 transitum
698 3913 791 3991 lucis,
813 3912 1010 3995 franguntur
1041 3914 1123 3978 radii
1156 3913 1188 3974 in
1217 3909 1390 3992 superficie
1412 3930 1534 3993 aquae.

373 4014 419 4079 Et
436 4018 511 4081 ideo
526 4018 668 4098 quilibet
691 4018 800 4082 radius
822 4018 902 4080 solis
923 4020 1044 4083 cadens
1063 4037 1162 4097 super
1182 4036 1305 4097 aquam
1325 4014 1534 4097 multiplicat

370 4121 435 4184 sibi
465 4120 607 4185 similem
639 4131 708 4185 tam
737 4121 919 4184 reflexione
943 4141 1044 4202 quam
1069 4141 1129 4204 per
1155 4122 1244 4183 viam
1269 4119 1460 4198 fractionis;
1493 4130 1534 4183 et

371 4226 446 4289 ideo
461 4226 603 4289 debilior
617 4236 668 4289 est
684 4224 821 4290 reflexio
844 4246 945 4306 quam
968 4225 1024 4288 illa
1044 4245 1130 4308 quae
1152 4223 1189 4287 fit
1207 4245 1227 4287 a
1245 4224 1349 4287 denso
1372 4222 1534 4306 perfecte,

368 4338 403 4392 et
418 4329 560 4393 debilior
574 4328 693 4393 fractio
708 4349 809 4412 quam
826 4330 853 4392 si
869 4349 989 4411 corpus
1011 4330 1192 4392 secundum
1213 4337 1301 4391 esset
1319 4337 1389 4391 tam
1414 4348 1532 4391 rarum

369 4442 405 4495 ut
422 4432 512 4497 nulla
528 4431 622 4498 fleret
638 4433 788 4513 reflexio,
803 4436 890 4499 sicut
905 4445 956 4499 est
973 4436 1004 4497 in
1021 4452 1105 4495 aere.

400 4576 408 4605 ¹
424 4577 489 4625 This
506 4578 529 4625 is
546 4594 562 4626 a
578 4578 689 4637 striking
706 4578 784 4639 prooi
795 4578 825 4626 os
839 4576 951 4627 Bacou's
970 4578 1053 4627 sound
1073 4576 1178 4627 instinct
1194 4578 1221 4627 in
1239 4576 1356 4639 physicsl
1374 4576 1529 4640 reasoning,

367 4654 482 4715 tending,
495 4670 525 4704 as
537 4656 557 4704 it
569 4656 622 4717 did,
634 4657 750 4705 towards
761 4658 805 4705 the
817 4657 972 4705 correlation
984 4656 1013 4705 ol
1022 4656 1121 4705 radiant
1132 4656 1223 4705 forces.
1256 4654 1297 4705 Cf.
1309 4655 1358 4703 vol.
1372 4656 1387 4704 i.
1399 4670 1424 4717 p.
1439 4670 1498 4715 114.
