3542 5359
321 652 647 712 PERSPECTIVAE
670 652 785 710 PARS
808 652 1031 711 SECUNDA:
1071 653 1178 711 DISY.
1206 653 1264 711 III.
1344 666 1400 726 117

247 817 281 880 in
297 816 424 880 oriente
438 825 472 879 et
488 815 660 879 occidente
675 835 775 898 quam
796 815 829 877 in
852 815 963 879 medio
981 815 1076 894 coeli,
1091 816 1172 880 dicit
1189 816 1400 880 Ptolemaeus
1414 827 1480 891 why
1492 835 1553 874 sian

248 921 282 984 in
299 920 396 984 tertio
411 930 444 984 et
460 930 598 1002 quarto;
621 929 656 983 et
668 919 820 983 Alhazen
836 919 868 982 in
884 920 1036 1003 septimo.
1075 921 1121 983 Et
1135 931 1247 1002 potest
1263 921 1399 984 demon·
1413 893 1569 1010 fflffgffl

248 1024 344 1090 strari
363 1045 422 1108 per
437 1023 510 1098 hoc,
526 1025 616 1106 quod
631 1023 721 1088 visus
734 1023 863 1106 judicat
881 1023 1010 1086 coelum
1028 1025 1120 1104 quasi
1143 1024 1260 1107 planae
1275 1023 1400 1106 figurae
1412 1026 1522 1074 horizon.

249 1140 407 1193 extensae
418 1148 516 1210 super
528 1138 628 1210 caput
640 1129 673 1190 in
686 1128 848 1191 orientem
860 1137 894 1191 et
906 1129 1124 1206 occidentem,
1134 1127 1270 1210 quando
1285 1128 1401 1210 aspicit

249 1234 292 1296 ad
316 1233 457 1296 alterum
480 1230 619 1295 illorum.
667 1231 734 1296 Sed
758 1233 848 1313 quod
865 1233 996 1295 videtur
1017 1252 1124 1316 prope
1145 1241 1246 1314 caput
1268 1232 1402 1314 propin·

250 1338 346 1419 quius
361 1336 499 1412 videtur,
516 1347 549 1400 et
564 1337 640 1400 ideo
655 1335 752 1399 stella
767 1337 903 1419 quando
921 1347 972 1400 eat
988 1337 1021 1399 ln
1042 1337 1153 1399 medio
1173 1335 1256 1400 coeli
1271 1336 1402 1398 videtur

251 1461 323 1503 esse
344 1440 566 1522 propinquior,
587 1451 621 1503 et
645 1442 720 1504 ideo
742 1440 776 1503 in
800 1440 974 1505 horizonte
991 1442 1123 1503 videtur
1141 1441 1248 1523 magis
1270 1440 1400 1504 distare.

252 1542 321 1608 Sed
336 1545 426 1626 quod
448 1546 556 1626 magis
571 1545 702 1607 videtur
718 1544 840 1608 distare
854 1545 985 1608 videtur
1000 1565 1073 1608 esse
1093 1544 1209 1626 majus,
1224 1555 1401 1628 postquam

250 1649 313 1710 sub
337 1648 457 1711 eodem
483 1649 606 1730 angulo
630 1649 769 1712 videtur.
817 1647 885 1713 Sed
910 1649 999 1731 quod
1024 1650 1206 1712 secundum
1228 1650 1402 1713 veritatem

252 1751 358 1834 magis
371 1752 474 1816 distat
492 1762 543 1816 est
564 1753 672 1835 majus
696 1763 874 1836 postquam
897 1755 961 1818 sub
983 1754 1102 1817 eodem
1123 1753 1247 1835 angulo
1269 1772 1345 1816 cum
1368 1773 1403 1815 re

253 1855 370 1919 minori
386 1857 525 1920 videtur.
574 1856 623 1921 Ut
643 1857 699 1920 ab
719 1858 827 1939 magis
843 1857 946 1922 distat
969 1857 1013 1921 ab
1032 1858 1139 1930 oculo,
1163 1867 1197 1921 et
1221 1857 1329 1940 majus
1352 1867 1403 1920 est

250 1981 351 2043 quam
365 1983 382 2023 c
395 1961 426 2038 d,
441 1972 476 2025 et
490 1983 507 2024 c
520 1961 659 2045 dquam
674 1961 733 2042 ef.
770 1963 860 2045 Ergo
876 1973 957 2027 tunc
973 1962 1168 2045 relinquitur
1178 1964 1268 2044 quod
1284 1961 1399 2025 stellae

252 2075 415 2148 apparent
438 2064 572 2147 majoris
595 2067 792 2148 quantitatis
815 2068 848 2128 in
871 2069 996 2129 oriente
1014 2086 1115 2148 quam

252 2169 284 2231 in
301 2168 410 2231 medio
426 2169 518 2232 coeli.
554 2169 600 2231 Et
621 2169 685 2231 boc
704 2179 799 2251 patet
820 2171 926 2234 aliter.
959 2171 1117 2233 Remotio

251 2291 365 2336 earum
381 2274 516 2353 quando
532 2283 608 2335 sunt
627 2274 660 2335 in
680 2274 806 2338 oriente
822 2274 1117 2356 comprehenditur

252 2396 310 2458 per
321 2376 601 2459 interpositionem
614 2386 719 2440 terrae
733 2399 740 2454 ;
765 2379 824 2441 sed
834 2377 881 2442 sic
897 2397 963 2441 non
976 2385 1117 2461 possunt

252 2479 490 2561 comprehendi
526 2481 662 2562 quando
699 2490 775 2544 sunt
810 2481 844 2543 in
883 2482 995 2545 medio
1030 2480 1116 2545 coeli

253 2593 392 2667 propter
427 2583 714 2648 insensibilitatem
748 2587 843 2648 aeris.
914 2585 1006 2668 Ergo
1039 2604 1114 2648 cum

255 2688 362 2771 magis
379 2689 560 2772 percipitur
575 2708 688 2752 earum
712 2691 855 2753 remotio
877 2691 1015 2773 quando
1038 2698 1116 2752 sunt

254 2793 288 2854 in
325 2794 451 2856 oriente
490 2813 591 2874 quam
629 2795 663 2856 in
696 2795 807 2857 medio
838 2791 932 2869 coeli,
965 2793 1116 2875 sequitur
1134 2804 1159 2848 a

253 2895 346 2978 quod
383 2897 489 2979 magis
526 2897 679 2961 videntur
719 2910 799 2961 tunc
845 2899 978 2977 distare,
1014 2916 1114 2979 quam

253 3001 389 3082 quando
421 3009 499 3064 sunt
530 3002 562 3063 in
592 3001 703 3065 medio
733 3001 826 3065 coeli.
888 3002 980 3083 Ergo
1010 3011 1047 3064 ut
1077 2999 1167 3082 prius
1198 2993 1406 3079 apparebunt

254 3104 390 3186 majora

300 3204 413 3269 Potest
429 3205 529 3269 etiam
549 3204 788 3290 exemplificari
807 3206 852 3268 de
874 3217 967 3269 motu
990 3214 1025 3269 et
1047 3205 1170 3289 quiete,
1185 3209 1346 3284 quantum
1362 3199 1404 3262 ad
1422 3205 1567 3282 Optimu-

253 3309 477 3390 cognitionem
492 3329 579 3391 quae
595 3311 715 3373 dicitur
729 3329 800 3373 esse
816 3330 875 3392 per
891 3310 1130 3393 syllogismum.
1163 3307 1278 3369 Motus
1293 3311 1404 3366 autem
1421 3273 1567 3403 ffisstffln

253 3415 466 3496 cognoscitur
494 3436 538 3479 ex
567 3417 814 3497 comparatione
841 3416 886 3477 rei
917 3424 1029 3478 motae
1055 3415 1097 3477 ad
1123 3412 1222 3476 aliam
1253 3417 1406 3492 respectu
1422 3404 1555 3518 wel?

253 3517 348 3600 cujus
371 3529 480 3582 mutat
500 3521 609 3582 situm.
656 3519 758 3584 Unde
784 3537 852 3580 non
878 3518 1130 3601 comprehendit
1153 3516 1242 3578 visus
1267 3522 1406 3590 motum,
1534 3505 1540 3516 ’

255 3623 316 3685 nisi
345 3623 480 3704 quando
506 3624 793 3707 comprehenderit
818 3642 888 3685 rem
914 3623 946 3685 in
973 3623 1104 3687 duobus
1128 3621 1208 3685 locis
1232 3627 1266 3682 et
1289 3617 1407 3680 sitibus

253 3728 413 3805 diversis3
436 3739 469 3791 et
483 3729 567 3792 situs
582 3730 628 3791 rei
648 3729 740 3791 visae
760 3747 826 3790 non
849 3725 1097 3804 diversificatur,
1113 3725 1175 3787 nisi
1196 3725 1230 3786 in
1244 3732 1407 3804 tempore.

255 3829 469 3915 Quapropter
505 3843 616 3896 motus
653 3853 718 3896 non
755 3831 1048 3915 comprehenditur
1084 3830 1146 3895 nisi
1184 3830 1217 3891 in
1257 3838 1408 3906 tempore

253 3935 409 4000 sensibili.
455 3935 559 4019 Quies
580 3936 728 4001 similiter
745 3936 1035 4020 comprehenditur
1052 3955 1072 3998 a
1094 3935 1176 4010 visu,
1191 3951 1236 3995 ex
1258 3947 1408 4010 compre·

253 4040 413 4104 hensione
439 4041 486 4104 rei
511 4041 599 4106 visae
625 4041 657 4104 in
688 4042 806 4104 eodem
837 4040 913 4105 loco
942 4050 977 4104 et
1006 4040 1125 4101 eodem
1156 4037 1221 4098 situ
1256 4043 1409 4112 ternpore

253 4145 410 4210 sensibili.
472 4145 518 4209 Et
546 4146 636 4208 visus
673 4143 898 4227 multipliciter
932 4155 1018 4207 errat
1053 4142 1086 4204 in
1118 4137 1409 4221 comprehensione
1453 4203 1457 4210 ,

255 4263 366 4314 motus
389 4259 423 4314 et
445 4249 573 4332 quietis.
620 4249 708 4312 Nam
732 4249 912 4331 aliquando
935 4246 1035 4310 motis
1054 4243 1197 4307 nubibus
1219 4239 1409 4304 aestimatur

1213 2875 1274 2925 Fre.
1284 2877 1327 2939 48.

255 4457 351 4510 puncto
369 4447 412 4510 qui
430 4460 509 4506 super
524 4451 602 4506 caput
618 4452 733 4493 nostrum
751 4451 791 4494 est
807 4451 933 4506 apparent
948 4441 1080 4499 minoren
1095 4453 1163 4500 quae
1173 4451 1235 4486 vem
1251 4443 1313 4484 sunt
1326 4450 1409 4497 prope

254 4529 415 4576 horizontem
426 4525 547 4572 videntur
557 4525 660 4572 diverso
672 4524 756 4584 modo,
769 4531 796 4573 et
810 4522 953 4572 secundum
967 4513 1199 4570 consuetudinem!
1233 4514 1272 4564 Cl.
1283 4514 1409 4574 Albucia,

255 4607 296 4658 hb.
309 4607 353 4654 vii.
364 4619 421 4666 cap.
435 4618 458 4664 7,
471 4617 544 4664 prop.
558 4615 598 4663 51.
633 4601 676 4651 lle
688 4603 823 4652 attributes
834 4602 879 4650 the
894 4607 1021 4664 apparent
1033 4598 1211 4658 entargement
1222 4595 1247 4641 in
1264 4602 1338 4656 great
1352 4599 1410 4656 part

253 4699 282 4740 to
294 4689 367 4738 mista
378 4687 431 4735 and
443 4699 554 4747 vapours
566 4699 630 4733 near
640 4683 684 4732 the
696 4681 812 4731 horizon.
