3542 5359
361 611 421 674 330
584 592 739 652 OPERIS
763 592 951 662 MAJORIS
978 592 1091 651 PARS
1116 589 1314 650 SEPTIMA.

363 759 526 823 dicuntur.
583 758 627 821 Et
658 777 758 822 naves
789 777 888 833 nunc,
915 776 1001 839 quae
1031 778 1074 820 ex
1109 757 1248 840 antiqua
1279 753 1516 821 consuetudine

363 874 570 927 commeatus
582 883 640 945 per
649 862 798 926 Tiberim
810 860 997 925 subvehunt
1006 859 1030 937 ¹,
1042 862 1224 925 codicariae
1237 871 1406 925 vocantur.
1439 859 1515 922 Non

364 978 415 1031 est
438 967 607 1049 profutura
628 967 705 1033 talis
727 967 873 1030 scientia.
891 1014 898 1028 .
915 1013 923 1029 .
942 1015 950 1028 .
968 965 1059 1030 Num
1083 975 1116 1030 et
1138 966 1201 1028 hoc
1225 966 1380 1047 cuiquam
1403 982 1517 1028 curare

364 1074 535 1155 permittes
554 1074 645 1155 quod
663 1073 787 1153 primus
805 1071 843 1133 L.
861 1070 955 1135 Sulla
974 1072 1007 1134 in
1027 1071 1114 1134 circo
1137 1070 1249 1134 leones
1269 1069 1396 1133 solutos
1417 1069 1518 1142 dedit,

364 1198 438 1242 cum
464 1176 588 1260 alioqui
612 1175 750 1258 adligati
777 1177 945 1252 darentur,
967 1175 1011 1238 ad
1034 1173 1255 1238 conficiendos
1282 1195 1340 1237 eos
1367 1175 1473 1238 missis
1498 1193 1518 1234 a

365 1303 440 1366 rege
463 1276 612 1367 [Boccho
627 1274 903 1366 jaculatoribusl]
922 1327 928 1341 .
945 1326 953 1341 .
972 1329 979 1344 .
997 1279 1088 1342 Num
1109 1288 1143 1342 et
1158 1279 1352 1362 Pompeium
1375 1279 1517 1360 primum

365 1388 397 1450 in
421 1388 508 1451 circo
530 1386 782 1469 elephantorum
804 1387 872 1449 duo
894 1384 936 1447 de
959 1385 1074 1466 viginti
1099 1404 1227 1467 pugnas
1250 1384 1403 1459 edidisse,
1426 1402 1516 1446 com·

365 1490 472 1554 missis
496 1511 587 1553 more
609 1490 723 1573 proelii
749 1489 857 1552 noxiis
882 1488 1080 1562 hominibus,
1104 1489 1147 1551 acl
1171 1487 1272 1551 ullam
1300 1507 1368 1551 rem
1396 1487 1518 1549 bonam

365 1596 532 1677 pertinet?
552 1642 559 1655 .
576 1643 582 1656 .
600 1640 607 1655 .
625 1594 838 1657 memorabile
856 1594 985 1677 putavit
1000 1593 1179 1675 spectaculi
1195 1612 1299 1674 genus
1318 1611 1406 1655 novo
1428 1610 1519 1652 more

366 1699 503 1780 perdere
519 1697 692 1760 homines.
709 1747 716 1760 .
733 1745 740 1759 .
757 1696 870 1761 Satius
885 1707 956 1760 erat
974 1696 1036 1760 ista
1052 1697 1084 1759 in
1101 1695 1303 1761 oblivionem
1319 1695 1375 1772 ire,
1388 1715 1430 1757 ne
1444 1695 1519 1776 quis

366 1815 484 1885 postea
501 1811 620 1886 potens
636 1804 788 1879 disceret,
804 1802 1030 1884 invideretque
1050 1801 1093 1863 rei
1113 1801 1247 1862 minime
1268 1800 1465 1863 humanae..
1484 1844 1491 1858 .
1513 1848 1519 1859 .

366 1907 446 1970 Alia
463 1907 620 1988 deinceps
635 1905 889 1970 innumerabilia
905 1925 990 1986 quae
1006 1915 1063 1968 aut
1077 1904 1154 1967 ficta
1169 1915 1254 1977 sunt,
1268 1914 1324 1967 aut
1341 1901 1520 1966 mendaciis

366 2012 494 2075 similia.
510 2059 516 2070 .
531 2061 538 2074 .
553 2060 560 2074 .
575 2011 738 2075 Dubitare
754 2032 789 2074 se
801 2011 890 2074 enim
906 2005 1089 2096 [Fabianus
1102 2020 1214 2072 noster
1225 2001 1349 2093 aiebat]
1361 2026 1403 2070 an
1416 2006 1520 2069 satius
1535 2083 1538 2088 Ι

366 2127 453 2180 esset
469 2116 567 2179 nullis
583 2117 702 2180 studiis
717 2115 886 2180 admoveri
903 2135 1004 2197 quarn
1019 2113 1071 2176 his
1087 2109 1268 2196 implicari.'

199 2240 332 2287 comment
413 2220 507 2283 Haec
523 2230 636 2284 tamen
660 2219 807 2284 recitavit
827 2218 966 2294 Seneca,
982 2229 1019 2280 ut
1040 2219 1134 2281 daret
1157 2215 1312 2298 exempla
1327 2214 1429 2278 verbo
1449 2233 1521 2289 su0,

199 2304 229 2352 ol
238 2305 321 2352 Bacon

198 2386 231 2418 on
241 2369 305 2419 lore·

368 2335 469 2407 atque
483 2335 643 2407 tanquam
658 2324 793 2388 vitanda
809 2325 987 2390 concludit.
1035 2324 1111 2405 Ego
1127 2343 1204 2386 vero
1222 2323 1304 2384 haec
1325 2317 1521 2383 introduxi²

201 2435 278 2500 taine
369 2429 475 2510 magis
487 2438 623 2511 propter
634 2428 811 2493 utilitatem
824 2430 1041 2512 expositionis
1050 2425 1286 2492 vocabulorum
1299 2425 1521 2506 antiquorum,

199 2500 349 2565 paragraph.
369 2533 376 2546 .

368 2553 401 2594 m
427 2532 548 2615 quibus
572 2553 632 2597 nos
655 2553 771 2596 omnes
798 2544 960 2619 quantum
985 2535 1028 2598 ad
1052 2531 1287 2595 vocabulorum
1310 2530 1521 2608 antiquorum

368 2637 604 2719 proprietatem
632 2657 787 2712 erramus,
809 2659 876 2702 non
903 2638 1011 2703 solum
1038 2638 1070 2701 in
1097 2635 1250 2700 humanis
1274 2653 1388 2697 verum
1419 2633 1521 2695 etiam

367 2741 401 2804 in
432 2742 562 2805 divinis.
606 2743 696 2806 Nam
727 2754 931 2807 caeterorum
961 2741 1198 2807 vocabulorum
1228 2739 1375 2802 obmisso
1404 2735 1523 2808 relatu,

369 2845 531 2910 habemus
557 2845 610 2909 hic
633 2848 714 2930 quid
739 2847 854 2912 Circus
880 2846 1054 2930 significet,
1077 2847 1162 2909 unde
1188 2845 1258 2908 ludi
1285 2844 1456 2919 circenses,
1478 2842 1523 2903 de

370 2952 491 3032 quibus
500 2952 533 3013 in
545 2951 698 3033 Epistola
710 2953 753 3015 ad
766 2953 939 3016 Paulinum
951 2951 1139 3033 praeposita
1151 2949 1285 3022 Bibliae,
1296 2944 1523 3027 Hieronymus

370 3054 543 3138 eloquitur.
591 3056 668 3118 Non
683 3057 839 3119 dicuntur
856 3057 1016 3120 circenses
1036 3055 1104 3119 ludi
1124 3053 1201 3135 quia
1222 3053 1308 3116 circa
1327 3070 1430 3126 enses,
1446 3049 1531 3112 licet

370 3159 435 3221 hoc
456 3160 572 3223 recitet
591 3159 739 3223 Isidorus
753 3169 873 3224 octavo
889 3159 1019 3223 decimo
1035 3159 1357 3239 Etymologicorum,
1373 3175 1431 3217 nec
1450 3152 1524 3217 aliis

371 3262 482 3325 modis
508 3263 627 3344 quibus
649 3261 783 3345 fingitur
806 3263 952 3327 mendax
976 3262 1181 3346 explanatio.
1228 3259 1295 3324 Sed
1317 3259 1478 3323 circenses
1504 3277 1525 3318 a

371 3365 458 3427 circo
482 3365 643 3442 dicuntur,
659 3365 716 3446 qui
740 3365 802 3429 luit
825 3365 916 3429 locus
939 3366 1099 3430 rotundus
1125 3365 1167 3427 ad
1191 3364 1327 3427 modurn
1352 3359 1465 3424 circuli
1489 3359 1524 3421 in

371 3487 439 3549 quo
468 3466 670 3550 gladiatores
699 3478 734 3532 et
760 3469 960 3550 jaculatores
989 3470 1032 3532 ad
1060 3469 1200 3531 invicem
1230 3476 1347 3529 contra
1377 3465 1460 3528 ieras
1492 3463 1525 3526 in

371 3571 596 3652 spectaculum
622 3572 789 3652 publicum
813 3574 1028 3648 dimicabant,
1050 3573 1135 3636 sicut
1161 3571 1270 3635 adhuc
1294 3569 1331 3632 fit
1355 3570 1388 3631 in
1413 3568 1526 3631 multis

372 3675 549 3757 provinciis
575 3677 665 3758 quod
689 3675 839 3741 homines
863 3687 1104 3761 congregantur
1127 3678 1159 3740 in
1183 3675 1319 3738 circuitu
1343 3675 1429 3738 circa
1452 3672 1526 3734 illos

371 3783 428 3867 qui
442 3785 485 3846 ad
501 3782 642 3846 invicem
657 3782 841 3867 confligunt
855 3804 930 3847 curn
947 3783 1033 3848 seris.

418 3886 485 3951 Sed
515 3908 592 3950 cum
620 3887 747 3952 Seneca
773 3889 975 3952 redeundum
1007 3897 1056 3951 est
1082 3889 1125 3950 ad
1152 3885 1361 3969 propositum
1386 3885 1528 3960 dicente,

374 3991 465 4056 ‘Soli
482 3994 628 4056 omnium
652 3993 750 4056 otiosi
773 4003 848 4056 sunt
871 3993 927 4075 qui
946 3991 1127 4073 sapientiae
1145 3999 1284 4067 vacant;
1310 3989 1373 4053 soli
1391 3990 1528 4062 vivunt;

375 4117 435 4159 nec
469 4097 557 4160 enim
594 4117 690 4161 suam
724 4107 854 4160 tantum
884 4106 1030 4160 aetatem
1062 4095 1229 4169 tuentur'3
1262 4115 1375 4158 verum
1411 4098 1528 4158 ‘omne

373 4221 491 4264 aevum
509 4222 568 4264 suo
584 4200 752 4282 adjiciunt.
797 4200 967 4283 Quicquid
984 4220 1147 4263 annorum
1163 4210 1242 4262 ante
1258 4198 1331 4263 illos
1341 4209 1453 4264 actum
1466 4212 1529 4278 est,

375 4304 439 4367 illis
461 4306 664 4387 adquisitum
690 4315 751 4368 est.
798 4305 871 4369 Nisi
897 4303 1108 4386 ingratissimi
1136 4323 1258 4380 sumus,
1282 4303 1329 4365 illi
1357 4303 1529 4367 clarissimi

409 4475 417 4505 ¹
434 4476 556 4534 subeunt,
569 4475 645 4525 MSS.

408 4551 418 4580 ²
436 4553 458 4601 lt
473 4555 495 4601 is
511 4553 614 4602 curious
629 4562 657 4603 to
672 4554 726 4602 find
738 4554 834 4610 Bacon,
847 4553 874 4602 in
889 4553 1036 4616 opposition
1048 4561 1076 4602 to
1091 4553 1135 4602 the
1148 4553 1215 4602 main
1228 4559 1372 4614 argument,
1384 4554 1532 4616 extracting
1633 4545 1640 4557 '

376 4632 450 4680 value
461 4630 526 4679 from
538 4633 609 4680 what
619 4647 676 4680 was
688 4631 748 4682 held
759 4632 795 4694 by
806 4631 909 4680 Seneca
921 4638 948 4680 to
960 4632 992 4680 be
1004 4631 1103 4681 useless
1114 4631 1277 4694 knowledge.
