3542 5359
409 575 604 636 MORALIS
629 572 948 634 PHILOSOPHIA:
974 571 1089 632 PARS
1117 569 1281 630 TERTIA.
1357 586 1419 646 299

268 740 441 824 negligunt
464 759 620 822 prospera
642 737 742 820 hujus
764 737 886 800 mundi.
933 737 1026 800 Fecit
1047 755 1126 799 vero
1149 733 1276 800 Seneca
1298 733 1418 797 libmm
1432 738 1550 816 assigna-

268 845 312 908 ad
345 844 510 908 Lucilium
548 843 642 925 cujus
670 841 786 906 titulus
815 850 875 919 est,
914 839 1000 905 Cum
1038 839 1182 903 mundus
1211 837 1418 923 providentia
1430 811 1569 931 ξὲἓὲὲῑψ

267 948 479 1032 gubernetur,
497 968 598 1030 quare
623 944 727 1009 multa
747 945 834 1009 mala
852 945 930 1008 viris
949 944 1045 1008 bonis
1065 943 1242 1008 accidant?
1288 942 1327 1005 ln
1350 962 1418 1024 quo
1431 936 1543 1050 ἔξω

268 1053 356 1131 dicit,
386 1050 493 1116 ‘Cum
515 1053 636 1116 videris
659 1051 764 1114 bonos
794 1050 881 1114 viros
911 1058 1133 1131 acceptosque
1164 1048 1239 1111 Deo
1269 1046 1419 1111 laborare
1431 1066 1548 1130 dialogus

268 1158 396 1233 sudare,
424 1176 486 1239 per
514 1157 654 1220 arduum
686 1155 862 1218 escendere
873 1149 894 1232 ¹,
927 1153 1032 1217 malos
1061 1164 1174 1217 autem
1206 1150 1355 1215 lascivire
1385 1161 1418 1215 et
1430 1132 1566 1248 fflffl

270 1259 498 1341 voluptatibus
521 1259 632 1336 fluere,
654 1260 765 1342 cogita
794 1278 855 1321 nos
885 1255 1028 1320 filiorum
1060 1257 1222 1320 modestia
1251 1254 1418 1330 delectari,

268 1364 476 1427 vernularum
491 1363 643 1426 licentia:
665 1362 740 1427 illos
755 1361 930 1443 disciplina
945 1361 1079 1425 tristiori
1096 1360 1255 1424 contineri
1268 1384 1276 1437 ;
1298 1360 1416 1424 horum
1430 1378 1494 1443 Cap.
1511 1392 1534 1436 1,
1548 1395 1569 1426 ι.

268 1466 311 1530 ali
338 1469 523 1533 audaciam.
569 1468 700 1531 Bonum
721 1467 828 1529 virum
857 1467 950 1530 Deus
982 1466 1015 1530 in
1042 1464 1167 1530 deliciis
1198 1485 1264 1528 non
1293 1463 1417 1541 habet;

267 1573 447 1655 experitur,
463 1571 605 1647 indurat,
620 1573 684 1636 sibi
705 1572 799 1635 illum
815 1580 919 1654 parat.
964 1569 1057 1634 Nihil
1081 1567 1228 1634 accidere
1243 1568 1333 1632 bono
1347 1568 1419 1631 viro

270 1675 348 1738 mali
370 1685 499 1758 potest:
521 1696 587 1739 non
615 1677 794 1740 miscentur
823 1677 997 1739 contraria.
1044 1673 1338 1758 Quemadmodum
1366 1683 1418 1737 tot

269 1799 393 1853 amnes,
415 1788 544 1844 tantum
569 1801 710 1863 superne
733 1779 939 1864 dejectorum
963 1779 1130 1856 imbrium,
1154 1788 1247 1842 tanta
1274 1778 1418 1841 medica-

268 1891 376 1946 torum
392 1884 441 1947 vis
464 1884 604 1948 fontium
628 1903 697 1948 non
722 1892 852 1948 mutant
874 1903 1027 1967 saporem
1049 1883 1158 1956 maris,
1181 1903 1222 1945 ne
1244 1883 1417 1945 remittunt

267 1987 422 2069 quidem;
445 1987 491 2053 ita
514 1990 725 2052 adversarum
744 1989 888 2070 impetus
911 2007 1018 2051 rerum
1038 1987 1097 2050 viri
1118 1986 1212 2049 fortis
1230 2005 1297 2049 non
1319 1986 1418 2049 vertit

267 2092 423 2155 animum.
469 2091 586 2155 Manet
604 2093 637 2155 in
652 2103 752 2171 statu,
767 2103 801 2156 et
816 2091 972 2174 quicquid
987 2090 1095 2154 evenit
1111 2090 1144 2153 in
1160 2109 1257 2152 suum
1273 2088 1416 2152 colorem

267 2195 385 2259 trahit:
410 2206 460 2259 est
476 2197 563 2258 enim
581 2197 736 2260 omnibus
758 2197 906 2260 externis
929 2195 1106 2278 potentior.
1152 2193 1224 2256 Nec
1247 2192 1309 2256 hoc
1331 2195 1416 2269 dico,

267 2319 334 2362 non
349 2299 449 2362 sentit
464 2298 540 2375 illa3
561 2300 620 2363 sed
636 2301 745 2379 vincit,
760 2309 794 2364 et
809 2300 941 2382 quietus
956 2307 990 2362 et
1011 2297 1160 2380 placidus
1180 2307 1294 2360 contra
1309 2298 1416 2361 incur-

267 2404 371 2466 rentia
392 2403 566 2467 attollitur.
612 2404 735 2469 Omnia
761 2405 901 2469 adversa
926 2404 1183 2468 exercitationes
1204 2400 1320 2486 putat'
1345 2449 1352 2464 .
1376 2452 1383 2466 .
1408 2451 1415 2464 .

267 2505 414 2572 ‘Marcet
445 2509 514 2572 sine
544 2509 733 2573 adversario
761 2509 873 2572 virtus.
919 2508 1014 2572 Tunc
1051 2516 1189 2590 apparet
1218 2516 1344 2590 quanta
1373 2508 1417 2572 sit

267 2621 497 2695 quantumque
527 2614 663 2696 polleat,
692 2635 768 2678 cum
798 2615 879 2696 quid
910 2614 1014 2697 possit
1052 2612 1212 2695 patientia
1249 2611 1415 2676 ostendit’

267 2715 455 2798 ‘Quicquid
489 2719 610 2782 accidit
635 2719 713 2782 boni
744 2717 924 2797 consulant,
949 2719 981 2781 in
1004 2718 1129 2782 bonum
1152 2725 1291 2780 vertant
1335 2715 1414 2778 Non

265 2820 355 2903 quid,
377 2821 436 2885 sed
458 2824 741 2904 quemadmodum
765 2821 859 2899 seras,
881 2823 1025 2885 interest.
1059 2822 1137 2884 Non
1167 2819 1258 2884 vides
1288 2830 1415 2899 quanto

266 2924 362 2989 aliter
380 2935 491 3009 patres
510 2926 607 2992 aliter
628 2937 750 2991 matres
773 2926 991 3011 indulgeant?
1029 2925 1081 2989 llli
1104 2925 1277 2989 exercitari
1296 2923 1414 3006 jubent

267 3029 387 3094 liberos
424 3032 467 3095 ad
505 3034 616 3096 studia
652 3033 823 3097 subeunda
860 3041 999 3110 mature,
1032 3031 1156 3095 feriatis
1193 3029 1310 3093 diebus
1346 3049 1414 3093 non

267 3136 438 3218 patiuntur
461 3155 533 3200 esse
556 3138 689 3217 otiosos,
712 3145 746 3200 et
770 3138 925 3202 sudorem
951 3135 1023 3215 illis,
1044 3135 1224 3218 aliquando
1250 3133 1414 3216 lacrymas

265 3240 448 3303 excutiunt.
502 3240 553 3304 At
583 3251 706 3306 matres
732 3241 841 3305 lovere
870 3241 903 3304 in
933 3243 1014 3318 sinu,
1037 3241 1205 3305 continere
1234 3240 1267 3302 in
1296 3241 1414 3303 umbra

266 3343 401 3408 volunt:
435 3364 605 3427 nunquam
638 3345 725 3424 flere,
751 3366 918 3428 nunquam
950 3345 1107 3421 laborare,
1138 3365 1306 3428 nunquam
1337 3365 1414 3408 con·

266 3448 398 3512 tristari.
446 3448 593 3512 Patrium
611 3449 704 3514 Deus
718 3451 875 3513 adversos
898 3449 1005 3512 honos
1020 3449 1109 3513 viros
1132 3448 1233 3513 habet
1256 3449 1413 3528 animum,

266 3561 300 3615 et
324 3552 398 3616 illos
421 3549 550 3616 fortiter
571 3563 672 3627 amat,
688 3563 731 3632 et,
753 3553 929 3635 Operibus,
953 3553 1069 3635 inquit,
1090 3553 1262 3617 doloribus
1284 3555 1414 3618 damnis

265 3657 489 3739 exagitentur,
511 3667 549 3721 ut
570 3678 684 3722 verum
707 3658 866 3740 colligant
890 3657 999 3722 robur.
1045 3657 1222 3742 Languent
1244 3678 1304 3741 per
1329 3659 1414 3721 iner-

265 3761 347 3825 tiam
362 3761 534 3843 saginata:
557 3782 618 3826 nec
636 3760 751 3826 labore
763 3772 905 3836 tantum,
922 3761 980 3825 sed
997 3771 1091 3825 motu
1107 3771 1140 3826 et
1157 3762 1229 3844 ipso
1248 3763 1298 3826 sui
1314 3782 1413 3827 onere

262 3863 431 3929 deficiunt
484 3865 564 3929 Non
591 3865 654 3930 lert
680 3865 785 3930 ullum
814 3867 918 3930 ictum
949 3866 1062 3930 illaesa
1088 3865 1236 3930 felicitas.
1280 3865 1331 3930 At
1358 3866 1414 3929 ubi

265 3969 398 4032 assidua
420 3969 483 4033 fuit
505 3990 581 4034 cum
605 3971 827 4035 incommodis
854 3971 923 4034 suis
946 3971 1027 4047 rixa,
1051 3968 1172 4034 callum
1196 3990 1255 4052 per
1281 3969 1415 4053 injurias

265 4074 372 4151 duxit,
402 4094 463 4138 nec
493 4073 549 4137 ulli
581 4075 669 4139 malo
699 4076 795 4153 cedit,
823 4077 882 4139 sed
912 4075 1012 4139 etiam
1043 4075 1070 4137 si
1102 4075 1229 4150 cecidit,
1256 4076 1298 4139 de
1327 4096 1414 4157 genu

263 4219 350 4268 which
369 4235 415 4269 are
435 4221 524 4280 noted,
539 4221 584 4269 the
603 4222 750 4283 quoutiom
770 4237 815 4270 ere
831 4222 922 4284 nearly
939 4229 1022 4281 exact,
1039 4229 1133 4283 except
1149 4220 1205 4269 that
1221 4220 1284 4268 here
1302 4236 1331 4268 as
1349 4221 1415 4270 else-

263 4299 363 4359 where,
374 4299 413 4347 t'or
427 4298 460 4347 Di
476 4298 641 4360 immortales,
655 4300 743 4349 Bncon
757 4300 858 4363 usually
872 4301 1023 4350 substitutes
1040 4299 1127 4358 Deus;
1147 4300 1191 4348 the
1208 4299 1323 4361 singular
1338 4299 1416 4362 being

263 4379 294 4426 os
306 4391 398 4426 course
414 4377 441 4424 in
456 4393 534 4440 many
544 4378 632 4440 places
646 4380 711 4428 used
727 4380 763 4440 hy
774 4377 876 4428 Seneca
891 4378 1000 4428 himself.
1035 4377 1134 4429 words
1151 4393 1290 4440 necessary
1306 4385 1332 4426 to
1347 4393 1413 4426 eom·

263 4456 333 4519 plete
344 4456 389 4504 the
404 4470 484 4506 sense
498 4456 565 4507 have
576 4457 642 4509 been
657 4456 829 4520 occasionnlly
839 4458 958 4524 supplied
972 4457 1038 4508 iroru
1051 4457 1158 4516 seneca
1169 4457 1220 4508 and
1232 4473 1276 4509 are
1290 4457 1414 4510 enclosed

263 4536 289 4582 in
302 4535 429 4584 bruchem

295 4614 303 4642 ¹
321 4613 353 4664 D.
365 4621 392 4663 et
404 4614 436 4665 0.
449 4615 599 4666 extendere.
