3542 5359
362 629 423 691 302
576 612 733 673 OPERIS
755 611 945 682 MAJORIS
970 612 1085 670 PARS
1108 609 1307 669 SEPTIMA.

363 776 432 841 tela
453 776 613 841 militares
634 776 748 840 lacerti
771 774 894 852 valent,
915 775 1016 860 agilia
1038 785 1115 838 sunt
1137 774 1287 838 membra
1309 773 1518 850 cursoribus;

364 882 398 944 id
421 883 455 945 in
477 901 612 964 quoque
636 880 872 946 solidissimum
896 881 1059 962 estquod
1083 879 1241 944 exercuit.
1286 877 1345 942 Ad
1369 887 1518 942 contem·

363 987 507 1049 nendam
531 985 693 1050 malorum
717 985 902 1068 potentiam
925 984 1055 1048 animus
1078 983 1238 1066 patientia
1260 982 1418 1067 pervenit.
1443 1031 1451 1048 .
1476 1032 1484 1048 .
1509 1033 1517 1046 .

364 1089 455 1172 Quid
475 1090 603 1154 miraris
620 1089 727 1153 bonos
744 1088 840 1164 viros,
856 1099 894 1153 ut
911 1087 1156 1162 confirmentur,
1172 1087 1325 1152 concuti?
1370 1087 1449 1151 Non
1465 1097 1518 1150 est

362 1195 463 1258 arbor
481 1194 589 1258 solida
610 1215 670 1259 nec
688 1193 783 1258 sortis
803 1193 865 1256 nisi
884 1193 918 1255 in
936 1211 1038 1275 quam
1060 1190 1212 1274 frequens
1228 1200 1348 1256 ventus
1363 1191 1516 1256 incursat.

364 1298 442 1380 Ipsa
466 1299 556 1362 enim
584 1299 765 1362 vexatione
796 1295 1041 1379 constringitur,
1065 1306 1099 1360 et
1126 1295 1253 1360 radices
1283 1295 1404 1359 certius
1435 1294 1516 1378 figit.

366 1401 513 1485 Fragiles
528 1412 605 1466 sunt
620 1423 707 1485 quae
721 1403 755 1466 in
772 1401 884 1484 aprica
899 1397 1005 1465 valle¹
1027 1409 1211 1466 creverunt.
1254 1399 1319 1463 Pro
1337 1399 1416 1483 ipsis
1436 1419 1517 1481 ergo

363 1506 460 1571 bonis
481 1507 559 1572 viris
581 1516 632 1570 est
653 1516 692 1571 ut
715 1526 787 1570 esse
809 1505 947 1569 interriti
970 1505 1109 1588 possint,
1125 1504 1269 1569 multum
1291 1504 1377 1568 inter
1400 1502 1514 1568 lormi-

363 1609 481 1675 dolosa
499 1610 620 1676 versari
640 1620 675 1675 et
692 1631 801 1693 aequo
819 1609 933 1674 animo
954 1607 1038 1671 serre
1058 1628 1145 1690 quae
1163 1628 1231 1672 nou
1249 1616 1326 1672 sunt
1344 1606 1433 1672 mala
1453 1608 1516 1671 nisi

364 1715 452 1779 male
471 1714 656 1780 sustinenti.

406 1819 503 1884 ‘Hoc
525 1828 576 1882 est
598 1819 804 1901 propositum
829 1818 904 1881 Deo
926 1818 1016 1901 quod
1046 1817 1187 1902 sapienti
1215 1818 1287 1881 viro
1309 1817 1510 1881 ostenderet.

363 1969 372 1986 .
396 1972 404 1988 .
428 1972 436 1989 .
461 1922 544 1986 Boni
567 1924 628 1986 viri
648 1922 811 1998 laborant,
832 1922 1039 2007 impendunt,
1055 1921 1294 2006 impenduntur
1314 1930 1349 1985 et
1364 1921 1514 1984 volentes

362 2027 518 2109 quidem;
542 2047 608 2090 non
623 2026 797 2090 trahuntur
811 2048 833 2090 a
850 2025 990 2102 fortuna,
1006 2034 1188 2109 sequuntur
1204 2025 1293 2090 illam
1315 2036 1349 2089 et
1371 2035 1515 2108 aequant

362 2130 494 2212 gradus.
540 2129 576 2195 Si
602 2131 742 2195 scissent
767 2131 1018 2194 antecessissent
1045 2178 1052 2194 .
1075 2179 1084 2195 .
1108 2180 1116 2194 .
1144 2127 1243 2194 Hoc²
1269 2149 1372 2194 unum
1399 2130 1442 2193 de
1471 2140 1515 2206 te,

364 2235 467 2313 Deus,
488 2234 580 2318 queri
606 2254 742 2318 possum
768 2233 859 2317 quod
886 2254 953 2298 non
979 2243 1057 2297 ante
1085 2233 1165 2296 mihi
1190 2234 1394 2298 voluntatem
1420 2244 1514 2298 tuam

363 2350 477 2403 notam
503 2339 629 2416 iecisti3
657 2339 747 2422 prior
769 2339 857 2403 enim
880 2339 923 2403 ad
951 2339 1016 2403 ista
1041 2339 1216 2416 venissem,
1241 2341 1284 2402 ad
1311 2359 1397 2421 quae
1428 2358 1515 2402 nunc

361 2454 500 2506 vocatus
529 2443 657 2508 adsum.
683 2489 690 2504 .
715 2488 723 2504 .
750 2441 844 2507 ,Vis
872 2440 1019 2524 aliquam
1046 2452 1174 2523 partem
1204 2442 1377 2524 corporis?
1411 2461 1515 2505 sume.

363 2547 441 2610 Non
466 2565 621 2630 magnam
652 2566 721 2609 rem
751 2545 921 2630 promitto.
967 2543 1045 2609 Cito
1076 2554 1184 2609 totum
1215 2546 1408 2629 relinquam.
1453 2546 1515 2609 Vis

362 2650 537 2733 spiritum?
574 2648 699 2714 nullam
730 2670 859 2714 moram
890 2648 1019 2725 faciam,
1050 2650 1227 2732 quominus
1256 2651 1393 2734 recipias
1423 2650 1515 2733 quod

362 2755 493 2819 dedisti.
541 2753 576 2817 A
605 2752 740 2819 volente
772 2752 866 2827 feres,
897 2753 1055 2836 quicquid
1089 2755 1233 2838 petieris.
1288 2753 1377 2838 Quid
1409 2760 1516 2837 ergo?

364 2860 553 2923 maluissem
577 2858 695 2922 offerre
720 2879 821 2942 quam
845 2858 985 2922 tradere.
1031 2857 1236 2941 Accepimus
1260 2861 1404 2942 peritura
1426 2859 1515 2943 peri·

362 2963 435 3027 turi.
452 3014 460 3029 .
477 3013 484 3028 .
501 3011 508 3025 .
525 2964 599 3027 Nos
619 2963 698 3026 laeti
719 2963 762 3026 ad
782 2962 895 3027 omnia
917 2970 952 3026 et
971 2963 1072 3026 fortes
1095 2963 1280 3045 cogitemus
1304 2963 1383 3027 nihil
1407 2963 1514 3047 perire

361 3068 404 3131 de
426 3079 549 3132 nostro.
595 3067 684 3150 Quid
709 3075 760 3130 est
787 3065 866 3129 boni
889 3065 973 3129 viri?
1000 3067 1157 3148 praebere
1179 3089 1215 3132 se
1238 3067 1317 3133 fato.
1380 3066 1516 3132 Grande

361 3171 518 3235 solatium
548 3180 599 3235 est
628 3191 705 3235 cum
734 3170 889 3234 universo
918 3171 1026 3253 rapi..
1053 3220 1087 3236 ..
1112 3170 1202 3254 Ignis
1227 3192 1343 3236 aurum
1370 3173 1515 3256 probat;

362 3275 492 3338 miseria
513 3276 602 3339 viros
623 3275 733 3340 sortes.

404 3377 535 3460 ‘Quare
557 3389 670 3443 tamen
692 3377 788 3442 bonis
806 3379 884 3443 viris
906 3380 1032 3463 patitur
1054 3379 1178 3463 aliquid
1203 3377 1281 3443 mali
1304 3379 1398 3443 Deus
1420 3379 1516 3444 fieri?

361 3482 475 3545 omnia
502 3482 591 3546 mala
619 3484 662 3547 ab
694 3480 758 3545 illis
787 3492 947 3560 removet,
973 3483 1107 3558 scelera,
1132 3482 1266 3565 flagitia,
1292 3485 1515 3567 cogitationes

362 3587 543 3670 improbas,
563 3586 662 3650 avida
688 3587 834 3661 consilia,
857 3586 1028 3651 libidinem
1052 3607 1195 3665 caecam,
1218 3597 1252 3651 et
1273 3587 1383 3651 alieno
1406 3589 1516 3651 immi-

361 3700 495 3755 nentem
516 3691 699 3755 avaritiam.
745 3689 843 3774 Ipsos
862 3700 975 3755 tuetur
996 3711 1036 3754 ac
1056 3691 1210 3756 vindicat.
1227 3737 1235 3754 .
1252 3740 1260 3756 .
1276 3740 1284 3755 .
1302 3692 1516 3757 Democritus

361 3795 492 3860 divitias
515 3793 666 3878 projecit,
690 3815 774 3858 onus
798 3794 870 3858 illas
892 3794 1001 3860 bonae
1028 3795 1147 3859 mentis
1169 3795 1376 3862 existimans.
1422 3795 1515 3880 Quid

394 4001 400 4029 ¹
418 4001 454 4050 At
469 4001 522 4050 this
539 4002 612 4064 point
629 4001 674 4050 the
692 4000 787 4049 Dublin
805 3999 861 4050 MS.
879 4001 1009 4063 suddenly
1026 4001 1102 4051 shists
1122 4003 1177 4052 into
1193 4003 1303 4052 another
1323 4010 1446 4066 context;
1470 4007 1517 4054 the

360 4087 466 4142 rupture
478 4079 509 4129 oi
516 4080 661 4140 continuity
673 4080 807 4140 occurring
817 4095 851 4127 on
864 4080 908 4128 the
919 4079 1019 4128 twelith
1031 4081 1126 4130 lineos
1134 4081 1196 4129 solio
1208 4096 1257 4144 224
1268 4097 1292 4130 a.
1321 4081 1377 4130 The
1389 4091 1517 4134 sentence

359 4158 382 4207 is
399 4158 537 4207 continued
555 4173 589 4205 on
607 4156 667 4206 solio
685 4173 734 4218 229
750 4173 768 4217 c,
782 4158 894 4207 thirteen
912 4158 978 4206 lines
995 4158 1060 4207 from
1076 4159 1120 4207 the
1138 4159 1244 4208 bottom.
1280 4160 1310 4207 ln
1327 4161 1371 4208 the
1389 4161 1515 4210 Bodleian

361 4235 417 4284 MS.
430 4251 445 4283 a
456 4235 663 4297 corresponding
673 4250 746 4282 error
757 4250 863 4294 occurs;
879 4237 924 4284 but
937 4237 980 4285 the
992 4244 1116 4286 sentence
1129 4238 1151 4286 is
1163 4237 1261 4286 broken
1275 4238 1314 4286 off
1322 4245 1348 4287 et
1362 4239 1406 4286 the
1422 4240 1475 4288 end
1489 4241 1520 4289 ol

359 4329 411 4362 one
426 4313 495 4372 folio,
507 4314 558 4360 and
574 4314 596 4361 is
612 4313 751 4362 continued
767 4313 831 4362 with
848 4314 892 4362 the
908 4314 964 4363 first
978 4315 1053 4363 word
1067 4315 1098 4364 ol*
1109 4332 1124 4364 a
1139 4316 1298 4377 subsequent
1314 4316 1389 4366 solio:
1407 4333 1427 4365 a
1444 4333 1516 4366 mere

359 4391 544 4452 transposition
555 4390 585 4438 os
594 4406 680 4453 peges,
695 4391 722 4439 in
734 4391 792 4441 fact.
821 4391 884 4440 This
896 4407 981 4440 seems
993 4400 1019 4440 to
1032 4393 1144 4443 indicate
1156 4394 1210 4442 that
1223 4395 1267 4442 the
1280 4393 1376 4443 Dublin
1390 4395 1446 4446 MS.
1460 4412 1516 4446 was

359 4468 452 4530 copied
464 4469 529 4516 from
541 4469 573 4517 Ο.

391 4546 401 4573 ¹
416 4545 473 4594 The
491 4545 626 4606 following
645 4546 718 4608 eight
736 4546 803 4594 lines
818 4561 863 4595 ere
878 4548 974 4608 quoted
994 4549 1029 4612 by
1047 4550 1149 4600 Seneca
1166 4551 1230 4600 from
1255 4550 1413 4614 Demetrius,
1432 4553 1518 4602 under

358 4623 403 4670 the
415 4622 481 4671 form
492 4622 523 4670 oi
530 4638 546 4670 n
557 4639 653 4686 prayer
664 4632 691 4673 to
703 4624 747 4674 the
760 4623 890 4674 immonal
903 4625 982 4678 Gods.
