3542 5359
359 615 421 678 ωε
599 574 757 677 oannis
782 615 972 687 MAJORJS
994 615 1110 676 PARS
1134 614 1284 676 sem.

358 805 436 850 cum
461 782 655 849 difficultate
683 793 794 867 potest
820 783 990 868 extingui3
1020 803 1099 848 narn
1125 801 1213 865 aqua
1238 802 1306 847 non
1333 779 1510 862 extinguit.

189 889 326 958 Explonve
360 890 534 973 Quaedam
550 909 631 954 vero
646 890 798 953 auditum
815 888 1013 972 perturbant
1029 887 1062 950 in
1082 896 1224 962 tantum,
1239 887 1329 969 quod
1352 885 1379 950 si
1399 885 1511 948 subito

190 973 296 1089 ffid,
359 1004 394 1059 et
408 995 451 1058 de
466 1003 563 1058 nocte
579 1003 613 1058 et
631 991 771 1056 artificio
785 991 960 1058 sufficienti
975 990 1102 1070 fierent,
1120 1011 1180 1055 nec
1196 999 1309 1073 posset
1320 990 1435 1054 civitas
1451 1009 1510 1053 nec

359 1098 525 1163 exercitus
555 1098 725 1161 sustinere
782 1096 902 1160 Nullus
931 1095 1067 1161 tonitrui
1104 1094 1215 1179 fragor
1245 1106 1358 1178 posset
1389 1092 1511 1157 talibus

359 1202 551 1286 comparari.
598 1199 773 1284 Quaedam
789 1211 921 1266 tantum
942 1209 1099 1264 terrorem
1123 1199 1207 1262 visui
1227 1197 1403 1277 incutiunt,
1420 1197 1511 1280 quod

358 1307 602 1372 coruscationes
631 1306 769 1370 nubium
807 1306 907 1388 longe
947 1306 1056 1368 minus
1092 1314 1126 1368 et
1163 1303 1235 1367 sine
1264 1303 1513 1387 comparatione

357 1410 576 1495 perturbant;
598 1410 719 1492 quibus
741 1410 898 1492 operibus
922 1408 1052 1472 Gideon
1073 1407 1239 1472 incastris
1262 1407 1511 1471 Midianitarum

357 1514 541 1582 consimilia
578 1515 770 1580 aestimatur
807 1513 908 1578 fuisse
944 1522 1110 1595 operatus.
1165 1512 1212 1576 Et
1241 1511 1510 1594 experimentum

359 1618 457 1700 hujus
476 1620 521 1683 rei
542 1619 689 1701 capimus
715 1639 759 1682 ex
778 1619 842 1682 hoc
869 1619 997 1683 ludicro
1016 1617 1145 1701 puerili,
1165 1617 1255 1700 quod
1277 1614 1315 1679 fit
1340 1617 1374 1679 in
1397 1615 1512 1679 multis

358 1723 474 1787 mundi
493 1724 653 1805 partibus,
673 1721 795 1787 scilicet
817 1733 854 1787 ut
875 1723 1093 1787 instrumento
1112 1721 1203 1786 iacto
1223 1720 1267 1785 ad
1288 1721 1511 1804 quantitatem

360 1824 490 1909 pollicis
505 1826 650 1900 humani,
666 1847 711 1890 ex
727 1825 884 1891 violentia
900 1825 988 1890 illius
1003 1825 1083 1890 salis
1097 1825 1154 1908 qui
1173 1825 1221 1890 sal
1241 1835 1355 1907 petrae
1375 1833 1512 1888 vocatur

359 1939 428 1994 tam
459 1929 624 1996 horribilis
653 1950 755 1994 sonus
782 1929 927 1996 nascitur
953 1929 987 1994 in
1017 1941 1154 2014 ruptura
1182 1939 1253 1994 tam
1281 1927 1430 1994 modicae
1456 1927 1513 2003 rei,

360 2034 486 2100 scilicet
524 2034 645 2100 modici
688 2033 892 2118 pergameni,
921 2036 1012 2116 quod
1046 2032 1141 2098 sortis
1175 2032 1313 2098 tonitrui
1352 2031 1513 2097 sentiatur

359 2139 522 2205 excedere
546 2139 701 2222 rugitum,
724 2150 758 2204 et
783 2138 1046 2204 coruscationem
1073 2137 1257 2204 maximam
1282 2134 1357 2202 sui¹
1380 2136 1513 2201 luminis

357 2245 454 2326 jubar
475 2244 618 2309 excedit.

193 2362 324 2414 Antidota
405 2348 491 2414 Sunt
500 2349 601 2413 etiam
618 2369 669 2414 res
683 2347 956 2432 quamplurimae,
966 2369 1052 2431 quae
1065 2368 1166 2413 omne
1174 2346 1299 2412 animal
1310 2366 1512 2411 venenosum

190 2429 334 2560 {335⁶
359 2461 450 2520 tactu
465 2453 635 2518 lenissimo
652 2453 860 2529 interficiunt,
876 2463 910 2516 et
924 2450 1048 2516 circulo
1063 2453 1151 2518 iacto
1167 2451 1254 2518 circa
1277 2452 1334 2516 illa
1355 2451 1511 2516 animalia

360 2572 419 2635 per
435 2571 486 2616 res
501 2552 700 2636 hujusmodi,
715 2573 783 2620 non
799 2564 938 2636 possunt
953 2554 1057 2631 exire,
1071 2554 1130 2618 sed
1156 2552 1339 2617 moriuntur
1353 2551 1431 2620 licet
1446 2571 1512 2618 non

360 2667 546 2740 tangantur.
600 2655 700 2740 Quod
732 2658 760 2724 si
789 2657 893 2722 homo
921 2658 965 2722 sit
992 2678 1166 2741 percussus
1195 2677 1324 2721 veneno
1353 2657 1514 2736 animalis,

360 2783 471 2830 rasura
486 2761 631 2846 pulveris
645 2762 835 2846 hujusmodi
852 2783 961 2828 rerum
976 2774 1121 2837 sanatur,
1135 2760 1222 2826 sicut
1238 2762 1331 2826 Beda
1348 2761 1463 2825 scribit
1478 2761 1512 2826 iu

362 2866 595 2934 Ecclesiastica
617 2867 768 2934 Historia
790 2877 824 2932 et
846 2868 967 2932 scimus
990 2865 1055 2930 hoc
1080 2887 1139 2950 per
1159 2865 1414 2947 experientiam.
1467 2865 1513 2930 Et

360 2971 407 3036 sic
430 2983 506 3036 sunt
533 2993 585 3036 res
613 2971 877 3050 innumerabiles,
899 2991 985 3054 quae
1008 2970 1133 3035 habent
1158 2969 1349 3052 hujusmodi
1375 2969 1514 3034 virtutes

360 3086 546 3150 extraneas,
569 3095 710 3159 quarum
731 3073 938 3158 potestates²
956 3075 1148 3157 ignoramus
1163 3095 1207 3138 ex
1221 3074 1294 3143 sola
1312 3074 1513 3158 negligentia

360 3180 564 3262 experiendi.

193 3302 323 3368 Magnerie
405 3283 473 3350 Sed
502 3283 565 3350 alia
590 3293 668 3348 sunt
694 3304 794 3366 opera
820 3304 906 3366 quae
931 3304 999 3348 non
1025 3292 1153 3348 tantam
1182 3283 1309 3349 habent
1335 3284 1512 3350 utilitatem

193 3369 348 3485 ζξξιζξξξζς.
362 3387 571 3470 reipublicae,
590 3397 667 3452 sunt
684 3399 796 3453 tamen
815 3389 996 3470 spectanda
1016 3387 1175 3453 miracula
1195 3399 1341 3465 naturae,
1356 3389 1443 3456 sicut
1462 3395 1514 3452 est

362 3492 405 3558 de
426 3491 639 3574 experientiis
661 3492 833 3574 magnetis,
856 3493 1055 3571 nonsolum
1079 3502 1229 3576 respectu
1253 3491 1339 3570 ferri,
1360 3494 1420 3558 sed
1443 3492 1514 3556 auri

362 3604 396 3660 et
423 3595 561 3660 aliorum
588 3596 807 3660 metallorum.
853 3596 899 3661 Et
921 3597 949 3660 si
976 3596 1241 3680 experimentum
1265 3608 1416 3680 respectu
1439 3595 1514 3660 ferri

363 3720 428 3764 non
451 3709 538 3764 esset
560 3711 673 3766 notum
694 3702 828 3776 mundo,
848 3701 1015 3767 videretur
1037 3722 1195 3784 magnum
1217 3701 1423 3768 miraculum.
1470 3700 1515 3763 Et

362 3814 452 3871 certe
478 3805 563 3872 circa
590 3805 816 3887 operationem
844 3807 1007 3890 magnetis
1033 3817 1183 3888 respectu
1210 3806 1285 3872 ferri
1311 3817 1390 3873 sunt
1412 3825 1515 3889 opera

363 3907 533 3990 incognita
546 3908 594 3974 eis
613 3909 670 3992 qui
688 3920 824 3974 utuntur
839 3921 1003 3992 magnete,
1018 3930 1106 3992 quae
1124 3909 1359 3975 dissolutiones
1377 3921 1515 3978 naturae

361 4011 552 4076 mirabiliter
588 4015 778 4080 ostendunt.
825 4012 920 4078 Sicut
955 4013 1055 4078 etiam
1091 4014 1374 4095 experimentator
1408 4012 1514 4078 fidelis

361 4125 490 4182 motum
510 4137 617 4180 rerum
634 4117 677 4180 ad
697 4117 835 4180 invicem
852 4117 990 4180 aliarum
1008 4117 1053 4180 ab
1067 4117 1118 4180 his
1135 4117 1229 4184 novit
1248 4117 1399 4200 experiri,
1414 4128 1451 4181 ut
1471 4118 1515 4180 de

362 4219 472 4305 lapide
486 4220 543 4303 qui
559 4223 659 4288 currit
679 4221 722 4287 ad
738 4231 880 4299 acetum,
895 4232 929 4286 et
949 4223 992 4286 de
1011 4221 1169 4286 bitumine
1188 4223 1279 4304 quod
1299 4222 1388 4304 capit
1402 4223 1513 4305 ignem

362 4345 433 4392 ase
449 4324 578 4408 longius
594 4325 781 4402 distantem,
796 4328 975 4391 secundum
991 4327 1083 4408 quod
1098 4337 1209 4390 narrat
1226 4326 1349 4390 Plinius
1367 4327 1514 4391 secundo

363 4429 575 4494 Naturalium
589 4452 598 4504 ;
621 4441 654 4493 et
669 4431 712 4494 de
730 4430 931 4512 quibusdam
948 4429 1020 4493 aliis
1036 4431 1134 4493 rebus
1149 4430 1298 4495 localiter
1314 4430 1515 4500 distantibus

362 4534 404 4597 ad
428 4535 569 4597 invicem
587 4545 680 4598 motu
703 4533 843 4597 naturali
866 4535 1145 4599 concurrentibus
1190 4534 1292 4620 Quod
1308 4544 1359 4600 est
1378 4533 1515 4597 omnino

397 4651 404 4678 ¹
423 4651 439 4701 i.
449 4668 472 4704 e.
487 4653 516 4701 ol
524 4653 569 4702 the
581 4653 712 4716 lightning
720 4655 928 4718 accompanying
938 4656 983 4705 the
995 4655 1116 4706 thunder.
1236 4655 1246 4683 ¹
1262 4654 1445 4717 proprietates,
1455 4652 1481 4714 J.
