3542 5359
382 636 579 696 MORALIS
602 635 920 696 PHILOSOPHIA:
955 637 1071 697 PARS
1099 637 1264 698 TERTIA.
1338 655 1398 717 307

244 798 382 881 publico
396 811 485 877 nata,
500 808 534 862 et
549 799 611 863 sibi
627 809 661 863 et
675 799 749 864 aliis
764 800 931 879 salutaria,
940 799 1021 864 nihil
1038 800 1163 864 humile
1178 803 1398 884 concupiscet,
1515 801 1519 808 ⁴

246 904 327 967 nihil
353 903 456 978 flebit,
481 905 539 986 qui
569 905 686 968 rationi
712 905 849 968 innixus
877 925 938 986 per
967 904 1131 968 humanos
1161 925 1256 970 casus
1286 907 1398 969 divino

245 1007 376 1070 incedet
406 1008 529 1070 animo.
581 1007 662 1072 Non
693 1007 797 1072 habet
826 1009 916 1070 unde
950 1007 1091 1089 accipiat
1122 1006 1283 1088 injuriam.
1340 1007 1398 1071 Ab

246 1108 382 1174 homine
411 1119 624 1175 metaurum
654 1110 765 1174 dicere
794 1115 917 1193 putas?
962 1111 1015 1175 Ne
1044 1131 1064 1174 a
1094 1110 1227 1175 fortuna
1253 1111 1399 1193 quidem,

246 1234 343 1296 quae,
371 1215 529 1296 quotiens
558 1235 636 1278 cum
669 1215 792 1279 virtute
828 1235 1006 1298 congressa
1039 1225 1098 1292 cst,
1136 1235 1306 1298 nunquam
1339 1235 1401 1298 par

247 1320 391 1383 recessit.
415 1367 424 1382 .
447 1365 455 1380 .
479 1365 487 1380 .
513 1319 561 1383 Et
589 1319 617 1381 si
641 1318 792 1384 fortunae
817 1319 953 1401 injurias
984 1321 1155 1384 moderate
1180 1320 1251 1397 sert,
1276 1330 1401 1403 quanto

249 1423 354 1506 magis
396 1423 570 1486 hominum
612 1425 810 1505 potentium,
847 1443 935 1506 quos
980 1423 1044 1488 scit
1085 1424 1235 1488 fortunae
1283 1445 1401 1489 manus

249 1525 359 1592 esser

292 1630 433 1713 ‘Adjice
454 1651 542 1694 nunc
565 1632 657 1714 quod
677 1631 830 1714 injuriam
854 1651 954 1696 nemo
975 1632 1115 1696 immota
1138 1643 1249 1697 mente
1271 1632 1402 1715 accipit,
1416 1647 1480 1710 Cap.
1490 1663 1514 1708 9.

250 1737 310 1800 aed
325 1735 370 1799 ad
390 1755 523 1800 sensum
544 1738 615 1819 ejus
635 1737 855 1819 perturbatur.
901 1735 1002 1800 Caret
1024 1747 1135 1801 autem
1157 1735 1404 1820 perturbatione

251 1842 302 1904 vir
315 1851 452 1904 erectus
487 1839 661 1904 Erroribus
675 1841 867 1904 moderatur
877 1840 946 1904 suis
960 1841 1047 1904 altae
1063 1841 1183 1923 quietis
1198 1851 1232 1906 et
1244 1841 1404 1925 placidae.

251 1945 342 2008 Nam
372 1945 399 2008 si
427 1946 533 2028 tangit
564 1944 657 2009 illum
687 1944 815 2026 injuria,
840 1954 875 2008 et
906 1954 1017 2010 movet
1046 1954 1081 2008 et
1111 1946 1257 2028 impedit.
1305 1944 1404 2010 Caret

252 2060 365 2112 autem
391 2049 439 2112 ira
462 2050 604 2131 sapiens,
624 2068 726 2132 quam
753 2049 881 2114 excitat
905 2049 1042 2132 injuriae
1064 2049 1200 2132 species,
1224 2069 1284 2112 nec
1310 2049 1406 2113 aliter

252 2164 379 2217 careret
405 2155 453 2216 ira
479 2155 542 2217 nisi
568 2162 604 2217 et
628 2153 757 2235 injuria,
777 2173 880 2235 quam
913 2154 975 2217 scit
1006 2153 1069 2216 sibi
1098 2172 1165 2215 non
1196 2173 1295 2237 posse
1318 2152 1404 2216 fieri:

253 2258 329 2322 inde
348 2269 419 2322 tam
442 2269 571 2322 erectus
590 2257 764 2340 laetusque
787 2266 848 2337 est,
863 2259 941 2322 inde
963 2257 1121 2321 continuo
1146 2258 1270 2339 gaudio
1289 2257 1406 2321 elatus.

254 2360 354 2426 Adeo
369 2363 412 2427 ad
431 2362 629 2428 offensiones
649 2382 758 2427 rerum
778 2361 1020 2443 hominumque
1034 2381 1101 2425 non
1115 2362 1323 2425 contrahitur
1331 2363 1353 2441 ¹,
1369 2374 1406 2426 ut

255 2466 327 2549 ipsa
352 2466 397 2531 illi
419 2466 538 2549 injuria
562 2468 635 2530 usui
661 2467 717 2544 sit,
737 2487 797 2550 per
821 2486 923 2549 quam
949 2467 1214 2548 experimentum
1241 2467 1292 2530 sui
1318 2468 1407 2548 capit

255 2581 290 2634 et
309 2571 466 2634 virtutem
486 2568 650 2653 temptat.’

300 2674 487 2757 ‘Quoniam
510 2675 651 2756 priorem
674 2683 803 2757 partem
826 2673 1054 2757 percurdmus,
1075 2675 1118 2737 ad
1140 2675 1277 2738 alteram
1302 2683 1406 2737 trans·
1421 2682 1483 2745 Cap.
1501 2694 1535 2728 ιο.

256 2777 389 2856 eamus,’
405 2778 531 2842 scilicet
547 2778 793 2843 contumeliam.
840 2777 922 2842 ‘Est
937 2777 1046 2841 minor
1061 2776 1187 2857 injuria,
1199 2797 1300 2860 quam
1316 2777 1407 2860 queri

257 2883 365 2966 magis
395 2903 497 2965 quam
533 2884 655 2966 exequi
686 2882 861 2967 possimus,
890 2900 992 2964 quam
1027 2880 1115 2963 leges
1149 2901 1282 2964 quoque
1320 2881 1410 2945 nulla

257 2987 403 3052 vindicta
416 2990 553 3071 diguam
569 2997 778 3070 putaverunt.
817 2985 920 3050 Hunc
937 2984 1093 3050 affectum
1110 2995 1222 3049 movet
1240 2983 1410 3050 humilitas

258 3093 360 3156 animi
386 3092 610 3156 contrahentis
638 3112 676 3157 se
703 3093 749 3155 ob
771 3090 896 3154 iactum
927 3089 1117 3172 dicmmque
1148 3089 1410 3154 inhonorificum.

260 3194 322 3259 Ille
344 3217 398 3260 me
419 3197 520 3261 hodie
541 3217 608 3260 non
631 3196 766 3260 admisit
787 3215 863 3260 cum
882 3193 967 3258 alios
988 3195 1199 3259 admitteret:
1223 3215 1408 3258 sermonem

260 3320 372 3364 meum
394 3311 453 3364 aut
472 3300 613 3383 superbe
635 3301 828 3364 adversatus
847 3308 981 3378 est,aut
1001 3298 1112 3382 palam
1133 3299 1226 3364 risit.
1244 3310 1325 3364 ..et
1345 3300 1411 3362 alia

259 3403 359 3486 hujus
374 3415 484 3482 uotae,
498 3425 585 3488 quae
603 3405 683 3487 quid
697 3423 815 3468 vocem
837 3404 897 3467 nisi
918 3403 1068 3487 querelas
1086 3404 1266 3468 nausiantis
1286 3404 1411 3468 animi?

149 3510 157 3525 '
261 3510 296 3572 iu
325 3529 411 3592 quae
444 3509 512 3573 iere
543 3509 674 3574 delicati
711 3521 746 3574 et
774 3507 886 3573 felices
922 3509 1106 3574 incidunt.
1132 3555 1139 3570 .
1164 3556 1171 3572 .
1197 3508 1312 3571 Nimio
1342 3507 1412 3572 otio

262 3614 395 3696 ingenia
416 3624 535 3678 natura
557 3613 687 3677 infirma
709 3624 744 3678 et
766 3611 948 3690 muliebria,
963 3623 998 3676 et
1021 3613 1133 3695 inopia
1154 3633 1252 3676 verae
1275 3613 1413 3695 injuriae

262 3717 476 3796 lascivientia,
499 3717 550 3780 his
579 3726 842 3795 commoventur,
862 3735 1004 3798 quarum
1035 3735 1111 3800 pars
1145 3717 1253 3799 major
1282 3726 1414 3780 constat

261 3823 344 3886 vitio
370 3822 623 3904 interpretantis
671 3821 789 3903 ltaque
813 3839 874 3884 nec
896 3821 1090 3905 prudentiae
1116 3821 1294 3902 quicquam
1318 3822 1350 3883 in
1377 3841 1413 3883 se

262 3945 336 3991 esse
348 3945 409 3989 nec
424 3925 566 3990 fiduciae
580 3926 733 3999 ostendit,
745 3926 801 4008 qui
815 3924 1017 3988 contumelia
1037 3924 1185 3988 afficitur.
1224 3925 1301 3987 Non
1315 3925 1415 3989 dubie

264 4033 351 4094 enim
367 4040 597 4112 contemptum
617 4051 653 4093 se
667 4030 805 4111 judicat,
821 4039 856 4091 et
876 4027 930 4091 hic
947 4048 1075 4091 morsus
1091 4047 1158 4092 non
1179 4029 1249 4091 sine
1271 4030 1414 4110 quadam

264 4134 451 4198 humilitate
480 4136 583 4198 animi
613 4135 725 4198 evenit
754 4134 990 4217 supprimentis
1020 4153 1056 4197 se
1084 4151 1123 4194 ac
1154 4133 1383 4196 descendentis
1395 4131 1415 4192 ².

265 4239 407 4322 Sapiens
435 4249 547 4302 autem
578 4259 599 4303 a
628 4237 721 4302 nullo
747 4237 979 4302 contemuitur.
1026 4235 1291 4318 Magnitudinem
1321 4257 1415 4300 suam

266 4345 368 4418 novit,
385 4343 533 4424 nullique
551 4353 682 4406 tantum
704 4344 746 4406 de
764 4362 801 4404 se
821 4342 919 4405 licere
934 4341 1064 4405 nuntiat
1079 4340 1151 4418 sibi,
1164 4349 1199 4402 et
1215 4359 1331 4404 omnes
1346 4340 1416 4418 has,

264 4467 350 4529 quas
364 4467 432 4510 non
448 4448 596 4511 miserias
609 4448 795 4510 animorum
810 4447 869 4510 sed
884 4443 1056 4509 molestias
1072 4444 1221 4522 dixerim,
1238 4464 1304 4508 non
1316 4445 1417 4509 vincit

266 4551 324 4614 sed
354 4571 395 4613 ne
425 4551 527 4614 sentit
557 4551 702 4633 quidem.
752 4549 834 4613 Alia
862 4558 939 4613 sunt
967 4568 1052 4630 quac
1078 4549 1261 4631 sapientem
1288 4547 1416 4622 feriunt,

431 4695 441 4724 ²
457 4700 576 4759 trahitur,
588 4699 667 4750 155.
963 4697 975 4728 ⁸
991 4699 1164 4758 detendentis,
1176 4697 1253 4748 MSS.

811 4801 836 4844 x
853 4796 873 4845 2
