3542 5359
394 616 719 678 PERSPECTIVAE
743 618 859 677 PARS
888 616 1065 675 TERTIA:
1091 618 1200 677 DIST.
1225 619 1267 675 II.
1349 633 1405 695 157

254 781 396 848 tertius¹
429 784 474 848 de
506 782 684 867 sphaericis
718 780 920 864 corporibus,
951 801 1092 863 quorum
1126 779 1316 844 concavitas
1352 788 1405 843 est
1416 782 1530 833 caumate
1548 781 1579 828 οἱ

253 908 366 952 versus
393 888 526 951 oculum
552 896 586 952 et
608 886 723 952 oculus
749 893 799 950 est
823 885 856 949 in
878 883 1024 950 densiori
1047 884 1166 962 medio,
1189 884 1346 968 quoniam
1370 883 1404 946 in
1416 848 1576 964 :rietjjpaenag-

254 993 365 1056 medio
387 991 589 1068 elementari,
610 1001 645 1056 et
668 1011 719 1054 res
745 991 778 1054 in
800 988 972 1064 subtiliori,
993 988 1118 1054 scilicet
1143 990 1176 1052 in
1202 989 1347 1067 coelesti,
1370 999 1405 1053 et

254 1097 368 1162 oculus
395 1107 445 1161 est
467 1097 553 1161 inter
575 1105 723 1160 centrum
747 1104 780 1159 et
802 1094 941 1159 visibile.
988 1094 1034 1158 Et
1055 1093 1265 1178 apparebunt
1287 1094 1403 1158 stellae

254 1203 397 1266 minores
423 1220 523 1284 quam
549 1209 635 1277 sunt,
660 1208 695 1264 et
720 1219 821 1281 quam
848 1209 1046 1283 apparerent
1071 1200 1099 1262 si
1127 1200 1273 1263 medium
1301 1219 1402 1262 unum

253 1313 349 1381 esset,
372 1305 530 1388 quoniam
553 1303 616 1368 sub
639 1303 757 1367 minori
780 1302 903 1386 angulo
925 1302 1088 1381 videntur,
1103 1312 1137 1366 et
1159 1303 1207 1366 sic
1230 1304 1291 1367 erit
1313 1323 1404 1367 error

253 1409 286 1470 in
305 1408 432 1492 judicio
454 1409 543 1472 visus
558 1410 602 1473 de
623 1406 735 1472 stellis
782 1405 818 1471 Si
841 1407 972 1471 dicatur
985 1409 1076 1489 quod
1099 1407 1211 1490 imago
1231 1415 1283 1471 est
1305 1407 1404 1491 longe

253 1513 360 1596 major
382 1533 427 1590 re,
450 1521 485 1576 et
510 1513 585 1576 ideo
611 1511 785 1593 apparebit
807 1510 932 1594 major:
959 1513 1077 1576 iterum
1105 1512 1133 1574 si
1159 1513 1288 1575 dicatur
1313 1511 1405 1593 quod

253 1617 347 1681 locus
373 1616 526 1698 imaginis
552 1626 602 1680 est
625 1615 724 1699 longe
753 1615 841 1679 ultra
867 1636 948 1694 rem,
974 1626 1008 1680 et
1038 1615 1114 1679 ideo
1145 1617 1252 1698 magis
1281 1616 1405 1680 distare

254 1721 427 1798 videbitur,
447 1730 481 1785 et
503 1720 579 1785 ideo
601 1719 728 1802 majora
747 1720 964 1803 apparebunt,
984 1740 1060 1784 nam
1082 1721 1230 1802 superius
1251 1719 1403 1784 habitum

253 1835 304 1888 est
326 1826 417 1908 quod
440 1845 480 1888 ea
505 1843 591 1907 quae
617 1824 724 1906 magis
750 1824 905 1889 videntur
930 1824 1052 1888 distare
1079 1822 1206 1905 majora
1230 1825 1402 1888 videntur:

254 1929 429 1994 dicendum
451 1929 561 1992 estad
582 1927 735 2010 primum,
751 1928 843 2010 quod
863 1927 1033 2010 quantitas
1054 1928 1167 2010 anguli
1187 1927 1357 2011 praevalet
1373 1928 1404 1991 in

253 2033 326 2096 istis
344 2032 617 2116 apparitionibus.
661 2032 707 2094 Et
724 2033 800 2097 ideo
820 2032 899 2114 quia
917 2033 979 2096 sub
1001 2031 1120 2095 minori
1135 2032 1258 2115 angulo
1273 2033 1405 2096 videtur

253 2135 357 2215 stella,
372 2157 439 2200 non
454 2137 565 2201 obstat
580 2136 777 2219 magnitudo
792 2136 947 2218 imaginis
962 2139 1004 2201 ad
1018 2156 1150 2200 sensum
1163 2139 1253 2219 quod
1269 2149 1406 2218 propter

253 2242 438 2305 mediorum
457 2241 702 2324 perspicuorum
722 2241 996 2322 transparentiam
1017 2259 1157 2322 corpora
1176 2239 1405 2323 interjacentia

253 2364 318 2408 non
345 2344 579 2428 percipiuntur,
601 2354 635 2409 et
658 2344 733 2408 ideo
759 2365 824 2408 non
852 2344 1033 2425 percipitur
1058 2345 1217 2409 distantia
1243 2344 1405 2428 imaginis,

253 2449 331 2529 quia
345 2471 366 2513 a
381 2449 559 2528 remotiori,
575 2459 612 2514 ut
627 2451 718 2534 prius
735 2449 888 2514 habitum
903 2458 964 2526 est,
980 2470 1046 2514 non
1067 2451 1277 2534 cognoscitur
1296 2471 1316 2514 a
1332 2451 1403 2513 visu

253 2553 315 2617 nisi
342 2553 565 2636 percipiantur
590 2574 726 2636 corpora
756 2554 993 2637 interjacentia.
1040 2555 1086 2619 Et
1109 2556 1185 2620 ideo
1211 2556 1290 2620 licet
1313 2556 1405 2619 locus

254 2658 407 2741 imaginis
423 2657 465 2722 sit
482 2658 647 2734 remotior,
662 2668 696 2721 et
710 2668 872 2739 appareat
887 2657 940 2722 hic
955 2659 1039 2722 visui
1055 2680 1113 2742 per
1128 2679 1280 2734 errorem,
1293 2668 1404 2723 tamen

253 2762 434 2826 secundum
456 2761 630 2826 veritatem
652 2762 742 2825 visus
765 2781 832 2824 non
854 2763 997 2845 percipit
1020 2762 1104 2825 hanc
1128 2764 1356 2841 remotionem,
1372 2773 1405 2826 et

253 2867 330 2931 ideo
345 2887 412 2931 non
429 2866 529 2930 debet
545 2887 596 2929 res
613 2885 773 2947 apparere
788 2865 896 2948 major
910 2875 1047 2948 propter
1061 2866 1134 2930 hoc.

298 2969 335 3035 Si
350 2990 428 3034 vero
439 2971 540 3034 homo
553 2970 694 3054 aspiciat
706 2970 817 3033 literas
831 2980 865 3033 et
877 2971 959 3035 alias
971 2991 1022 3034 res
1034 2971 1178 3034 minutas
1189 2991 1248 3053 per
1259 2972 1404 3035 medium
1418 2984 1576 3051 Magnifying

253 3073 400 3156 crystalli
419 3074 471 3137 vel
490 3074 568 3137 vitri
587 3073 639 3138 vel
657 3073 792 3138 alterius
813 3074 979 3157 perspicui
997 3075 1160 3157 suppositi
1182 3075 1292 3152 literiS,
1308 3085 1341 3138 et
1361 3077 1405 3139 sit
1417 3051 1479 3102 ¹²⁰⁵·

253 3180 363 3261 portio
383 3179 490 3242 minor
509 3178 669 3260 sphaerae
689 3177 783 3261 cujus
802 3179 997 3243 convexitas
1015 3179 1059 3243 sit
1079 3199 1192 3242 versus
1210 3178 1353 3252 oculum,
1369 3189 1404 3243 et

253 3281 367 3346 oculus
387 3281 431 3346 sit
454 3282 487 3344 in
503 3302 587 3359 aere,
604 3280 701 3364 longe
721 3280 838 3344 melius
861 3282 988 3346 videbit
1008 3281 1121 3347 literas
1141 3292 1175 3347 et
1194 3282 1404 3366 apparebunt

253 3386 283 3449 ei
309 3385 460 3467 majores.
505 3386 595 3450 Nam
621 3387 803 3450 secundum
835 3386 1007 3452 veritatem
1038 3388 1172 3451 canonis
1202 3387 1331 3471 quinti²
1362 3389 1404 3452 de

252 3489 424 3571 sphaerico
446 3491 557 3553 medio
579 3489 662 3554 infra
685 3491 776 3573 quod
806 3499 857 3554 est
883 3511 935 3555 res
958 3489 1011 3554 vel
1040 3491 1124 3556 citra
1147 3492 1218 3575 ejus
1245 3503 1404 3568 centrum,

251 3603 286 3657 et
304 3593 397 3676 cujus
419 3595 615 3659 convexitas
638 3605 688 3659 est
703 3614 817 3658 versus
839 3593 984 3666 oculum,
999 3596 1111 3660 omnia
1133 3598 1335 3660 concordant
1358 3597 1401 3660 ad

252 3699 525 3780 magnitudinem,
547 3697 627 3780 quia
648 3698 788 3780 angulus
811 3697 917 3780 major
942 3707 1001 3777 est,
1024 3701 1086 3764 sub
1112 3720 1180 3781 quo
1206 3701 1344 3777 videtur,
1368 3712 1402 3764 et

251 3801 362 3884 imago
384 3810 434 3866 est
457 3801 571 3884 major,
587 3810 622 3866 et
643 3801 737 3866 locus
759 3802 914 3886 imaginis
936 3811 986 3866 est
1009 3805 1234 3888 propinquior,
1250 3806 1329 3888 quia
1351 3825 1403 3868 res

251 3914 302 3969 est
323 3905 407 3970 inter
427 3904 559 3970 oculum
581 3921 614 3970 et
634 3915 791 3970 centrum.
838 3906 885 3970 Et
906 3907 983 3971 ideo
998 3905 1063 3972 hoc
1084 3907 1337 3972 instrumentum
1353 3921 1405 3973 est

251 4008 333 4074 utile
367 4010 500 4074 senibus
529 4018 564 4074 et
598 4010 797 4074 habentibus
825 4009 941 4075 oculos
975 4010 1110 4076 debiles.
1157 4012 1245 4076 Nam
1276 4012 1405 4077 literam

251 4123 545 4196 quantumcunque
567 4134 702 4195 parvam
727 4125 867 4197 possunt
889 4115 1002 4179 videre
1024 4115 1059 4178 in
1080 4115 1255 4179 sufficienti
1276 4116 1405 4198 magni-

250 4217 377 4282 tudine.
423 4217 460 4283 Si
477 4239 555 4282 vero
572 4219 616 4282 sit
636 4219 744 4300 portio
765 4219 872 4302 major
890 4217 1051 4302 sphaerae
1070 4217 1122 4283 vel
1145 4219 1306 4283 medietas
1325 4229 1405 4284 tunc

283 4421 292 4451 ¹
310 4422 365 4486 rig.
376 4425 418 4486 63.
454 4423 476 4472 lt
487 4424 540 4473 will
555 4424 589 4473 be
605 4425 709 4474 noticed
723 4426 779 4474 that
792 4426 865 4475 what
876 4425 964 4474 Bacon
979 4439 1041 4487 says
1058 4425 1089 4486 is,
1100 4424 1157 4472 that
1172 4423 1199 4471 in
1214 4424 1270 4473 that
1285 4441 1346 4474 csse
1360 4426 1406 4476 the

249 4501 334 4562 object
349 4502 403 4550 will
420 4501 453 4550 be
471 4515 536 4551 seen
554 4502 654 4552 lurther
670 4503 715 4566 off,
730 4501 814 4552 under
830 4519 845 4552 a
861 4503 966 4553 smaller
980 4501 1065 4564 angle,
1079 4503 1131 4550 and
1145 4503 1191 4550 the
1207 4502 1291 4565 image
1305 4503 1358 4552 will
1373 4504 1405 4553 be

248 4587 362 4641 greater.

281 4655 292 4685 ¹
308 4656 361 4707 See
376 4656 418 4720 fig.
431 4657 473 4720 65.
