3542 5359
407 567 469 645 276
621 569 777 628 OPERIS
801 565 990 638 MAJORIS
1014 567 1129 626 PARS
1153 564 1351 626 SEPTIMA.

407 749 531 814 ponam
556 733 683 797 radices
706 732 792 796 circa
813 750 854 794 ea
875 751 963 814 quae
985 739 1062 792 sunt
1087 731 1326 794 consideranda
1356 728 1390 793 in
1414 727 1556 793 remedio

409 835 491 914 Irae,
507 845 541 900 et
556 838 703 900 secundo
718 836 761 900 de
775 834 921 919 gloriosa
936 833 1133 899 sustinentia
1147 835 1371 900 adversorum.

239 951 336 1030 Pione
347 953 378 1001 of
453 939 597 1004 Primum
608 961 687 1004 vero
700 939 881 1004 remedium
897 949 1012 1004 contra
1021 938 1102 1002 iram
1119 949 1169 1003 est
1185 948 1222 1003 ut
1236 937 1556 1021 comprehendamus

239 1017 354 1068 ΨΜ
407 1041 478 1127 ejus
501 1044 705 1110 conditiones
728 1043 908 1120 horribiles,
931 1051 969 1107 ut
998 1042 1138 1127 quilibet
1160 1043 1221 1108 has
1252 1062 1439 1106 memorans
1463 1041 1554 1108 irasci

237 1083 395 1200 ggfflm
406 1148 540 1213 studeat
556 1147 742 1213 abhorrere.
788 1148 842 1211 Ira
853 1155 965 1211 autem
982 1156 1217 1230 estpeccatum
1230 1147 1422 1231 pessimum.
1467 1142 1553 1210 Nam

239 1213 379 1279 Dialogues
408 1251 417 1266 .
758 1251 767 1268 .
1016 1252 1023 1266 .
1059 1252 1066 1266 .
1194 1252 1201 1266 .
1477 1250 1484 1262 .

237 1295 272 1328 on
285 1283 376 1345 Anger.
406 1261 510 1316 iratus
529 1252 738 1335 blasphemat
757 1273 789 1315 rn
813 1252 934 1330 Deum,
957 1259 1082 1316 amrttrt
1105 1272 1304 1334 proximum,
1328 1249 1499 1316 confundit
1522 1270 1556 1314 se

406 1355 526 1440 ipsum,
538 1357 626 1421 bona
641 1377 700 1420 sua
716 1357 913 1439 temporalia
928 1357 1076 1441 dissipat,
1088 1375 1154 1419 non
1169 1376 1287 1420 verens
1303 1375 1362 1438 pro
1379 1363 1472 1418 motu
1489 1355 1555 1418 irae

403 1460 493 1524 bona
523 1472 636 1525 eterna
661 1460 835 1544 negligere,
857 1469 892 1524 et
922 1461 1024 1524 seed
1055 1479 1180 1546 poenas
1202 1458 1376 1524 infernales
1398 1459 1554 1540 obligare.

404 1563 517 1628 Primo
546 1586 626 1650 ergo
648 1565 922 1629 considerandum
947 1573 998 1628 est
1028 1565 1118 1646 quod
1143 1565 1189 1629 ira
1211 1575 1262 1627 est
1283 1574 1399 1629 contra
1422 1582 1553 1628 omnem

404 1667 584 1732 humanam
601 1680 765 1734 naturam.
811 1670 899 1733 Nam
913 1669 1090 1753 descriptio
1102 1668 1254 1743 hominis,
1266 1670 1448 1733 secundum
1464 1669 1553 1749 quod

404 1772 506 1836 homo
535 1784 598 1851 est,
627 1783 677 1839 est
707 1784 743 1838 ut
773 1773 816 1838 sit
845 1773 967 1838 animal
998 1784 1208 1838 mansuetum
1235 1785 1363 1837 natura.
1410 1773 1455 1836 Et
1480 1772 1553 1838 ideo

404 1876 532 1941 Seneca
548 1877 580 1941 in
593 1877 676 1941 libro
688 1879 798 1960 primo
809 1880 854 1942 de
865 1878 918 1942 lra
929 1879 1050 1961 probat
1065 1878 1147 1940 iram
1161 1897 1233 1942 esse
1243 1887 1360 1941 contra
1374 1876 1552 1941 humanam

401 1990 554 2045 naturam
578 1983 610 2045 in
633 1983 722 2045 hunc
744 1983 903 2046 modum:
928 1981 984 2046 ‘Si
1008 1981 1200 2046 hominem1
1221 1981 1471 2066 inspexerimus,
1485 1999 1553 2062 quo

402 2085 480 2167 quid
498 2096 549 2150 est
565 2087 678 2150 mitius
692 2089 772 2152 dum
789 2087 821 2149 in
840 2097 930 2150 recto
942 2086 1044 2149 animi
1060 2085 1176 2150 habitu
1191 2092 1266 2151 est?
1288 2083 1368 2168 quid
1379 2096 1490 2149 autem
1506 2086 1554 2150 ira

401 2189 606 2254 crudelius?'
654 2191 700 2253 Et
717 2191 814 2254 infert
836 2191 909 2254 ‘Ira
923 2200 973 2254 est
988 2190 1086 2254 avida
1102 2211 1239 2273 poenae,
1258 2190 1350 2272 cujus
1365 2190 1551 2273 cupidinem
1629 2231 1632 2238 ι

400 2293 507 2357 inesse
537 2294 749 2377 pacatissimo
779 2285 1078 2377 hominis'pectori
1109 2295 1245 2358 minime
1274 2293 1455 2358 secundum
1483 2293 1553 2376 ejus

401 2408 551 2461 naturam
575 2395 645 2463 est?
684 2398 860 2462 Caeterum
883 2399 981 2463 aliter
1003 2398 1113 2482 arguit
1128 2401 1183 2464 sic.
1227 2398 1363 2462 ‘Homo
1393 2397 1425 2461 in
1455 2398 1552 2481 adju·

399 2503 521 2566 torium
540 2513 689 2566 mutuum
707 2491 838 2585 genitus
853 2515 912 2580 est,
928 2506 976 2567 ira
992 2503 1024 2566 in
1041 2505 1200 2568 exitium:
1223 2501 1295 2582 hic‚'
1313 2503 1346 2566 id
1369 2513 1420 2566 est
1440 2505 1552 2580 homo,

401 2608 613 2690 ‘congregari
629 2591 710 2686 vult,
725 2607 782 2671 illa
803 2609 994 2672 discedere:
1010 2608 1063 2672 hic
1085 2609 1251 2691 prodesse,
1269 2606 1324 2671 illa
1339 2626 1476 2670 nocere:
1497 2607 1552 2671 hic

398 2711 500 2776 etiam
522 2711 643 2795 ignotis
662 2732 860 2791 succurrere,
876 2712 932 2775 illa
952 2713 1139 2776 carissimos
1159 2713 1314 2795 perdere:
1339 2709 1392 2774 hic
1411 2710 1551 2776 aliorum

398 2812 619 2879 incommodis
641 2815 691 2879 vel
717 2816 911 2899 impendere
933 2837 969 2879 se
992 2825 1125 2900 paratus
1148 2827 1207 2892 est,
1223 2814 1279 2879 illa
1301 2816 1334 2878 in
1359 2813 1552 2897 periculum,

397 2916 583 2982 dummodo
609 2920 763 2999 deducat,
786 2921 996 2984 descendere.
1042 2920 1126 3004 Quis
1148 2941 1229 3005 ergo
1260 2919 1366 3001 magis
1398 2928 1550 2982 naturam

397 3040 506 3084 rerum
523 3024 662 3104 ignorat,
676 3044 777 3106 quam
792 3025 849 3106 qui
870 3025 999 3107 optimo
1015 3025 1086 3107 ejus
1101 3025 1193 3111 operi
1209 3033 1243 3087 et
1261 3019 1551 3103 emendatissim0,·⁴

397 3125 521 3189 scilicet
533 3125 670 3204 homini,
681 3128 760 3192 ‘hoc
773 3127 878 3192 ferum
890 3137 991 3210 atque
1003 3129 1223 3212 pemiciosum
1235 3129 1353 3192 vitium
1366 3127 1550 3211 assignatt'

396 3227 588 3294 ‘Beneficiis
603 3232 688 3295 enim
705 3233 850 3296 humana
861 3233 931 3296 vita
947 3241 1086 3310 constat,
1099 3243 1133 3297 et
1148 3232 1333 3309 concordia,
1349 3251 1410 3295 nec
1425 3242 1551 3296 terrore

395 3331 454 3394 sed
477 3343 594 3397 mutuo
616 3355 728 3398 amore
750 3335 783 3399 in
807 3334 924 3400 foedus
943 3335 1171 3418 auxiliumque
1191 3356 1369 3400 commune
1388 3335 1551 3399 constrin-

394 3434 501 3518 gitur!
547 3437 593 3500 Et
609 3439 643 3500 in
660 3440 768 3520 primo
784 3439 870 3502 libro
893 3451 1067 3524 comparat
1088 3440 1163 3504 illos
1185 3439 1298 3504 bestiis
1319 3459 1405 3521 quae
1420 3439 1551 3504 alienae

394 3550 472 3604 sunt
497 3561 518 3602 a
544 3552 663 3606 natura
685 3542 840 3623 humana,
862 3545 983 3620 dicens,
1006 3542 1103 3608 ‘Ira²
1117 3565 1153 3608 se
1176 3542 1302 3627 profert
1317 3554 1351 3607 et
1374 3543 1407 3605 in
1430 3542 1550 3607 faciem

392 3695 591 3758 consecutively,
603 3697 715 3745 without
727 3698 819 3759 regard
828 3703 856 3745 to
863 3697 1046 3746 Drstinctr'ones.
1079 3695 1136 3746 Tne
1149 3698 1295 3746 remainder
1306 3697 1418 3746 consiste
1435 3696 1550 3759 entirely

393 3773 421 3820 of
430 3775 576 3834 quotations
589 3775 653 3823 from
666 3775 777 3832 Seneca,
789 3775 853 3823 with
865 3792 899 3824 an
912 3777 1055 3824 occasional
1072 3783 1203 3825 comment
1221 3776 1286 3823 from
1306 3775 1403 3825 Bacon.
1448 3775 1471 3824 lt
1492 3777 1551 3825 will

391 3851 425 3899 be
436 3866 500 3900 seen
512 3853 568 3901 that
581 3853 669 3901 Bacon
685 3853 790 3902 himself
801 3854 950 3915 apologizes
966 3854 1005 3902 for
1020 3854 1088 3902 their
1102 3853 1209 3915 length3
1227 3854 1269 3902 his
1280 3853 1450 3915 justificatior
1467 3854 1552 3917 being

392 3931 486 3992 partly,
505 3932 561 3979 that
580 3932 625 3980 the
643 3932 726 3981 books
744 3931 775 3980 of
789 3931 891 3981 Seneca
909 3931 974 3980 from
991 3932 1076 3981 which
1097 3933 1131 3981 he
1148 3939 1241 3994 quotes
1258 3947 1330 3980 were
1348 3940 1395 3980 not
1412 3933 1551 3994 generally

392 4009 508 4069 known3
525 4011 577 4058 and
591 4010 686 4072 partly,
698 4010 765 4058 their
779 4010 898 4058 intrinsic
910 4010 995 4058 worth
1010 4011 1061 4059 and
1076 4011 1181 4072 beauty.
1216 4011 1246 4060 Iu
1263 4011 1321 4070 fact,
1334 4011 1410 4073 using
1422 4011 1551 4062 Seneca's

390 4086 509 4149 writings
528 4103 557 4136 as
576 4105 592 4136 a
611 4088 665 4137 n'ch
685 4103 787 4150 quarry,
806 4088 895 4136 Bacon
913 4088 998 4137 builds
1015 4096 1059 4137 out
1079 4088 1109 4138 of
1124 4089 1195 4137 them
1215 4104 1231 4137 a
1251 4089 1353 4137 manual
1371 4089 1401 4136 of
1414 4089 1551 4140 Christian

391 4166 517 4227 morality.
552 4166 595 4215 He
611 4167 659 4215 has
673 4167 789 4215 hitherto
804 4167 872 4214 been
889 4167 993 4228 dealing
1007 4167 1069 4216 with
1083 4167 1128 4216 the
1144 4167 1200 4216 first
1215 4167 1257 4216 six
1273 4167 1303 4215 of
1313 4167 1359 4216 the
1374 4167 1465 4215 mortal
1480 4167 1549 4230 sins,

389 4243 529 4305 involving.
541 4245 567 4293 in
585 4261 636 4293 one
652 4261 713 4307 way
730 4260 760 4292 or
776 4244 861 4300 other,
878 4245 982 4306 slavery
999 4253 1026 4293 to
1044 4246 1173 4308 pleasure.
1207 4244 1251 4292 He
1273 4259 1438 4307 nowpasses
1456 4253 1483 4297 to
1501 4247 1550 4296 the

391 4321 483 4371 failure
499 4331 526 4371 to
542 4325 641 4372 endure
657 4323 726 4385 pain,
738 4339 767 4371 as
781 4322 874 4370 shown
892 4323 917 4370 in
934 4323 979 4370 the
991 4323 1049 4372 vice
1065 4324 1095 4372 of
1103 4323 1201 4385 Anger.
1235 4323 1279 4371 He
1295 4324 1434 4372 concludes
1449 4323 1485 4386 by
1501 4325 1549 4373 de-

389 4400 503 4462 scribing
514 4401 557 4450 the
568 4408 637 4450 state
648 4401 680 4450 of
686 4401 784 4462 patient
796 4400 962 4450 forbearance
974 4402 1024 4450 and
1037 4401 1195 4464 resignation
1208 4403 1291 4450 under
1302 4409 1445 4451 extremest
1457 4402 1527 4452 trial.

422 4476 431 4502 ¹
447 4477 486 4526 De
497 4479 548 4537 Ira,
562 4479 577 4528 i.
587 4493 611 4540 5.
643 4479 723 4539 Here,
736 4495 766 4528 as
776 4478 930 4540 elsewhere,
942 4479 1029 4528 Bacon
1041 4479 1154 4541 changes
1166 4481 1210 4529 the
1223 4480 1300 4528 order
1311 4479 1341 4528 of
1349 4481 1393 4530 the
1404 4488 1551 4532 sentences

388 4569 452 4616 very
464 4555 554 4616 freely.

422 4629 433 4662 ⁸
450 4631 480 4678 ib.
495 4647 516 4681 r.
