3542 5359
347 616 407 678 310
561 552 718 658 orrnrs
740 599 930 670 MAJoRJs
954 599 1069 658 rans
1094 598 1293 658 serrum.

350 762 514 844 injuriam,
526 783 568 826 ne
582 761 709 826 remisit
722 762 868 845 quidem,
877 761 937 826 sed
950 759 1072 826 factam
1084 762 1218 844 negavit
1232 783 1239 841 ;
1255 761 1382 843 majore
1393 760 1505 825 animo

352 888 419 932 non
433 868 572 951 agnovit
585 887 686 955 quam
706 867 895 949 ignovisset.
941 863 1027 948 Quis
1048 867 1138 930 enim
1159 867 1263 931 nescit
1283 865 1365 930 nihil
1386 886 1431 929 ex
1455 866 1505 929 his

244 987 248 994 ·
354 970 1444 1053 quaecredunturmalaautbonaitaviderisapientiutomnibus?

356 1096 423 1139 non
438 1076 571 1158 respicit
591 1075 672 1157 quid
693 1075 844 1139 homines
861 1084 960 1156 turpe
979 1075 1128 1157 judicent
1145 1083 1205 1138 aut
1224 1075 1391 1138 miserum.
1437 1072 1505 1138 Sed

355 1190 392 1244 ut
414 1180 523 1244 sidera
544 1179 745 1244 contrarium
769 1178 896 1243 mundo
917 1179 981 1244 iter
1002 1179 1189 1257 intendunt,
1206 1179 1253 1244 ita
1272 1179 1327 1243 hic
1349 1180 1507 1243 adversus

355 1285 546 1368 opinionem
564 1285 712 1348 omnium
728 1281 839 1349 vadit!

399 1387 464 1450 ‘Et
479 1408 555 1452 cum
570 1388 743 1470 cogitastis
756 1387 1061 1470 quantumputetis
1072 1409 1132 1452 vus
1148 1389 1216 1470 pati
1232 1407 1341 1472 posse,
1349 1387 1510 1470 sapientis

355 1492 535 1574 patientiae
561 1491 660 1575 paulo
686 1490 875 1555 ulteriorem
906 1492 1083 1555 terminum
1114 1492 1259 1574 ponitis;
1290 1501 1326 1556 at
1352 1478 1446 1553 illu'm
1473 1489 1507 1552 in

356 1595 428 1661 aliis
451 1596 565 1659 mundi
581 1594 701 1660 finibus
724 1615 785 1658 sna
798 1596 903 1660 virtus
925 1595 1111 1674 collocavit,
1126 1595 1207 1660 nihil
1223 1595 1393 1660 vobiscum
1416 1613 1509 1658 com·

356 1719 456 1763 mune
481 1698 669 1763 habentem.
716 1696 830 1781 Quare
852 1708 886 1763 et
908 1719 1026 1782 aspera
1047 1709 1081 1763 et
1108 1719 1336 1782 quaecumque
1364 1698 1510 1763 toleratu

356 1805 471 1888 gravia
484 1815 562 1869 sunt
577 1805 760 1886 audituque
778 1815 812 1868 et
825 1805 899 1867 visu
915 1803 1117 1886 refugienda,
1137 1825 1204 1869 non
1220 1806 1377 1868 obruetur
1393 1821 1509 1866 eorum

357 1917 463 1985 coetu,
474 1920 508 1973 et
523 1908 630 1989 qualis
644 1909 783 1991 singulis
798 1907 874 1973 talis
890 1910 1050 1973 universis
1065 1908 1214 1973 obsistet.
1250 1907 1317 1990 Qui
1332 1908 1412 1972 dicit
1427 1907 1509 1970 illud

357 2012 529 2077 tolerabile
549 2013 701 2095 sapienti,
724 2012 805 2077 illud
829 2012 1047 2093 intolerabile,
1061 2022 1096 2078 et
1118 2013 1220 2076 animi
1244 2011 1509 2095 magnitudinem

357 2118 443 2181 intra
458 2127 566 2181 certos
581 2116 662 2182 fines
676 2127 778 2194 tenet,
795 2116 881 2180 male
895 2118 987 2200 agit:
1009 2117 1111 2182 vineit
1127 2137 1187 2181 nos
1205 2116 1344 2190 fortuna,
1359 2117 1422 2179 nisi
1437 2125 1511 2180 tota

357 2221 523 2286 vincitur.
538 2268 547 2284 .
565 2269 573 2284 .
590 2221 721 2285 Domus
735 2221 894 2304 sapientis
908 2231 1058 2303 angusta,
1075 2221 1145 2285 sine
1157 2220 1258 2297 cultu,
1274 2221 1344 2284 sine
1359 2220 1510 2304 strepitu,

358 2325 428 2389 sine
439 2328 611 2409 adparatu,
621 2325 719 2388 nullis
730 2325 942 2390 adservatur¹
957 2325 1177 2408 janitoribus;
1192 2325 1250 2389 sed
1262 2343 1322 2407 per
1333 2324 1396 2387 hoc
1409 2323 1509 2387 limen

358 2449 499 2493 vacuum
515 2438 548 2493 et
562 2430 607 2492 ab
627 2429 768 2493 ostiariis
786 2428 923 2492 liberum
945 2428 1079 2495 fortuna
1097 2449 1163 2494 non
1180 2429 1306 2494 transit.
1353 2427 1424 2494 Scit
1442 2446 1510 2491 non

359 2553 430 2597 esse
446 2532 512 2596 illic
527 2533 591 2597 sibi
605 2532 726 2607 locum,
742 2534 799 2596 ubi
814 2533 865 2597 sui
879 2533 961 2597 nihil
977 2533 1047 2599 est!

191 2649 346 2714 eap.16,17.
402 2637 607 2720 ‘Epicurus.
625 2689 633 2703 .
650 2637 762 2703 ,dixit
779 2637 915 2720 injurias
936 2638 1125 2702 tolerabiles
1143 2632 1244 2725 [esse]
1266 2636 1428 2721 sapienti;
1449 2655 1511 2699 nos

359 2742 494 2825 injurias
509 2763 577 2806 non
591 2763 673 2807 esse.
719 2742 791 2807 Nec
806 2752 857 2806 eet
875 2743 966 2825 quod
981 2743 1073 2807 dicas
1087 2742 1152 2806 hoc
1167 2753 1304 2806 naturae
1320 2759 1512 2825 repugnare.

360 2847 439 2911 Non
459 2867 619 2930 negamus
639 2867 710 2911 rem
730 2848 976 2912 incommodam
1000 2865 1072 2910 esse
1087 2847 1254 2910 verberari
1274 2855 1308 2910 et
1331 2844 1455 2926 impelli
1477 2855 1513 2908 et

360 2950 473 3033 aliquo
488 2953 639 3016 membro
654 2969 786 3026 mrere3
807 2952 866 3014 sed
880 2951 994 3015 omnia
1010 2950 1073 3014 ista
1093 2969 1254 3032 negamus
1274 2950 1411 3032 injurias
1430 2969 1512 3012 esse.

362 3056 442 3119 Non
471 3075 605 3120 sensum
633 3055 700 3120 illis
724 3055 850 3120 doloris
880 3053 1094 3132 detrahimus,
1118 3056 1177 3117 sed
1207 3073 1328 3118 nomen
1355 3054 1525 3135 injuriae;·

362 3158 454 3240 quod
472 3178 539 3223 non
555 3168 667 3242 potest
683 3160 783 3243 recipi
798 3159 922 3224 virtute
936 3157 1028 3224 salva
1050 3206 1058 3221 .
1080 3204 1089 3221 .
1111 3207 1118 3224 .
1136 3157 1303 3242 [Utraque
1318 3152 1514 3244 exempla]²

361 3262 538 3326 hortantur
565 3274 778 3328 contemnere
806 3264 950 3346 injurias,
977 3272 1013 3327 et
1041 3282 1124 3345 quas
1157 3260 1349 3344 injuriarum
1380 3261 1515 3326 umbras

363 3386 402 3430 ac
417 3367 619 3450 suspiciones
634 3368 785 3447 dixerim,
800 3366 1026 3444 contumelias,
1042 3368 1086 3432 ad
1100 3385 1185 3448 quas
1198 3367 1428 3450 despiciendas
1447 3385 1515 3429 non

363 3469 513 3553 sapiente
526 3489 612 3554 opus
626 3481 677 3535 est
692 3472 762 3535 viro
778 3473 838 3536 sed
858 3481 990 3536 tantum
1011 3471 1255 3554 conspiciente;
1278 3517 1286 3534 .
1303 3517 1311 3534 .
1328 3517 1335 3533 .
1351 3471 1379 3535 si
1397 3469 1516 3535 merito

363 3576 426 3638 ista
452 3576 532 3638 mihi
555 3575 709 3640 accidunt
733 3626 741 3641 .
765 3624 774 3641 .
796 3623 804 3640 .
826 3576 988 3659 judicium
1014 3585 1074 3640 est.
1120 3574 1157 3640 Si
1185 3574 1361 3650 immerito,
1384 3573 1431 3638 illi
1456 3576 1515 3656 qui

363 3679 488 3762 injusta
510 3679 598 3756 facit,
620 3679 880 3745 erubescendum
903 3691 954 3744 est
977 3725 989 3742 .
1010 3725 1019 3743 .
1042 3726 1051 3744 .
1074 3677 1216 3745 Fructus
1237 3677 1458 3743 contumeliae
1481 3677 1516 3743 in

364 3803 461 3848 sensu
477 3795 511 3848 et
526 3784 757 3867 indignatione
771 3785 930 3868 patientis
944 3780 1013 3848 est'

408 3889 658 3973 ‘Respiciamus
672 3908 789 3999 eorum
802 3887 959 3972 exempla
971 3907 1112 3970 quorum
1124 3887 1300 3951 laudamus
1310 3885 1517 3969 patientiam,

365 4004 403 4058 ut
426 3992 585 4072 Socratis,
606 3995 663 4075 qui
686 3993 931 4058 comoediarum
954 3993 1142 4075 publicatos
1161 3992 1193 4055 in
1214 4009 1250 4054 se
1270 4000 1304 4054 et
1326 3991 1519 4074 spectatos⁸

365 4101 451 4161 sales
468 4098 500 4160 in
516 4106 645 4179 partem
659 4097 783 4162 bonam
797 4097 936 4180 accepit,
953 4097 1090 4178 risitque
1106 4116 1172 4160 non
1194 4095 1302 4158 minus
1317 4113 1417 4177 quam
1439 4115 1517 4159 cum

399 4246 406 4273 ¹
425 4253 568 4306 acervatur,
580 4243 658 4294 MSS.

400 4324 527 4372 'Seneca
549 4324 599 4373 had
620 4324 689 4372 been
711 4325 861 4386 comparing
884 4325 930 4373 the
950 4323 1110 4386 Epicuream
1133 4325 1183 4373 and
1206 4323 1294 4372 Stolcs
1316 4329 1343 4371 to
1366 4330 1420 4372 two
1441 4323 1519 4372 breve

367 4403 506 4465 gladiatore
516 4403 597 4451 when
608 4403 737 4451 wounded
748 4417 756 4463 ;
773 4403 818 4452 the
830 4403 886 4452 first
898 4404 940 4451 did
952 4403 993 4452 his
1005 4403 1063 4453 best
1075 4411 1103 4452 to
1117 4403 1227 4452 staunch
1243 4403 1288 4450 the
1305 4402 1381 4450 blood
1399 4401 1463 4450 from
1479 4403 1520 4452 his

366 4481 486 4542 wounds,
505 4482 551 4530 the
567 4481 666 4530 second
683 4481 841 4530 maintained
858 4482 914 4530 that
931 4483 965 4530 he
976 4497 1032 4531 was
1049 4491 1095 4531 not
1110 4481 1241 4530 wounded
1259 4487 1285 4529 at
1302 4480 1343 4529 all.
1379 4480 1477 4540 nacon,
1490 4496 1521 4530 as

368 4561 420 4608 will
432 4561 464 4608 be
474 4575 538 4608 seen
550 4559 712 4618 allemands,
722 4559 745 4607 is
755 4574 820 4621 very
830 4560 967 4622 unwilling
978 4566 1005 4609 to
1015 4561 1099 4622 praise
1112 4559 1246 4622 Epicurus.

400 4636 409 4661 ³
426 4635 589 4696 expectabat,
597 4641 647 4697 pro
657 4641 684 4682 et
695 4640 834 4696 spectatos.
846 4633 924 4685 llSS.
