3542 5359
528 623 644 683 PARS
672 623 849 681 TERTIA:
888 623 976 683 CAP.
1002 624 1043 682 II.
1301 640 1361 703 507

208 808 284 851 cum
309 786 388 851 dicit
411 785 518 849 lucem
541 807 615 849 esse
636 787 770 850 tertiam
793 786 938 869 speciem
962 786 1058 868 ignis,
1077 784 1140 849 hoc
1161 786 1279 850 dicitur
1300 808 1361 869 pro

208 893 285 975 igne
297 892 477 956 secundum
492 911 529 954 se
543 900 578 953 et
589 891 772 955 secundum
783 910 877 954 suam
895 892 1080 965 essentiam,
1092 910 1158 953 non
1173 911 1233 971 pro
1247 890 1361 973 aliquo

208 996 322 1080 ignito,
332 995 517 1077 cujusmodi
531 1005 611 1059 sunt
625 996 726 1058 carbo
737 995 794 1077 qui
810 1004 860 1058 est
876 994 1060 1058 substantia
1073 1015 1187 1077 grossa
1200 998 1360 1059 terrestris

208 1102 336 1178 ardens,
359 1110 393 1163 et
418 1099 553 1164 flamma
574 1120 659 1181 quae
681 1109 732 1163 est
755 1099 865 1163 sumus
888 1098 1047 1163 terrestris
1070 1098 1197 1161 ardens.
1244 1099 1289 1162 Et
1313 1100 1360 1163 ita

207 1206 347 1267 sumitur
367 1203 426 1267 lux
447 1205 645 1281 concretive,
660 1224 726 1266 non
748 1224 810 1285 pro
828 1204 943 1281 forma,
959 1204 1016 1267 sed
1042 1224 1102 1285 pro
1124 1203 1274 1284 subjecto
1296 1204 1360 1267 sub

208 1308 323 1384 forma,
345 1308 471 1371 scilicet
497 1327 558 1389 pro
584 1308 772 1371 substantia
801 1317 836 1371 et
864 1318 983 1370 natura
1014 1308 1133 1386 lucida,
1154 1308 1359 1371 aestimando

206 1413 298 1494 quod
326 1413 412 1494 ignis
435 1413 477 1476 de
504 1433 540 1475 se
569 1411 678 1475 luceat
705 1422 741 1475 et
767 1411 800 1474 in
829 1411 969 1493 sphaera
999 1431 1069 1475 sua.
1117 1411 1192 1474 Hoc
1222 1414 1358 1475 omnino

206 1516 325 1579 falsum
342 1525 401 1591 est,
412 1516 490 1598 quia
505 1514 737 1580 certificabitur
751 1516 785 1578 in
799 1515 1035 1597 posterioribus
1046 1516 1136 1598 quod
1153 1515 1359 1598 impossibile

207 1621 362 1702 estquod
383 1621 467 1701 ignis
486 1622 528 1682 de
542 1640 579 1683 se
595 1619 713 1695 luceat,
732 1639 793 1683 nec
809 1620 841 1682 in
856 1619 997 1702 sphaera
1012 1640 1072 1683 sua
1087 1639 1147 1682 nec
1163 1619 1240 1682 alibi
1257 1640 1357 1701 quam

207 1728 313 1789 denso
332 1725 476 1788 terrestri
498 1734 532 1787 et
552 1744 670 1805 aqueo,
692 1724 776 1787 sicut
799 1723 967 1787 Averroes
988 1724 1135 1788 declarat
1162 1724 1195 1787 in
1221 1724 1359 1789 diversis

207 1829 296 1893 locis.
344 1829 389 1892 Et
405 1829 469 1893 hoc
488 1840 616 1893 tactum
631 1838 681 1893 est
696 1849 797 1911 supra
807 1827 828 1905 ¹,
844 1839 878 1893 et
894 1828 1024 1912 patebit
1043 1829 1183 1893 inferius.

633 2030 858 2095 Carnutum
884 2030 929 2093 11.

251 2152 407 2217 Secundo
429 2153 704 2217 considerandum
728 2161 787 2228 est,
810 2172 851 2214 an
875 2152 1002 2234 species
1023 2152 1154 2234 agentis
1181 2152 1358 2236 corporalis
1371 2168 1459 2219 Prooss
1473 2169 1527 2219 that

206 2258 326 2321 debeat
353 2258 419 2319 dici
447 2278 498 2320 rec
523 2254 703 2339 corporalis
726 2256 779 2317 vel
806 2254 993 2338 spiritualis,
1015 2264 1149 2337 propter
1177 2256 1239 2319 hoc
1267 2259 1356 2339 quod
1371 2234 1502 2350 {3235ss

208 2360 304 2423 multi
326 2361 477 2424 solebant
500 2360 621 2436 dicere,
642 2360 733 2441 quod
756 2359 883 2443 species
911 2359 1012 2422 habet
1039 2379 1110 2422 esse
1132 2361 1302 2441 spirituale
1324 2364 1356 2424 in
1371 2367 1456 2445 pqreal
1467 2374 1511 2415 not

207 2464 318 2527 medio
339 2475 374 2527 et
398 2466 430 2525 in
453 2483 562 2527 sensu.
608 2463 654 2526 Et
681 2474 774 2546 patet
800 2465 890 2544 quod
919 2473 970 2527 est
995 2484 1073 2527 vere
1095 2485 1147 2527 res
1170 2465 1357 2547 corporalis,
1370 2432 1484 2547 {¹:222ss

207 2569 285 2649 quia
308 2588 375 2630 non
390 2578 442 2629 est
464 2568 585 2644 anima,
601 2587 662 2631 nec
685 2568 911 2649 intelligentia,
926 2588 986 2632 nec
1004 2569 1111 2651 prima
1134 2590 1241 2633 causa.
1289 2570 1357 2635 Sed

207 2692 306 2734 omne
333 2670 423 2734 aliud
451 2671 495 2733 ab
521 2671 586 2735 illis
612 2683 662 2734 est
689 2692 764 2734 vere
796 2692 846 2734 res
879 2673 1067 2755 corporalis.
1116 2672 1202 2737 Item
1232 2676 1357 2755 species

207 2777 338 2857 agentis
361 2775 537 2858 corporalis
559 2786 610 2839 est
632 2776 749 2838 similis
771 2776 801 2837 ei
824 2776 960 2838 nomine
982 2787 1015 2839 et
1039 2777 1237 2855 definitione,
1259 2788 1297 2841 ut
1322 2779 1356 2840 in

207 2881 367 2963 principio
389 2892 557 2943 ostensum
581 2890 643 2955 est,
658 2882 717 2943 scd
741 2900 792 2942 res
812 2879 991 2963 spiritualis
1011 2900 1077 2943 non
1096 2889 1147 2943 est
1167 2881 1356 2962 hujusmodi

208 2995 358 3065 respectu
385 2986 541 3065 corporis.
588 2984 674 3047 Item
700 2985 827 3065 species
852 2993 903 3047 est
927 2984 1074 3065 ejusdem
1098 2986 1257 3048 essentiae
1280 3007 1355 3050 cum

206 3089 325 3152 effectu
348 3089 526 3169 completo,
547 3097 585 3152 nt
607 3090 697 3172 prius
719 3090 898 3170 probatum
919 3098 979 3152 est.
1026 3088 1092 3153 Sed
1112 3089 1248 3153 effectus
1265 3112 1355 3155 com-

206 3193 315 3276 pletus
337 3193 517 3275 corporalis
539 3194 667 3276 agentis
689 3205 740 3256 est
761 3213 838 3257 vere
858 3192 1044 3276 corporalis,
1060 3212 1139 3275 ergo
1163 3203 1197 3256 et
1219 3195 1355 3276 species.

209 3298 295 3360 Item
322 3298 449 3361 nullum
475 3318 580 3381 agens
601 3307 636 3361 et
657 3318 818 3380 generans
844 3308 895 3362 est
921 3299 1100 3381 ignobilius
1125 3310 1293 3381 generat0,
1319 3310 1356 3364 ut

206 3403 327 3466 dicitur
352 3412 475 3484 quarto
498 3401 753 3485 Metaphysioee
777 3413 812 3467 et
834 3403 934 3466 tertio
960 3405 1003 3466 de
1028 3401 1176 3481 Anima;
1205 3404 1232 3466 si
1256 3404 1356 3485 igitur

207 3507 333 3589 species
355 3515 406 3571 est
429 3526 480 3570 res
502 3508 690 3589 spiritualis,
713 3527 780 3571 non
807 3507 943 3571 habebit
969 3528 1102 3571 causam
1130 3509 1355 3589 corporalem;

205 3630 285 3692 ergo
309 3610 398 3673 nulla
413 3612 540 3692 species
563 3611 655 3676 fieret
670 3632 691 3673 a
712 3612 916 3694 corporibus
932 3612 1023 3693 quod
1045 3610 1163 3673 salsum
1179 3622 1240 3675 est.
1287 3610 1355 3675 Sed

204 3723 317 3776 tamen
349 3714 402 3776 hic
433 3716 618 3778 necessario
647 3717 850 3778 concludunt
879 3726 913 3778 et
948 3717 1063 3778 dicunt
1096 3716 1232 3797 quidam
1263 3718 1355 3798 quod

204 3819 331 3899 species
352 3819 398 3880 rei
412 3821 599 3901 corporalis,
615 3819 692 3883 licet
716 3840 775 3881 nec
791 3820 834 3882 sit
849 3839 970 3903 corpus
990 3820 1181 3883 distinctum
1199 3839 1219 3881 a
1236 3820 1355 3897 medio,

205 3942 265 3985 nec
280 3923 323 3984 sit
338 3942 390 3985 res
404 3923 584 4003 spiritualis
600 3924 658 3986 sed
671 3924 852 4005 corporalis
863 3925 1045 3988 secundum
1058 3943 1151 3987 suam
1168 3925 1357 3999 essentiam,

206 4025 307 4089 habet
329 4036 442 4089 tamen
464 4046 537 4088 esse
559 4027 729 4109 spirituale
752 4027 784 4089 in
807 4027 925 4103 medio,
941 4025 1029 4089 unde
1051 4026 1153 4089 habet
1175 4029 1355 4091 secundum

204 4151 263 4193 eos
286 4130 423 4193 modum
444 4130 612 4193 existendi
636 4132 850 4213 spiritualem,
866 4140 900 4193 et
924 4150 989 4193 non
1013 4130 1228 4212 corporalem,
1251 4142 1285 4194 et
1309 4133 1355 4197 ita

204 4236 342 4298 habebit
366 4254 437 4297 esse
458 4235 638 4315 spirituale,
660 4236 737 4300 licet
759 4237 802 4299 sit
824 4256 876 4298 res
899 4234 1077 4318 corporalis
1100 4236 1280 4299 secundum
1305 4258 1354 4299 es-

203 4340 355 4415 sentiam,
370 4339 417 4403 ita
435 4340 526 4420 quod
541 4340 705 4423 accipiant
726 4338 897 4423 spirituale
912 4340 944 4402 in
961 4340 1094 4423 propria
1113 4338 1354 4421 significatione

204 4443 270 4506 alia
285 4465 306 4509 a
321 4444 492 4525 corporali.
525 4442 592 4508 Sed
608 4444 698 4507 istud
710 4456 798 4509 stare
814 4465 881 4508 non
897 4455 1017 4528 potest,
1032 4446 1110 4527 quia
1126 4446 1355 4510 universaliter

205 4548 325 4611 modus
335 4548 500 4612 existendi
510 4550 779 4632 proportionatur
788 4552 951 4614 essentiae
959 4549 1093 4614 habenti
1106 4550 1197 4613 illum
1209 4551 1355 4626 modum,

346 4678 1217 4744 ¹ctp4613‘lgannmhabetlneenflmnisiinearbonel
