3542 5359
363 645 423 708 342
576 631 733 690 OPERIS
756 629 945 700 MAJORIS
969 629 1084 688 PARS
1108 627 1306 687 SEPTIMA.

365 794 559 856 societatem
580 791 659 856 facit
676 841 684 856 .
702 839 710 856 .
728 843 734 856 .
750 793 929 877 fragilitate
949 792 1082 856 alterius
1098 791 1174 856 boni
1191 791 1349 874 quicquid
1366 790 1397 852 in
1414 789 1520 853 altero

365 896 487 979 vigoris
503 905 553 960 est
568 896 715 973 hebetat,
731 898 916 961 libertatem
932 895 1022 959 illam
1035 895 1047 933 ¹
1065 915 1130 978 qua
1147 895 1226 958 nihil
1239 895 1416 978 pretiosius
1427 893 1520 956 novit

366 999 524 1063 invictam
547 1002 609 1063 sub
629 1000 748 1082 jugum
766 1001 878 1063 mittit.
926 1000 1015 1064 Nam
1031 1019 1116 1081 quae
1134 1000 1282 1061 maxima
1302 999 1442 1061 servitus
1460 1008 1521 1075 est,

368 1104 482 1185 incipit
505 1104 534 1165 ei
557 1123 643 1187 opus
665 1125 737 1168 esse
759 1103 890 1168 fortuna
907 1152 914 1166 .
933 1150 940 1165 .
959 1150 966 1165 .
983 1103 1062 1166 Non
1086 1123 1166 1186 ergo
1188 1103 1249 1166 das
1271 1103 1384 1166 virtuti
1404 1103 1522 1165 sunda·

369 1218 517 1272 mentum
533 1228 634 1290 grave
654 1203 717 1295 [et]
735 1209 907 1273 immobile
930 1211 989 1273 sed
1009 1208 1106 1290 jubes
1127 1208 1217 1270 illam
1239 1210 1271 1270 in
1293 1208 1368 1271 loco
1384 1206 1523 1271 volubili

367 1321 465 1376 stare.
513 1311 604 1394 Quid
621 1315 711 1376 enirn
727 1323 797 1376 tam
813 1312 959 1376 volubile
974 1332 1074 1394 quam
1092 1311 1301 1376 fortuitorum
1320 1311 1525 1395 expectati0,

369 1427 404 1480 et
433 1435 609 1499 corporum
634 1436 809 1498 rerumque
832 1437 952 1500 corpus
975 1415 1187 1484 afficientium
1218 1416 1382 1478 varietas?
1427 1413 1523 1496 Quo-

370 1521 473 1584 modo
488 1529 600 1602 potest
615 1520 669 1583 hic
686 1520 760 1583 Deo
778 1538 895 1602 parere
914 1529 947 1584 et
965 1520 1122 1602 quicquid
1142 1520 1250 1582 evenit
1268 1519 1356 1582 bono
1378 1511 1522 1605 [animo]

370 1624 547 1706 excipere.
564 1671 572 1684 .
589 1670 595 1685 .
612 1643 747 1688 casuum
771 1643 904 1686 suorum
928 1624 1091 1705 benignus
1111 1625 1282 1708 interpres,
1297 1623 1324 1686 si
1347 1625 1390 1686 ad
1407 1623 1524 1704 volup·

371 1738 480 1791 tatum
497 1727 715 1811 dolorumque
730 1728 983 1810 punctiunculas
996 1729 1209 1792 concutitur?
1254 1727 1320 1792 Sed
1341 1747 1382 1789 ne
1397 1728 1525 1808 patriae

371 1831 508 1913 quidem
523 1830 631 1895 bonus
647 1842 791 1895 tutor·ac
805 1833 931 1895 vindex
947 1841 1006 1906 est,
1020 1851 1079 1896 nec
1091 1833 1275 1896 amicorum
1289 1841 1525 1914 propugnator,

372 1937 398 2000 si
416 1935 457 1998 ad
474 1935 663 2017 voluptates
679 1938 794 2020 vergit.
841 1936 905 1999 lllo
925 1955 1005 2018 ergo
1027 1955 1193 1999 summum
1214 1938 1339 1999 bonum
1356 1937 1525 2010 ascendat,

374 2039 462 2102 unde
477 2038 566 2101 nulla
581 2039 613 2102 vi
629 2040 814 2104 detrahitur
831 2061 899 2123 quo
915 2060 1021 2123 neque
1036 2039 1144 2102 dolori
1160 2059 1267 2121 neque
1288 2040 1398 2102 timori
1418 2059 1528 2121 neque

374 2145 445 2226 spei
457 2143 500 2207 sit
512 2142 631 2221 aditus,
643 2163 704 2206 nec
719 2143 777 2207 ulli
794 2145 841 2207 rei
857 2165 945 2226 quae
963 2145 1108 2208 deterius
1123 2146 1243 2207 summi
1260 2143 1337 2207 boni
1350 2144 1404 2226 jus
1416 2144 1526 2207 saciat.

375 2247 567 2311 Ascendere
590 2255 702 2310 autem
726 2247 783 2311 illo
806 2248 876 2311 sola
899 2249 1003 2312 virtus
1028 2258 1158 2331 potest3
1182 2247 1270 2311 illius
1292 2250 1397 2331 gradu
1424 2248 1528 2312 clivus

375 2353 438 2415 iste
458 2338 660 2435 frangendus
680 2364 740 2414 est.
787 2352 848 2415 Illa
866 2351 996 2416 sortiter
1017 2352 1121 2416 stabit
1142 2365 1175 2416 et
1195 2353 1354 2434 quicquid
1381 2355 1528 2416 evenerit

376 2455 468 2529 seret,
483 2476 549 2517 non
571 2454 702 2537 patiens
722 2466 852 2520 tanturn
871 2459 930 2520 sed
953 2457 1053 2520 etiam
1073 2456 1197 2534 volens,
1212 2459 1428 2538 omniumque
1444 2469 1528 2520 tem-

377 2577 496 2643 porum
513 2557 743 2622 difficultatem
764 2560 847 2623 sciat
870 2581 943 2623 esse
964 2560 1072 2642 legem
1096 2571 1242 2624 naturae.
1291 2560 1336 2624 Et
1361 2571 1397 2624 ut
1421 2561 1529 2625 bonus

378 2663 475 2727 miles
504 2661 566 2726 lert
596 2662 743 2738 vulnera,
765 2666 973 2728 enumerabit
998 2665 1167 2728 cicatrices
1191 2677 1224 2728 et
1247 2666 1530 2730 transverberatus

378 2768 454 2832 telis
470 2768 612 2831 moriens
624 2768 751 2832 amabit
767 2789 843 2832 eum
860 2788 921 2850 pro
940 2789 1007 2851 quo
1019 2768 1108 2832 cadit
1126 2769 1368 2851 imperatorem.
1417 2771 1530 2834 Habe-

378 2872 451 2936 bit²
467 2870 547 2935 illud
562 2871 596 2934 in
614 2874 727 2935 animo
742 2885 836 2936 vetus
853 2880 1056 2956 preceptum,
1070 2873 1178 2936 Deum
1196 2893 1342 2954 sequere.
1372 2873 1532 2956 Quisquis

380 2987 493 3040 autem
509 2977 658 3056 queritur
672 2985 706 3039 et
722 2976 830 3058 plorat
844 2987 877 3039 et
886 2977 999 3058 gemit,
1012 2979 1173 3059 imperata
1186 2972 1291 3042 lacere
1304 2979 1335 3040 vi
1348 2979 1485 3060 cogitur,
1497 2988 1532 3042 et

381 3082 503 3143 invitus
518 3080 643 3160 rapitur
658 3080 700 3141 ad
715 3079 806 3162 jussa
829 3080 932 3144 nihilo
951 3081 1069 3144 minus.
1117 3079 1212 3162 Quae
1231 3094 1343 3146 autern
1366 3083 1532 3146 dementia

381 3194 431 3248 est
454 3183 565 3265 potius
585 3183 671 3246 trahi
692 3203 793 3264 quam
818 3183 929 3265 sequi!
953 3199 1023 3246 tam
1049 3185 1235 3266 ignorantia
1258 3186 1458 3249 conditionis
1482 3195 1534 3250 est

382 3307 461 3350 suae
483 3303 584 3368 quarn
607 3285 749 3350 stultitia
770 3288 907 3352 dolere.
927 3289 1130 3352 ..admirari
1152 3299 1186 3352 et
1217 3290 1350 3372 indigne
1381 3289 1463 3353 serre
1494 3311 1533 3354 ea

381 3411 467 3475 quae
482 3400 552 3453 tam
568 3390 662 3453 bonis
681 3393 834 3456 accidunt
851 3411 953 3474 quarn
970 3393 1075 3456 malis.
1117 3389 1301 3480 [Quicquid
1325 3414 1368 3456 ex
1392 3395 1535 3458 universi

384 3494 620 3559 constitutione
639 3495 833 3578 patiendum
854 3507 915 3574 est,
932 3517 1056 3581 magno
1079 3497 1290 3580 suscipiatur]
1308 3499 1429 3562 animo.
1474 3499 1533 3563 Ad

384 3600 448 3662 hoc
463 3609 707 3662 sacramentum
723 3600 833 3664 adacti
856 3619 971 3665 sumus
989 3600 1073 3665 serre
1095 3600 1247 3664 mortalia
1268 3621 1328 3665 nec
1349 3604 1537 3684 perturbari

386 3704 426 3766 iis
455 3723 542 3784 quae
572 3703 677 3766 vitare
707 3723 774 3767 non
804 3716 855 3769 est
885 3715 1016 3768 nostrae
1045 3706 1222 3788 potestatis
1242 3753 1250 3768 .
1271 3751 1279 3767 .
1300 3755 1307 3770 .
1331 3707 1406 3770 Deo
1420 3727 1537 3790 parere

386 3807 522 3871 libertas
537 3816 599 3869 est.

430 3915 437 3942 ‘
450 3909 543 3994 Ergo
553 3910 586 3971 in
598 3911 722 3974 virtute
733 3914 844 3994 posita
858 3923 909 3976 est
928 3907 1036 4000 [vera]
1048 3910 1197 3976 felicitas.
1238 3911 1328 3994 Quid
1340 3913 1422 3978 haec
1433 3917 1539 3979 virtus

386 4017 448 4082 tibi
464 4014 642 4078 suadebit?
664 4035 705 4078 ne
719 4015 801 4097 quid
817 4027 875 4079 aut
892 4017 1016 4080 bonum
1033 4027 1092 4080 aut
1114 4016 1238 4080 malurn
1257 4018 1431 4081 existimes
1446 4023 1540 4102 quod

320 4107 327 4122 ’
388 4139 448 4184 nec
463 4118 583 4181 virtute
598 4139 658 4182 nec
675 4119 803 4183 malitia
818 4121 998 4202 continget.
1046 4121 1179 4184 Deinde
1195 4131 1231 4184 ut
1247 4121 1291 4185 sis
1308 4122 1488 4186 immobilis
1504 4135 1539 4188 et

388 4235 505 4288 contra
520 4222 644 4286 malum
663 4243 707 4286 ex
727 4224 825 4304 bono,
842 4237 878 4288 ut
897 4245 963 4307 qua
981 4224 1031 4288 sas
1049 4236 1101 4290 est
1123 4226 1232 4290 Deum
1255 4227 1401 4311 effingas.
1447 4228 1540 4311 Quid

390 4331 449 4394 tibi
465 4349 526 4411 pro
542 4326 605 4391 hac
620 4329 837 4409 expeditione
852 4330 1041 4412 promittit?
1065 4331 1211 4412 ingentia
1226 4341 1260 4396 et
1275 4352 1382 4415 aequa
1397 4333 1541 4414 divinis;

391 4433 474 4497 nihil
489 4433 626 4515 cogeris,
640 4430 731 4495 nullo
748 4435 923 4519 indigebis,
937 4435 1021 4499 liber
1034 4436 1107 4512 eris,
1120 4445 1222 4512 tutus,
1235 4437 1409 4499 indemnis.
1446 4438 1475 4500 N
1482 4436 1542 4501 ihil

425 4586 432 4615 ¹
450 4585 551 4634 Seneca
558 4585 779 4646 hastitenens
789 4589 859 4638 illam
866 4588 902 4639 ita
910 4589 1020 4652 demum,
1030 4590 1052 4639 si
1062 4590 1125 4638 nihil
1134 4603 1163 4638 se
1170 4589 1309 4652 pretiosius
1316 4588 1394 4652 novit,
1405 4589 1545 4642 invictam?

425 4663 709 4726 ²httbebataliqnnndo
730 4667 762 4715 D.
774 4675 800 4717 et
813 4668 846 4718 0.
