3542 5359
377 616 419 678 82
605 617 762 677 OPERIS
785 617 974 689 MAJORIS
998 617 1114 676 PARS
1137 617 1310 691 QUINTA.

379 778 551 846 certificari
566 779 626 845 nisi
642 801 700 865 per
714 779 801 846 hanc
815 780 1047 866 cognitionem,
1064 791 1098 845 et
1109 791 1203 863 patet
1215 781 1305 864 quod
1316 780 1406 846 solus
1418 801 1532 846 sensus

379 905 447 950 non
463 895 573 968 potest
589 885 620 948 ln
637 886 699 950 hos
714 887 799 951 duos
815 886 933 950 modos
947 909 955 961 3
982 894 1017 949 et
1030 896 1168 951 vocatur
1181 885 1233 948 hic
1249 886 1339 949 solus
1354 905 1480 965 sensus,
1495 895 1532 949 ut

378 990 468 1054 visus
500 990 532 1053 in
568 990 695 1074 pupilla
729 1000 763 1054 et
801 989 833 1053 in
865 1011 966 1060 nervo
996 990 1162 1054 communi
1193 1011 1297 1073 usque
1326 991 1369 1054 ad
1399 1010 1532 1054 sensum

379 1112 600 1160 communem.
643 1093 733 1156 Nam
756 1094 818 1157 nisi
841 1094 929 1157 adsit
950 1093 1142 1176 imaginatio
1165 1105 1200 1158 et
1223 1095 1382 1158 memoria
1397 1095 1532 1157 visionis

378 1198 467 1281 prius
484 1197 591 1261 sactae
606 1197 691 1262 circa
707 1217 786 1274 rem,
801 1217 869 1260 non
886 1195 944 1260 fiet
955 1197 1207 1280 comprehensio
1219 1198 1252 1261 in
1264 1198 1410 1263 secundo
1423 1200 1532 1262 modo.

381 1299 447 1366 Sed
464 1301 656 1386 imaginatio
667 1311 701 1365 et
717 1302 877 1365 memoria
892 1310 968 1365 sunt
985 1302 1070 1365 ultra
1086 1322 1220 1366 sensum
1235 1323 1455 1367 communem.
1487 1303 1533 1366 Et

379 1407 496 1471 tertius
525 1406 643 1469 modus
669 1406 776 1489 magis
804 1406 979 1488 elongatur
1000 1428 1021 1470 a
1048 1405 1121 1469 solo
1149 1427 1256 1482 sensu,
1279 1410 1357 1490 quia
1384 1407 1429 1470 ibi
1454 1427 1533 1472 con-

380 1512 566 1576 siderantur
587 1510 682 1594 plura
705 1531 806 1592 quam
836 1510 870 1574 in
901 1510 1047 1575 secundo
1078 1512 1189 1589 modo,
1212 1523 1246 1576 et
1273 1512 1378 1594 magis
1404 1511 1533 1575 accedit

379 1617 423 1680 ad
446 1636 530 1698 opus
554 1616 688 1679 rationis
711 1625 846 1697 propter
866 1615 955 1678 viam
979 1615 1149 1697 arguendi.
1195 1615 1262 1679 Sed
1288 1616 1322 1679 hi
1348 1616 1438 1681 modi
1465 1635 1532 1679 non

379 1719 504 1784 habent
542 1719 675 1783 nomina
711 1729 800 1784 recte
838 1719 1007 1785 translata.
1069 1718 1214 1782 Primum
1252 1729 1351 1784 vocat
1380 1718 1533 1783 Alhazen

381 1824 604 1908 cognitionem
641 1822 713 1887 solo
755 1843 861 1887 sensu.
930 1823 1121 1889 Secundum
1171 1821 1395 1907 principaliter
1436 1833 1533 1886 vocat

380 1928 606 2012 cognitionem
625 1948 683 2010 per
703 1926 886 1992 scientiam.
931 1926 1083 1993 Tertium
1105 1937 1203 1991 vocat
1227 1927 1452 2009 cognitionem
1475 1946 1533 2010 per

381 2031 610 2114 syllogismum
641 2040 778 2114 propter
804 2031 942 2094 modum
967 2031 1136 2115 arguendi.
1197 2031 1264 2096 Sed
1289 2031 1372 2095 haec
1398 2030 1534 2094 nomina

381 2157 446 2200 non
462 2145 539 2200 sunt
558 2135 700 2218 propria,
718 2134 796 2217 quia
818 2134 957 2200 virtutes
978 2135 1107 2199 animae
1129 2137 1305 2199 sensitivae
1325 2135 1451 2198 habent
1474 2135 1534 2197 has

381 2240 596 2324 cognitiones,
621 2239 738 2322 quibus
757 2259 824 2303 non
848 2240 989 2303 debetur
1011 2239 1148 2304 scientia
1171 2261 1232 2303 nec
1258 2239 1470 2323 syllogismus
1497 2250 1534 2302 ut

381 2343 600 2408 communiter
629 2337 842 2425 accipiuntur.
891 2343 959 2408 Sed
989 2344 1032 2407 de
1062 2343 1127 2407 hoc
1161 2345 1284 2408 certius
1310 2341 1367 2405 fiet
1397 2343 1533 2424 quando

382 2447 571 2531 inquiretur,
585 2467 670 2529 quae
686 2455 762 2509 sunt
777 2448 915 2510 virtutes
935 2447 1068 2511 animae
1088 2466 1174 2529 quae
1194 2446 1316 2510 iaciunt
1338 2445 1391 2508 hic
1410 2445 1533 2527 judicia

382 2552 547 2615 mediante
561 2551 643 2628 visu,
661 2552 749 2633 quod
770 2549 839 2613 fieri
859 2571 927 2614 non
950 2561 1061 2634 potest
1083 2563 1265 2633 antequam
1281 2550 1387 2632 magis
1410 2559 1532 2633 pateat,

382 2657 414 2721 in
430 2655 594 2738 exemplis
609 2655 652 2719 de
667 2653 805 2720 diversis
820 2654 1012 2731 visibilibus,
1028 2655 1171 2738 qualiter
1185 2652 1415 2720 certificentur.
