3542 5359
390 614 585 674 MORALIS
609 612 927 672 PHILOSOPHIA:
962 611 1075 670 PARS
1104 612 1268 670 TERTIA.
1346 627 1407 690 329

254 776 371 842 lallunt
400 778 554 859 quamsi
581 795 648 840 una
675 773 745 839 lata
771 774 949 858 decipiant.
995 773 1071 855 Jam
1097 795 1177 838 vero
1204 795 1307 857 quum
1331 773 1405 838 illos

253 881 364 963 aliqua
402 880 612 944 imbecillitas
651 878 863 943 mortalitatis
902 878 1084 956 admonuit,
1121 879 1401 962 quemadmodum

253 997 412 1068 paventes
427 987 619 1060 moriuntur,
631 1005 696 1048 non
711 993 871 1067 tanquam
887 994 1011 1048 exeant
1025 983 1068 1046 de
1083 984 1160 1062 vita,
1172 985 1230 1047 sed
1243 993 1401 1065 tanquam

253 1091 480 1156 extrahantur.
526 1090 657 1155 Stultos
678 1089 844 1163 sciuisse,
868 1099 990 1152 utnon
1006 1088 1160 1165 vixerint,
1180 1090 1353 1153 clamitant
1368 1097 1402 1151 et

252 1197 280 1259 si
302 1196 405 1258 modo
424 1195 599 1272 evaserint,
620 1214 665 1256 ex
686 1193 742 1256 illa
762 1193 944 1257 valitudine
967 1194 1000 1256 in
1019 1194 1089 1258 otio
1108 1193 1260 1256 victuros
1306 1192 1401 1255 Tunc

251 1320 352 1383 quam
376 1298 496 1362 frustra
517 1299 705 1382 paraverint
727 1299 847 1380 quibus
869 1318 937 1361 non
960 1295 1149 1371 fruerentur,
1171 1317 1271 1379 quam
1296 1298 1400 1360 incas-

250 1424 323 1467 sum
343 1403 451 1466 omnis
474 1401 569 1466 labor
589 1420 702 1465 eorum
726 1402 879 1465 ceciderit
901 1402 1058 1485 cogitant.
1102 1400 1152 1465 At
1173 1399 1313 1483 quibus¹
1333 1402 1401 1464 vita

250 1507 366 1592 procul
390 1508 434 1570 ab
458 1507 548 1570 omni
576 1507 712 1588 negotio
738 1507 909 1589 agitur..
935 1551 942 1566 .
968 1503 1048 1569 nihil
1073 1527 1117 1569 ex
1144 1504 1199 1568 illa
1225 1505 1400 1589 spargitur,

250 1611 331 1675 nihil
356 1612 505 1675 fortunae
527 1612 696 1675 traditur.
717 1661 725 1676 .
746 1658 753 1673 .
776 1611 857 1673 nihil
878 1610 1081 1694 negligentia
1104 1611 1224 1688 interit,
1240 1656 1247 1671 .
1266 1658 1296 1674 ..
1317 1610 1399 1674 nihil

249 1736 489 1800 supervacuum
511 1725 570 1779 est.
587 1763 595 1777 .
613 1766 620 1780 .
642 1766 648 1780 .
666 1715 965 1798 Quantulacunque
983 1716 1095 1798 itaque
1119 1716 1253 1779 abunde
1270 1715 1399 1795 sufficit,

249 1827 283 1880 et
318 1817 402 1892 iden,
433 1817 633 1898 quandoque
663 1817 732 1881 dies
761 1814 898 1879 ultimus
927 1815 1061 1894 venerit,
1091 1835 1158 1878 non
1189 1816 1399 1880 cunctabitur

248 1923 382 2003 sapiens
398 1922 446 1984 ire
459 1921 502 1984 ad
520 1931 661 1984 mortem
677 1929 767 1984 certo
782 1915 910 2002 gradu!

292 2025 339 2088 Et
356 2026 434 2108 quia
453 2025 636 2106 sapientem
652 2025 764 2106 posuit
778 2025 811 2087 in
832 2025 913 2095 otio,
929 2034 963 2086 et
981 2022 1102 2088 stultos
1119 2043 1158 2088 ac
1172 2025 1309 2089 vitiosos
1325 2044 1397 2090 esse

247 2141 436 2213 occupatos,
446 2141 479 2195 et
496 2150 561 2193 non
577 2149 649 2193 esse
664 2130 797 2206 otiosos,
806 2128 881 2192 ideo
896 2128 1013 2193 dividit
1028 2149 1086 2192 eos
1098 2129 1130 2192 in
1143 2139 1217 2193 tres.
1250 2128 1396 2211 Quidam

246 2235 335 2300 enim
352 2233 477 2298 habent
497 2243 625 2298 mentes
643 2232 908 2298 solicitudinibus
927 2243 1139 2316 peccatorum
1160 2243 1194 2298 et
1211 2235 1395 2300 vanitatum

246 2349 436 2420 occupatos,
452 2341 603 2420 quamvis
623 2337 704 2401 nihil
718 2337 837 2401 horum
857 2349 916 2403 aut
931 2358 1057 2420 parum,
1073 2336 1211 2403 sortasse
1230 2341 1309 2422 quia
1329 2360 1396 2404 non

246 2453 393 2524 possunt,
409 2441 540 2508 saciant
580 2443 634 2508 De
649 2444 768 2526 quibus
784 2431 892 2507 dicit'
913 2441 1162 2524 ‘Quorumdam
1178 2443 1283 2507 otium
1299 2464 1395 2508 occu·
1409 2452 1565 2517 Cap.12,13.

246 2557 361 2630 patum
388 2559 458 2622 est;
492 2549 525 2610 in
549 2546 638 2626 villa,
660 2557 719 2612 aut
745 2549 779 2610 in
806 2547 893 2611 lecto
919 2566 988 2624 suo,
1013 2548 1046 2610 in
1073 2549 1182 2611 media
1209 2549 1395 2614 solitudine.

245 2649 408 2731 Quamvis
423 2653 510 2715 enirn
529 2652 573 2715 ab
588 2651 776 2716 hominibus
791 2651 992 2728 recesserint,
1006 2651 1069 2715 sibi
1085 2651 1146 2733 ipsi
1163 2652 1293 2716 molesti
1310 2665 1395 2734 sunt,

243 2776 382 2837 quorum
406 2776 472 2821 non
494 2758 602 2820 otiosa
619 2758 688 2820 vita
705 2757 844 2820 dicenda
863 2765 923 2831 est,
939 2755 998 2820 sed
1017 2756 1182 2820 desidiosa
1203 2757 1394 2840 occupatio.’

244 2858 322 2923 Non
346 2861 443 2924 otiosi
466 2870 542 2924 sunt
568 2880 710 2942 quorum
732 2860 921 2924 voluntates
944 2859 1084 2925 multum
1109 2863 1233 2945 negotii
1256 2862 1393 2929 habent.

244 2961 311 3044 Qui
333 2985 413 3029 vero
434 2967 579 3047 peccatis
603 2975 637 3029 et
660 2965 809 3029 stultitiis
830 2975 1010 3046 occupatur
1031 2967 1195 3042 continue,
1217 2976 1251 3030 et
1273 2989 1309 3033 se
1331 2971 1392 3034 im-

242 3069 364 3152 mergit
380 3069 412 3131 in
429 3069 519 3143 vitia,
534 3071 577 3132 de
591 3090 633 3134 eo
647 3069 748 3145 dicit3
777 3069 875 3133 ‘Non
891 3068 944 3134 hic
964 3071 1088 3134 otiosus
1110 3081 1171 3136 est.
1217 3073 1321 3137 Aliud
1346 3076 1391 3139 illi

242 3192 364 3236 nomen
384 3173 546 3256 imponas.
593 3172 706 3256 Aeger
719 3184 781 3249 est,
796 3174 901 3238 immo
917 3185 1066 3240 mortuus
1083 3171 1185 3264 [est].'
1231 3178 1298 3262 Qui
1314 3201 1393 3245 vero

241 3296 309 3340 non
332 3277 420 3342 vitiis
443 3277 634 3360 hujusmodi
661 3278 887 3363 corporalibus
914 3290 1026 3344 mente
1053 3301 1114 3346 nec
1140 3303 1240 3366 opere
1262 3297 1391 3365 vacant,

240 3391 354 3444 tamen
385 3383 575 3445 curiositate
604 3384 705 3447 studii
736 3384 951 3462 delectantur,
980 3387 1023 3450 de
1048 3385 1112 3449 illis
1142 3388 1232 3466 dicit,
1259 3389 1390 3454 ‘Nemo

240 3485 409 3549 dubitabit
420 3487 502 3568 quin
518 3505 656 3568 operose
671 3486 753 3551 nihil
767 3486 886 3572 agant,’
902 3509 1005 3572 quum
1022 3489 1206 3555 ‘literarum
1222 3492 1388 3558 inutilium

239 3591 358 3653 studiis
376 3591 567 3655 detinentur
582 3611 667 3673 quae
683 3641 690 3654 .
708 3641 716 3656 .
734 3640 741 3654 .
756 3595 824 3657 sive
844 3596 1016 3660 contineas
1025 3591 1046 3670 ²,
1063 3595 1143 3659 nihil
1159 3599 1296 3662 tacitam
1310 3620 1389 3664 con·

239 3694 412 3758 scientiam
444 3695 572 3777 juvant,
602 3698 671 3760 sive
705 3697 860 3781 proferas,
893 3719 958 3763 non
996 3701 1127 3765 doctior
1151 3703 1293 3767 videaris
1330 3705 1388 3770 sed

239 3797 416 3864 molestior.
454 3800 543 3864 Ecce
559 3800 731 3866 Romanos
750 3822 883 3886 quoque
901 3803 1020 3868 invasit
1039 3806 1136 3868 inane
1155 3807 1336 3871 studium..
1355 3857 1387 3872 ..

238 3903 303 3967 His
324 3905 440 3971 diebus
462 3907 572 3970 audivi
592 3907 758 3989 quendam
782 3905 978 3972 referentem
999 3929 1085 3990 quae
1102 3910 1227 3991 primus
1250 3912 1388 3994 quisque

237 4029 282 4070 ex
309 4008 471 4074 Romanis
501 4010 641 4074 ducibus
671 4009 819 4074 lecisset:
856 4011 983 4094 primus
1010 4012 1127 4076 Curius
1155 4013 1322 4078 Dentatus
1353 4017 1386 4080 in

237 4111 407 4196 triumpho
441 4115 540 4179 duxit
573 4114 776 4195 elephantos.
807 4161 815 4178 .
847 4161 855 4178 .
884 4163 892 4176 .
924 4115 1087 4179 Romanis
1122 4112 1225 4204 [quis]
1261 4119 1386 4199 primus

236 4218 434 4299 persuaserit
462 4239 580 4283 navem
612 4221 856 4285 conscendere?
903 4218 1062 4284 Claudius
1091 4220 1118 4283 is
1147 4221 1218 4296 suit,
1245 4221 1385 4287 Caudex

237 4323 282 4386 ob
304 4322 368 4386 hoc
391 4322 499 4404 ipsum
522 4324 718 4406 appellatus,
733 4325 810 4407 quia
832 4324 976 4408 plurium
996 4324 1183 4389 tabularum
1207 4337 1384 4392 contextus

236 4427 365 4490 caudex
384 4427 473 4509 apud
489 4428 643 4511 antiquos
658 4439 802 4505 vocatur,
817 4429 906 4494 unde
926 4428 1078 4513 publicae
1099 4430 1232 4496 tabulae
1253 4433 1384 4498 codices

431 4581 440 4610 ¹
456 4581 519 4631 This
530 4589 654 4632 sentence
666 4585 713 4632 hes
723 4584 790 4633 been
801 4586 879 4635 much
891 4587 1014 4650 ebridged
1026 4587 1061 4650 by
1073 4587 1168 4638 Baton.

431 4659 441 4690 ¹
457 4661 633 4726 contumelias,
649 4661 725 4714 llSS.
