3542 5359
362 612 421 673 106
586 615 742 674 OPERIS
766 614 954 685 MAJORIS
978 616 1093 675 PARS
1117 616 1291 690 QUINTA.

263 809 266 817 ·
361 775 501 854 filorum,
532 797 635 859 quare
665 799 731 840 non
764 778 896 842 videtur
925 780 1015 861 quod
1046 779 1137 842 color
1167 779 1229 842 erit
1259 778 1395 843 mixtus.
1443 776 1511 843 Sed

360 883 539 946 dicendum
555 891 615 958 est,
630 882 721 966 quod
743 881 810 945 sic:
837 901 915 945 nam
938 883 1072 964 quando
1095 881 1257 946 foramina
1277 891 1354 946 sunt
1375 882 1513 960 minuta,

361 995 439 1049 tunc
455 985 583 1049 colores
604 995 812 1050 transeuntes
831 1007 891 1071 per
905 987 1066 1051 foramina
1082 996 1160 1051 sunt
1175 986 1319 1052 multum
1338 988 1512 1070 propinqui

360 1088 433 1165 iilis,
444 1100 479 1152 et
495 1090 569 1153 ideo
581 1089 708 1154 colores
724 1089 855 1154 filorum
870 1100 905 1154 et
921 1091 1048 1155 colores
1057 1101 1266 1155 transeuntes
1278 1111 1338 1173 per
1348 1089 1513 1156 foramina

359 1205 437 1257 suut
451 1192 549 1258 valde
565 1194 752 1277 propinqui,
768 1202 802 1257 et
817 1195 989 1276 attingunt
1002 1196 1044 1259 ad
1064 1205 1190 1278 puncta
1204 1193 1361 1260 habentia
1376 1195 1512 1259 insensi-

359 1298 460 1362 bilem
484 1299 758 1384 distantiamtet
788 1300 866 1382 quia
898 1302 946 1365 sic
972 1309 1031 1374 est,
1056 1301 1132 1363 ideo
1161 1320 1227 1363 non
1253 1301 1316 1362 erit
1348 1300 1513 1365 sensibilis

359 1402 532 1467 diversitas
548 1403 697 1468 colorum
714 1405 864 1482 istorum,
880 1413 915 1467 et
930 1424 990 1487 per
1004 1404 1068 1467 hoc
1083 1404 1260 1486 apparebit
1274 1404 1357 1468 visui
1373 1406 1509 1468 mixtus.

779 1589 1005 1653 Cnerrunuu
1030 1589 1093 1651 111.

191 1729 327 1795 Apprecia·
405 1725 458 1788 De
480 1726 628 1790 hisvero
648 1746 734 1809 quae
749 1747 808 1809 per
823 1726 1056 1808 syllogismum
1079 1723 1405 1808 comprehenduntur
1424 1727 1509 1789 acci-

189 1795 302 1911 {1⁵32ssss
313 1861 347 1926 by
359 1830 443 1893 dunt
465 1830 617 1894 similiter
639 1831 795 1913 exempla
818 1830 989 1894 notabilia.
1036 1829 1183 1891 Primum
1205 1829 1342 1911 quidem
1365 1829 1450 1894 inter
1470 1851 1511 1894 ea

189 1926 330 2043 affixi
360 1943 412 1997 est
434 1936 592 1998 distantia
618 1955 676 1998 seu
703 1936 853 1998 remotio.
902 1932 999 1997 Circa
1024 1933 1115 2016 quod
1142 1934 1251 2015 primo
1276 1934 1511 2012 consideratur,

190 2069 230 2109 are
244 2058 345 2121 objecta.
359 2039 449 2120 quod
463 2039 622 2103 distantia
633 2038 798 2121 superflua
810 2039 950 2122 impedit
961 2038 1084 2116 visum;
1100 2039 1178 2119 quia
1190 2037 1307 2100 eadem
1320 2057 1371 2100 res
1383 2038 1510 2102 distans

357 2142 435 2207 facit
451 2163 589 2226 parvum
605 2143 764 2227 angulum
788 2144 821 2206 in
837 2141 935 2206 oculo
953 2161 1039 2223 quae
1057 2140 1178 2204 faceret
1196 2160 1354 2222 magnum
1375 2143 1510 2224 quando

359 2256 410 2311 est
431 2250 625 2330 propinqua,
646 2259 683 2311 ut
703 2257 799 2331 patet
816 2248 849 2310 in
866 2245 980 2328 figura.
1028 2245 1075 2308 Et
1097 2246 1255 2326 quoniam
1279 2265 1324 2309 ex
1346 2247 1510 2328 parvitate

358 2350 470 2433 anguli
494 2353 614 2416 accidit
632 2353 721 2435 quod
745 2372 845 2434 parva
866 2372 917 2414 res
939 2348 1083 2432 pupillae
1103 2360 1292 2432 occupatur,
1308 2369 1375 2412 non
1398 2361 1509 2432 potest

792 2475 842 2518 res
871 2455 1071 2517 sensibiliter
1095 2463 1260 2535 quantum
1284 2462 1417 2537 oportet
1440 2454 1507 2519 dis-

789 2559 897 2642 tingui
920 2559 952 2620 in
975 2558 1082 2633 oculo,
1101 2568 1136 2621 et
1156 2557 1232 2620 ideo
1255 2577 1307 2619 res
1325 2556 1411 2620 male
1431 2578 1507 2641 per-

791 2663 911 2745 cipitur
933 2683 978 2726 ex
1001 2660 1168 2743 superflua
1191 2661 1358 2726 distantia.
1403 2659 1507 2725 Com·

790 2767 1006 2851 prehenditur
1035 2786 1114 2828 vero
1145 2775 1179 2828 et
1209 2765 1410 2830 certificatur
1439 2767 1508 2829 dis-

790 2872 905 2949 tantia,
927 2870 955 2934 si
978 2870 1021 2933 sit
1040 2869 1224 2944 mediocris,
1250 2889 1310 2951 per
1335 2871 1507 2934 continua-

789 2977 917 3041 tionem
963 2985 998 3038 et
1042 2973 1284 3037 ordinationem
1332 2993 1506 3057 corporum

789 3079 994 3144 sensibilium
1012 3077 1276 3161 interjacentium
1295 3077 1380 3140 inter
1398 3079 1506 3140 visum

790 3194 824 3248 et
840 3204 908 3248 rem
925 3192 1099 3246 remotam.
1153 3183 1203 3246 Ut
1225 3201 1300 3245 cum
1323 3182 1442 3264 aliquis
1464 3183 1507 3246 sit

786 3290 888 3373 juxta
909 3308 1039 3351 murum
1056 3307 1169 3365 unum,
1189 3297 1223 3351 et
1243 3287 1383 3370 aspiciat
1403 3288 1504 3350 alium

356 3410 487 3454 murum
500 3391 586 3456 ultra
602 3393 746 3475 primum
763 3392 974 3457 elevatiorem
990 3412 1031 3454 eo
1046 3400 1081 3453 et
1092 3393 1172 3455 satis
1186 3391 1230 3456 ab
1244 3391 1302 3453 illo
1316 3392 1506 3467 distantem,

356 3513 422 3558 non
454 3497 594 3579 percipit
620 3497 763 3580 aliquam
793 3499 987 3562 distantiam
1014 3499 1099 3560 inter
1129 3497 1226 3578 ipsos
1251 3497 1329 3579 quia
1355 3508 1413 3560 aut
1440 3516 1506 3560 non

355 3608 431 3662 sunt
446 3620 585 3683 corpora
600 3604 792 3667 continuata
812 3604 898 3667 inter
920 3621 988 3679 eos,
1004 3612 1063 3665 aut
1078 3622 1117 3664 ea
1132 3621 1197 3663 non
1213 3610 1325 3683 potest
1339 3601 1506 3684 percipere

499 3258 560 3307 Flo.
573 3272 613 3322 45.

356 3713 492 3784 propter
508 3704 768 3786 interjectionem
787 3707 885 3789 primi
903 3706 988 3769 muri
1004 3705 1066 3769 sub
1084 3724 1152 3787 quo
1168 3715 1244 3769 stat.

187 3819 325 3884 Heightos
401 3807 446 3871 Et
476 3810 554 3873 inde
583 3811 713 3889 accidit,
744 3813 833 3894 quod
864 3812 999 3893 quando
1029 3830 1096 3874 non
1133 3829 1248 3872 sumus
1283 3830 1387 3893 prope
1419 3809 1505 3874 altos

185 3883 280 3936 cloude
356 3922 494 3991 montes,
530 3917 588 3978 sed
626 3915 659 3978 in
690 3915 770 3980 locis
800 3915 915 3997 planis,
955 3935 1022 3978 non
1059 3916 1259 3998 percipimus
1295 3913 1505 3978 altitudinem

354 4015 537 4096 nubium¹;
564 4019 667 4082 immo
695 4021 910 4084 aestimamus
931 4020 1022 4102 quod
1047 4020 1114 4084 sint
1140 4019 1242 4101 longe
1268 4021 1461 4084 remotiores
1484 4040 1504 4083 a

354 4121 450 4184 nobis
475 4142 576 4203 quam
604 4134 689 4203 suut,
713 4125 792 4206 quia
820 4146 885 4189 non
917 4134 995 4187 sunt
1025 4144 1164 4206 corpora
1197 4123 1366 4187 sensibilia
1395 4126 1505 4207 posita

353 4226 522 4289 internos
546 4238 580 4291 et
604 4249 661 4292 eas
686 4231 744 4293 sed
769 4230 860 4293 solus
882 4250 938 4292 aer
961 4229 1018 4311 qui
1044 4249 1111 4293 non
1135 4239 1186 4293 est
1209 4227 1372 4291 sensibilis
1398 4230 1505 4309 nobis,

354 4337 387 4392 et
410 4329 485 4393 ideo
499 4339 578 4396 tunc
599 4353 664 4396 non
689 4335 891 4417 percipimus
914 4334 1126 4398 altitudinem
1149 4333 1297 4397 nubium.
1344 4331 1411 4396 Sed
1428 4353 1504 4397 cum

354 4431 509 4496 fuerimus
532 4457 636 4518 prope
655 4437 742 4503 altos
765 4448 904 4514 montes
923 4438 1076 4520 quamvis
1099 4458 1165 4501 non
1189 4439 1255 4501 sint
1279 4437 1420 4501 multum
1445 4440 1505 4503 alti

352 4535 470 4601 ultima
492 4539 668 4605 altitudine
691 4562 777 4626 quae
804 4553 855 4609 est
878 4543 1009 4607 circiter
1031 4556 1110 4608 octo
1133 4544 1294 4622 milliaria,
1316 4544 1504 4608 videbimus

789 4678 797 4707 ¹
817 4679 869 4730 See
882 4681 933 4731 vol.
945 4681 961 4732 i.
975 4697 1001 4745 p.
1012 4698 1069 4746 229.
