3542 5359
348 613 678 675 PERSPECTIVAE
701 612 817 671 PARS
841 612 1067 672 SECUNDA:
1100 612 1209 672 DIST.
1226 612 1287 671 III.
1341 626 1395 670 111

247 786 406 859 appareat
420 775 503 838 visui
519 776 553 839 in
568 777 658 840 omni
672 776 838 854 distantia,
854 786 889 840 et
903 777 979 840 ideo
997 775 1078 840 nihil
1097 775 1329 841 occultandum
1347 784 1400 840 est

247 881 281 944 in
295 881 362 957 eis;
388 882 630 965 propterquod
644 901 775 964 semper
788 891 951 964 apparent
966 881 1000 944 in
1013 902 1073 945 sua
1088 880 1350 945 circumferentia
1363 890 1399 943 et

246 985 468 1061 circulatione,
490 985 575 1049 sicut
597 1007 659 1050 nos
679 987 878 1070 percipimus
900 987 943 1049 de
964 986 1049 1050 linea
1070 985 1219 1050 circulari
1239 1005 1327 1067 quae
1348 993 1400 1049 est

247 1089 506 1154 circumferentia
520 1090 608 1153 basis
624 1091 806 1172 pyramidis
820 1090 962 1155 visualis.
1009 1089 1071 1153 Illa
1088 1091 1176 1153 enim
1199 1099 1250 1154 <st
1268 1110 1335 1160 una
1356 1089 1400 1153 de

248 1193 547 1274 aequidistantibus
580 1195 661 1272 istis,
683 1205 717 1258 et
749 1195 854 1277 major
884 1196 971 1259 inter
999 1214 1115 1258 omnes
1143 1214 1230 1276 quae
1259 1203 1400 1275 possunt

247 1297 331 1360 visui
347 1297 454 1377 objici,
469 1308 502 1360 et
518 1307 613 1380 patet
627 1299 718 1380 quod
731 1299 821 1361 visus
836 1298 1011 1382 cujuslibet
1023 1298 1151 1380 judicat
1165 1312 1239 1362 eam
1255 1299 1400 1381 perfecte

248 1399 463 1476 circularem3
486 1403 588 1466 etsie
609 1403 731 1466 faceret
753 1402 796 1466 de
818 1404 972 1467 omnibus
994 1403 1293 1485 aequidistantibus
1315 1421 1400 1483 quae

248 1504 457 1586 signarentur
471 1505 506 1568 in
522 1506 674 1588 portione
692 1507 790 1570 nobis
811 1505 953 1588 objecta,
968 1507 1027 1570 sed
1049 1507 1138 1570 nulla
1159 1516 1211 1570 est
1232 1506 1400 1588 assignata

249 1619 412 1690 quantum
435 1621 485 1673 est
507 1611 551 1673 de
573 1611 700 1674 ratione
717 1611 816 1674 lunae
831 1611 1014 1674 secundum
1029 1631 1075 1674 se.
1120 1611 1271 1693 Pyramia
1285 1620 1399 1674 tamen

248 1712 383 1776 visualis
412 1713 521 1796 signat
549 1734 660 1789 unam,
681 1733 768 1796 quae
789 1724 840 1778 est
862 1713 1124 1778 circumferentia
1145 1734 1226 1779 suae
1246 1715 1344 1792 basis,
1365 1724 1400 1778 et

249 1819 397 1900 pyramis
419 1816 498 1881 solis
517 1817 628 1900 signat
650 1818 759 1896 aliam,
775 1838 860 1901 quae
882 1818 1033 1882 similiter
1052 1827 1104 1882 est
1125 1820 1214 1882 basis
1235 1839 1314 1884 suae
1336 1819 1399 1882 cir-

249 1921 475 1986 cumferentia.
509 1922 595 1987 Cum
610 1933 723 1987 autem
738 1923 820 1986 haec
835 1922 1098 1987 circumferentia
1113 1923 1203 1987 basis
1216 1922 1399 2005 pyramidis

249 2024 329 2089 solis
344 2027 480 2108 attingit
494 2027 679 2110 portionem
698 2026 796 2090 lunae
811 2027 906 2091 nobis
923 2026 1098 2109 objectam,
1114 2047 1248 2091 necesse
1261 2037 1312 2090 est
1326 2026 1400 2109 ejus

249 2129 487 2212 gibbositatem
503 2151 575 2195 esse
589 2151 701 2194 versus
723 2130 838 2208 solem,
853 2131 940 2194 sicut
955 2150 1016 2194 nos
1031 2131 1075 2194 ad
1090 2130 1224 2194 oculum
1239 2131 1399 2194 videmus.

252 2234 299 2299 Et
314 2255 411 2299 causa
431 2236 530 2318 hujus
545 2247 606 2311 est,
621 2237 700 2318 quia
722 2247 772 2300 est
795 2237 907 2318 portio
929 2235 1093 2300 circularis
1115 2256 1201 2318 quae
1222 2247 1274 2301 est
1295 2256 1400 2320 prope

251 2337 413 2420 majorem
428 2339 462 2404 in
476 2340 633 2424 sphaera3
655 2361 733 2404 nam
754 2350 804 2404 est
819 2341 930 2423 portio
941 2341 1038 2404 unius
1049 2342 1093 2404 de
1103 2341 1400 2424 aequidistantibus

249 2443 472 2508 describendis
498 2445 584 2507 circa
609 2446 794 2528 portionem
818 2446 978 2529 sphaerae
998 2446 1099 2510 lunae
1121 2445 1217 2510 nobis
1239 2445 1401 2529 objectae,

249 2567 337 2630 quae
360 2548 583 2630 aequidistans
606 2560 656 2614 est
686 2548 792 2632 major
820 2551 969 2613 omnium
993 2571 1079 2633 quae
1107 2561 1248 2633 possunt
1273 2550 1319 2614 ibi
1343 2550 1401 2614 de-

249 2651 359 2716 scribi.
401 2651 470 2717 Sed
492 2673 559 2717 non
581 2663 632 2716 est
653 2652 845 2736 simpliciter
866 2653 983 2736 major,
1006 2674 1093 2736 quae
1113 2663 1202 2718 secet
1225 2653 1400 2736 sphaeram

249 2755 349 2820 lunae
378 2757 410 2819 in
441 2767 552 2841 partes
581 2757 744 2841 aequales
767 2761 844 2840 quia
876 2778 943 2821 non
973 2769 1025 2822 est
1054 2759 1213 2821 medietas
1241 2757 1402 2840 sphaerae

252 2859 349 2925 lunae
368 2861 464 2925 nobis
479 2860 624 2938 visibilis,
639 2863 697 2926 sed
721 2864 831 2946 portio
853 2883 970 2944 parum
993 2862 1102 2924 minor
1122 2861 1194 2943 ejus
1215 2862 1403 2933 medietate,

253 2976 291 3030 ut
306 2987 392 3031 nunc
409 2968 615 3050 supponitur,
631 2975 664 3030 et
686 2967 858 3048 sequentia
879 2965 1096 3048 explicabunt
1113 2965 1220 3047 magis
1236 2965 1311 3029 loco
1331 2985 1401 3029 suo.

252 3069 343 3153 Quia
372 3081 483 3135 tamen
514 3092 608 3136 arcus
638 3072 726 3136 basis
757 3071 940 3152 pyramidis
969 3069 1085 3135 solaris
1114 3080 1165 3134 est
1195 3069 1262 3133 fere
1293 3071 1402 3153 portio

252 3173 387 3256 majoris
417 3173 537 3252 circuli,
560 3175 636 3239 ideo
665 3174 758 3238 nullo
787 3177 889 3239 modo
919 3183 1029 3257 potest
1057 3175 1128 3256 ejus
1157 3176 1345 3239 concavitas
1369 3175 1403 3237 in

252 3280 407 3362 portione
432 3279 531 3343 lunae
556 3279 652 3343 nobis
673 3279 794 3343 visibili
815 3279 926 3361 jacere
947 3299 1062 3343 versus
1090 3278 1204 3343 solem.
1249 3278 1286 3344 Si
1313 3277 1403 3342 enim

254 3391 341 3446 esset
367 3403 461 3448 arcus
490 3382 602 3447 circuli
628 3385 713 3448 bene
743 3385 845 3469 parvi,
871 3393 950 3447 tunc
976 3393 1088 3464 posset
1117 3385 1304 3448 concavitas
1332 3403 1405 3448 esse

251 3507 364 3551 versus
392 3486 508 3562 solem,
532 3496 569 3551 ut
600 3498 701 3569 patet.
747 3488 820 3551 Erit
850 3509 929 3570 ergo
957 3507 1052 3550 arcus
1078 3486 1165 3552 illius
1193 3488 1405 3570 gibbositatis

252 3611 366 3655 versus
395 3592 500 3655 solem
530 3592 563 3654 in
595 3591 783 3656 novilunio:
818 3603 851 3656 et
879 3594 1014 3674 quando
1043 3591 1179 3674 attingit
1204 3593 1313 3675 primo
1343 3592 1404 3654 cir·

252 3696 504 3760 cumferentiam
533 3695 623 3760 basis
653 3697 835 3779 pyramidis
863 3696 1004 3773 visualis,
1034 3706 1113 3760 tunc
1147 3717 1242 3761 arcus
1270 3696 1405 3760 visualis

252 3801 436 3882 pyramidis
465 3809 499 3863 et
532 3819 629 3864 arcus
657 3799 775 3864 solaris
804 3809 880 3863 sunt
910 3798 1073 3881 aequales,
1101 3811 1135 3864 et
1162 3800 1275 3882 jacent
1305 3799 1403 3864 simul

252 3912 288 3966 et
310 3906 530 3969 terminantur
550 3906 593 3969 ad
617 3905 776 3969 terminos
798 3903 941 3967 chordae
963 3905 1122 3986 portionis
1143 3904 1280 3968 visibilis
1300 3905 1403 3988 ipsius

252 4007 359 4072 lunae.
404 4007 472 4072 Sed
490 4010 624 4090 quando
643 4008 788 4091 pyramis
810 4006 927 4072 solaris
948 4019 1089 4091 occupat
1107 4008 1253 4090 aliquam
1271 4021 1402 4092 partem

253 4113 416 4198 portionis
438 4113 538 4177 lunae
560 4114 655 4176 nobis
676 4113 835 4195 objectae,
859 4121 938 4176 tunc
962 4133 1057 4177 arcus
1083 4115 1264 4195 pyramidis
1287 4112 1404 4177 solaris

253 4216 410 4298 relinquit
439 4236 551 4280 arcum
582 4215 671 4279 basis
702 4216 884 4298 pyramidis
905 4215 1048 4295 visualis,
1071 4235 1202 4298 semper
1227 4227 1340 4279 tamen
1369 4217 1399 4278 ei

251 4321 506 4396 conterminalis,
536 4330 571 4384 et
605 4332 796 4404 separantur
829 4322 871 4383 ad
908 4321 1048 4384 invicem
1083 4321 1291 4383 continentes
1313 4341 1401 4403 ·por-

252 4427 379 4490 tionem
406 4425 634 4498 illuminatam,
662 4436 696 4490 et
727 4426 923 4489 intersecant
953 4447 990 4489 se
1019 4425 1052 4488 in
1081 4425 1229 4488 terminis
1259 4423 1404 4489 chordae

253 4529 415 4614 portionis
449 4529 547 4592 lunae
579 4529 675 4592 nobis
712 4527 883 4612 objectae;
909 4539 943 4592 et
975 4539 1055 4593 tunc
1092 4548 1187 4592 arcus
1221 4528 1404 4613 pyramidis

251 4633 368 4698 solaris
402 4645 452 4697 est
486 4633 571 4698 sicut
601 4652 697 4698 arcus
731 4634 829 4698 unius
864 4633 1114 4716 aequidistantis
1143 4652 1248 4716 prope
1277 4634 1404 4716 magni·
