3542 5359
353 615 395 677 40
581 597 737 658 OPERIS
761 597 952 669 MAJORIS
975 599 1092 658 PARS
1117 596 1289 671 QUINTA.

188 790 323 855 tt'hyrays
355 781 398 844 de
419 774 630 861 generatione
656 788 692 843 et
718 776 991 861 multiplicatione
1020 788 1055 843 et
1083 777 1294 864 corruptione
1319 788 1354 840 et
1383 776 1511 841 actione

185 858 306 986 3223?
354 884 547 966 specierum,
579 884 649 948 sine
681 903 749 965 quo
779 892 923 947 tractatu
953 904 1020 947 uon
1052 893 1166 967 potest
1194 881 1266 948 sciri
1295 881 1510 965 perspectiva.

186 1004 262 1052 many
357 987 426 1053 Sed
457 996 567 1052 tamen
597 987 699 1052 debet
727 985 781 1051 hic
810 987 895 1050 haec
925 987 1088 1053 dubitatio
1118 998 1254 1071 propter
1282 986 1511 1051 necessitatem

187 1054 288 1169 {2¹⁰3
354 1090 484 1155 visionis
506 1090 615 1175 aliquo
639 1092 741 1156 modo
762 1090 892 1154 brevius
914 1090 1048 1173 exponi,
1075 1113 1116 1156 ne
1136 1090 1269 1156 nimiam
1291 1090 1511 1155 turbationem

188 1184 344 1300 Bidndfdrred
356 1195 484 1278 ingerat
505 1196 537 1259 in
563 1198 664 1260 modo
685 1195 829 1259 videndi.
876 1195 966 1258 Nam
987 1198 1168 1261 secundum
1191 1196 1364 1260 veritatem
1386 1194 1513 1276 species

188 1317 214 1365 in
224 1318 319 1368 transit.
355 1301 501 1366 colorum
515 1300 694 1365 miscentur
703 1298 734 1363 in
750 1298 840 1363 omni
853 1310 977 1381 puncto
990 1300 1088 1364 medii
1100 1323 1108 1379 ;
1126 1300 1281 1383 quoniam
1292 1321 1336 1363 ex
1349 1298 1513 1364 coloribus

356 1404 515 1469 extremis
534 1403 573 1467 fit
590 1402 728 1483 medius,
744 1413 778 1466 et
799 1425 844 1467 ex
867 1404 997 1468 duobus
1016 1404 1166 1487 ejusdem
1186 1415 1324 1469 naturae
1341 1402 1513 1486 specificae

356 1509 395 1574 fit
417 1529 491 1573 una.
537 1508 709 1573 Contraria
727 1508 814 1571 enim
837 1508 962 1573 scilicet
982 1519 1142 1586 extrema,
1162 1508 1241 1574 dicit
1260 1507 1460 1573 Aristoteles
1479 1507 1512 1569 in

357 1614 489 1678 decimo
511 1611 794 1697 Metaphysicae¹,
809 1613 954 1678 medium
969 1613 1101 1692 iaciunt,
1117 1624 1154 1678 ut
1175 1612 1288 1677 album
1309 1622 1344 1676 et
1362 1611 1489 1694 nigrum
1504 1635 1512 1689 3

357 1728 392 1782 et
412 1718 497 1782 duae
512 1716 682 1782 albedines
704 1727 904 1782 concurrunt
924 1718 957 1781 in
974 1737 1084 1795 unum,
1099 1718 1234 1800 quando
1249 1727 1325 1781 sunt
1344 1717 1377 1781 in
1394 1718 1513 1780 eodem

358 1820 508 1905 subjecto
521 1844 528 1899 ;
553 1823 721 1886 nonenim
743 1823 776 1885 in
798 1822 917 1886 eodem
938 1822 1013 1887 loco
1028 1831 1062 1887 et
1079 1823 1231 1905 subjecto
1246 1832 1385 1905 possunt
1400 1840 1512 1884 nume-

358 1924 428 2003 rari,
444 1927 502 1990 sed
521 1925 559 1991 fit
582 1947 655 1989 una.
700 1926 769 1992 Sed
791 1926 875 1991 sicut
898 1937 949 1991 est
969 1928 1012 1991 de
1030 1926 1201 2005 coloribus,
1215 1925 1262 1991 sic
1283 1927 1327 1990 de
1344 1923 1513 2009 speciebus

358 2032 514 2107 colorum,
542 2052 618 2095 nam
645 2030 771 2113 species
796 2041 847 2096 est
872 2030 1022 2113 ejusdem
1052 2042 1187 2097 naturae
1216 2030 1309 2113 cujus
1334 2040 1385 2094 est
1411 2048 1515 2111 agens

359 2155 442 2208 eam,
459 2144 492 2199 et
508 2134 582 2199 ideo
597 2137 640 2199 de
658 2156 779 2218 genere
798 2135 948 2200 colorum
968 2146 1020 2200 est
1038 2135 1162 2220 species
1183 2136 1341 2209 colorum,
1359 2132 1514 2218 quoniam

358 2238 483 2321 species
512 2238 672 2303 albedinis
696 2258 762 2304 non
789 2248 902 2321 potest
928 2260 1000 2304 esse
1028 2239 1061 2303 in
1090 2240 1275 2305 substantia
1305 2259 1366 2303 nec
1389 2238 1423 2302 in
1449 2238 1514 2302 alio

359 2343 637 2426 praedicamento,
659 2363 759 2425 quam
782 2343 814 2406 in
836 2342 1006 2425 qualitate,
1031 2364 1091 2408 nec
1114 2353 1225 2428 potest
1248 2364 1321 2408 esse
1347 2344 1379 2406 in
1401 2343 1515 2424 aliquo

358 2466 478 2529 genere
504 2448 557 2510 vel
584 2449 694 2531 specie
720 2447 954 2531 specialissima
980 2447 1045 2512 alia
1068 2468 1169 2530 quam
1194 2448 1228 2513 in
1261 2448 1422 2522 albedine,
1448 2466 1514 2509 non

358 2552 446 2616 enim
470 2561 520 2615 est
543 2552 681 2634 nigredo
703 2552 754 2615 vel
778 2551 933 2631 viriditas,
957 2572 1018 2617 nec
1039 2553 1149 2635 aliqua
1174 2553 1247 2616 alia.
1302 2552 1394 2635 Ergo
1420 2551 1514 2614 relin-

357 2655 467 2739 quitur
489 2658 579 2738 quod
604 2654 729 2740 species
753 2656 923 2735 albedinis,
947 2677 1032 2739 quae
1063 2667 1115 2722 est
1143 2658 1216 2740 ejus
1239 2656 1426 2733 similitudo,
1454 2655 1516 2719 erit

360 2760 564 2825 individuum
590 2760 623 2823 in
647 2760 756 2844 specie
778 2760 939 2825 albedinis
962 2761 1259 2844 praedicamentali.
1304 2761 1516 2844 Quapropter

361 2864 444 2930 sicut
467 2865 588 2930 albedo
615 2886 689 2929 cum
715 2866 883 2948 nigredine
908 2864 1062 2931 miscetur
1086 2866 1119 2929 in
1146 2867 1266 2931 eodem
1292 2866 1451 2948 subjecto,
1470 2865 1516 2927 sic

361 2970 487 3051 species
502 2969 661 3034 albedinis
673 2990 747 3034 cum
763 2970 872 3053 specie
883 2969 1065 3051 nigredinis.
1104 2971 1150 3035 Et
1165 2972 1192 3034 si
1207 2971 1281 3049 hoc,
1297 2991 1377 3053 ergo
1390 2970 1517 3053 species

362 3072 468 3137 mixta
477 3072 567 3137 venit
582 3075 626 3137 ab
642 3074 732 3138 omni
748 3084 872 3156 puncto
887 3074 971 3139 aeris
986 3077 1028 3139 ad
1045 3075 1178 3140 oculum
1194 3073 1517 3157 perpendiculariter,

363 3187 396 3240 et
420 3186 493 3241 tota
515 3175 661 3259 pyramis
684 3178 814 3241 radiosa
836 3178 899 3243 erit
921 3178 1026 3245 mixta
1048 3200 1068 3244 a
1091 3180 1166 3245 loco
1189 3177 1356 3243 mixtionis
1376 3176 1410 3241 in
1433 3198 1517 3256 aere,

362 3288 396 3342 et
411 3279 475 3344 hoc
491 3290 541 3345 est
557 3280 786 3345 necessarium.

194 3378 249 3493 ddi
260 3377 331 3492 {3215
407 3383 454 3447 Et
476 3383 654 3449 multitudo
678 3385 982 3469 philosophantium
1001 3387 1072 3451 vult
1094 3386 1127 3450 in
1151 3386 1212 3452 hac
1236 3397 1332 3470 parte
1352 3384 1434 3450 illud
1457 3385 1517 3449 im-

193 3525 238 3573 ray
249 3510 271 3558 ts
282 3508 311 3558 ot
363 3488 484 3571 pedire,
500 3498 534 3551 et
550 3489 662 3553 dicunt
678 3491 768 3572 quod
784 3490 913 3575 species
927 3490 1052 3556 habent
1073 3512 1146 3555 esse
1166 3490 1336 3574 spirituale
1356 3492 1389 3554 in
1410 3490 1518 3554 medio

194 3573 344 3690 2232?ssss
363 3592 445 3657 etin
461 3612 569 3671 sensu,
581 3604 615 3658 et
630 3593 805 3676 imponunt
820 3595 883 3658 hoc
895 3595 1092 3659 Aristoteles
1108 3605 1142 3659 et
1152 3595 1317 3660 Averroes
1328 3596 1360 3658 in
1376 3595 1460 3658 libro
1475 3595 1518 3657 de

194 3722 334 3756 erroneous.
363 3695 488 3761 Anima
497 3698 652 3763 secundo
676 3699 723 3762 Et
735 3698 811 3782 quia
820 3720 892 3763 esse
905 3699 1030 3764 habent
1040 3698 1209 3781 spirituale
1220 3708 1254 3763 et
1265 3720 1331 3764 non
1340 3698 1518 3773 materiale,

365 3801 438 3864 ideo
457 3821 523 3864 non
543 3814 676 3868 servant
696 3804 786 3888 leges
806 3803 987 3868 formarum
1008 3804 1234 3881 materialium,
1249 3814 1283 3867 et
1303 3813 1439 3887 propter
1454 3802 1518 3865 hoc

364 3926 431 3969 non
454 3905 639 3985 miscentur,
654 3908 732 3992 quia
755 3917 891 3991 propter
911 3929 983 3973 esse
1006 3908 1175 3973 materiale
1198 3908 1375 3972 miscentur
1394 3906 1519 3971 iormae

365 4009 558 4075 materiales.
607 4012 652 4076 Et
678 4013 753 4075 ideo
780 4022 918 4094 ponunt,
940 4012 1032 4096 quod
1062 4012 1211 4076 diversae
1233 4012 1359 4096 species
1382 4010 1462 4073 lucis
1484 4010 1517 4072 in

365 4114 473 4179 medio
489 4125 523 4179 et
540 4115 661 4179 lumina
677 4115 805 4181 infinita
821 4128 1038 4182 numerantur
1052 4117 1084 4179 in
1102 4119 1219 4182 eodem
1235 4126 1362 4200 puncto
1376 4113 1460 4179 aeris
1481 4135 1520 4179 ac

365 4347 415 4396 and
436 4348 551 4398 inserted
572 4348 598 4396 iu
616 4364 632 4397 a
651 4349 786 4400 soot-note.
831 4350 854 4400 It
868 4352 961 4400 should
978 4351 1010 4399 be
1028 4351 1146 4400 restored
1166 4359 1194 4400 to
1209 4352 1254 4399 tlte
1272 4357 1328 4399 text
1348 4350 1479 4405 however,
1490 4364 1520 4396 as

364 4427 384 4474 it
396 4426 418 4475 is
429 4427 508 4476 found
520 4428 546 4475 in
559 4429 605 4477 the
617 4428 689 4477 Harl.
701 4428 777 4479 MSS.
790 4432 841 4480 and
853 4430 880 4478 in
893 4429 1045 4479 Combacb's
1057 4430 1163 4479 edition.
1205 4429 1256 4495 [Cr.
1268 4428 1309 4477 De
1319 4427 1521 4491 Multr'pls'cntrbne

365 4503 515 4567 sperarum,
528 4506 589 4556 Part
602 4506 651 4568 lll,
663 4523 718 4571 cup.
733 4508 770 4572 3.]

397 4579 407 4607 ¹
423 4582 585 4646 Apparently
602 4587 647 4634 the
664 4586 798 4636 reference
817 4588 838 4635 is
859 4594 886 4636 to
904 4587 1039 4650 Metaphys.
1053 4586 1094 4637 lib.
1111 4588 1146 4637 ix.
1164 4602 1186 4647 7,
1204 4587 1295 4635 where
1312 4584 1392 4648 proot'
1406 4585 1428 4635 is
1443 4585 1520 4646 given

364 4658 421 4709 that
432 4660 610 4714 intermediate
622 4664 732 4727 degrees
744 4674 811 4716 must
823 4666 855 4714 be
866 4666 898 4715 oi
906 4666 951 4716 the
962 4681 1032 4715 same
1043 4665 1115 4729 γένος
1125 4680 1155 4715 as
1167 4666 1213 4715 the
1224 4672 1362 4715 extremes
