3542 5359
403 617 600 676 MORALIS
622 617 917 676 PHILOSOPHIA
930 640 940 674 :
966 617 1080 677 PARS
1110 618 1275 676 TERTIA.
1352 633 1412 693 297

262 778 288 842 si
304 780 432 843 vincere
445 780 529 844 iram
544 799 610 843 non
626 788 734 862 potes,
747 791 783 843 te
803 779 918 863 incipit
942 780 1082 845 vincere.
1129 779 1165 845 Si
1187 779 1412 856 absconditur,

262 883 289 946 si
305 884 416 948 exitus
431 883 478 947 illi
495 904 562 947 non
577 883 686 961 datur,
700 884 795 968 signa
807 883 879 966 ejus
895 883 1083 963 obruamus,
1094 894 1128 948 et
1143 884 1234 949 illam
1249 893 1411 967 quantum

261 986 330 1050 lieri
346 998 458 1071 potest
472 987 639 1052 occultam
655 996 883 1069 secretamque
901 998 1084 1052 teneamus.
1129 987 1214 1053 Cum
1240 1009 1361 1071 magna
1377 989 1411 1051 id

262 1104 376 1156 nostra
392 1091 544 1157 molestia
566 1091 633 1156 fiet.
680 1088 782 1174 Cupit
803 1093 892 1156 enim
909 1092 1042 1156 exsilire
1059 1101 1092 1156 et
1108 1093 1282 1156 incendere
1298 1091 1412 1157 oculos

261 1205 295 1259 et
310 1206 439 1260 mutare
456 1195 584 1262 faciem.
632 1194 700 1260 Sed
714 1197 742 1260 si
756 1196 904 1260 eminere
927 1195 974 1259 illi
997 1207 1093 1260 extra
1115 1217 1174 1262 nos
1196 1196 1299 1276 licuit,
1313 1217 1413 1278 supra

261 1319 322 1363 nos
337 1308 397 1362 est.
444 1299 482 1362 ln
499 1299 567 1362 imo
581 1299 725 1381 pectoris
743 1320 872 1364 secessu
897 1301 1108 1364 recondatur:
1132 1300 1327 1383 feraturque,
1344 1320 1412 1364 non

261 1402 353 1468 ferat.
399 1403 509 1468 Immo
546 1403 580 1467 in
609 1405 810 1469 contrarium
835 1405 948 1468 omnia
977 1404 1048 1486 ejus
1077 1405 1199 1469 indicia
1230 1404 1411 1468 flectamus.

260 1507 382 1572 Vultus
405 1508 601 1586 remittatur,
622 1529 691 1571 vox
715 1507 820 1572 lenior
848 1510 901 1584 sit,
923 1510 1046 1590 gradus
1072 1508 1201 1572 lentior.
1249 1508 1412 1572 Paulatim

261 1625 337 1671 cum
374 1608 593 1672 exterioribus
638 1609 795 1672 interiora
834 1608 1027 1673 formantur.
1089 1607 1128 1672 In
1167 1609 1306 1674 Socrate
1345 1609 1412 1672 irae

261 1713 393 1796 signum
424 1720 495 1776 erat
524 1732 642 1777 vocem
672 1712 877 1788 submittere,
907 1713 999 1796 loqui
1030 1714 1170 1795 parcius.
1216 1713 1412 1797 Apparebat

260 1825 341 1880 tunc
364 1816 456 1880 illurn
479 1817 542 1880 sibi
564 1818 746 1881 obstare..
763 1864 771 1878 .
788 1817 960 1899 Rogemus
983 1818 1222 1882 amicissimum
1246 1837 1413 1901 quemque

262 1931 300 1986 ut
321 1930 400 1984 tunc
423 1921 572 1984 maxime
593 1921 747 1985 libertate
769 1922 928 1985 adversus
949 1942 1011 1985 nos
1032 1931 1155 1996 utatur,
1178 1942 1253 1986 curn
1277 1923 1413 1985 minime

261 2024 351 2089 illam
374 2026 444 2108 pati
469 2027 661 2108 poterimus,
683 2045 744 2089 nec
770 2025 979 2091 adsentiatur
1005 2027 1072 2090 irae
1098 2035 1241 2091 nostrae.
1287 2026 1414 2091 Contra

261 2128 327 2194 hoc
347 2140 465 2211 potens
487 2128 624 2204 malum,
645 2140 681 2194 et
702 2131 792 2211 apud
813 2148 876 2194 nos
898 2131 1106 2214 gratiosum.
1124 2131 1338 2212 ..optimum
1361 2141 1412 2195 est

262 2234 351 2298 notis
386 2234 476 2298 vitiis
515 2233 756 2315 impedimenta
792 2235 991 2318 prospicere,
1027 2244 1062 2299 et
1098 2245 1176 2299 ante
1212 2235 1325 2300 omnia
1365 2237 1412 2300 ita

261 2357 463 2422 componere
491 2339 648 2417 animum,
674 2348 710 2402 ut
737 2338 838 2402 etiam
868 2339 1071 2420 gratissimis
1101 2339 1198 2404 rebus
1227 2339 1412 2422 subitisque

262 2461 441 2506 concussus
462 2443 545 2504 iram
567 2452 715 2507 autnon
737 2444 869 2521 sentiat,
890 2453 948 2508 aut
971 2443 1200 2527 magnitudine
1222 2445 1413 2528 inopinatae

261 2544 401 2628 injuriae
422 2555 576 2609 exortam
598 2547 633 2610 in
653 2547 760 2610 altum
782 2547 939 2625 retrahat,
960 2568 1020 2612 nec
1042 2549 1191 2612 dolorem
1217 2568 1313 2612 suum
1338 2569 1413 2630 pro·

261 2649 413 2715 litatur?

305 2755 352 2820 Et
382 2754 416 2818 in
445 2755 592 2819 secundo
623 2754 709 2819 libro
738 2755 891 2819 similiter
921 2765 1097 2838 utrumque
1129 2756 1312 2820 remedium
1339 2755 1409 2837 jam

260 2859 388 2923 dictum
408 2870 588 2941 congregat
607 2859 720 2943 pulcre
742 2869 777 2921 et
799 2858 930 2937 utiliter,
950 2860 1073 2937 dicens,
1095 2858 1239 2924 ‘Contra
1262 2859 1408 2943 primas¹

261 2964 374 3046 itaque
407 2983 523 3028 causas
558 2982 708 3047 pugnare
742 2961 923 3026 debemus:
964 2984 1064 3028 causa
1100 2964 1188 3028 enim
1223 2963 1411 3029 iracundiae

261 3068 375 3151 opinio
397 3067 535 3149 injuriae
556 3076 616 3137 est,
635 3067 687 3130 cui
707 3087 774 3130 non
795 3067 891 3132 facile
913 3067 1116 3131 credendum
1136 3077 1197 3133 est.
1244 3068 1296 3131 Ne
1316 3088 1411 3150 aper-

261 3172 304 3236 tis
325 3172 461 3254 quidem
482 3171 730 3252 manifestisque
749 3172 863 3235 statim
884 3171 1109 3236 accedendum
1130 3182 1190 3236 est.
1236 3171 1410 3255 Quaedam

260 3277 349 3341 enim
364 3276 446 3340 falsa
461 3277 528 3340 veri
546 3276 692 3359 speciem
707 3275 825 3340 ferunt.
872 3276 1030 3341 Dandum
1048 3296 1179 3360 semper
1194 3286 1245 3340 est
1260 3288 1411 3359 tempus:

260 3381 432 3446 veritatem
469 3390 602 3463 tempus
641 3381 758 3463 aperit.
817 3381 872 3444 Ne
913 3383 982 3445 sint
1021 3401 1118 3446 aures
1159 3381 1410 3445 criminantibus

261 3484 393 3559 faciles;
426 3485 489 3548 hoc
515 3486 681 3549 humanae
703 3495 840 3549 naturae
865 3486 982 3550 vitium
1009 3496 1201 3569 suspectum
1226 3497 1410 3569 notumque

260 3590 358 3653 nobis
387 3591 440 3669 sit,
462 3589 552 3672 quod
583 3609 672 3671 quae
700 3589 792 3654 inviti
822 3590 979 3654 audimus
1006 3589 1147 3655 libenter
1175 3590 1349 3664 credimus,
1375 3599 1410 3654 et

260 3704 440 3776 antequam
467 3693 664 3777 judicemus,
688 3694 867 3758 irascimur.
914 3694 1005 3777 Quid
1034 3697 1124 3777 quod
1158 3716 1225 3760 non
1258 3696 1410 3760 crimina·

260 3799 406 3863 tionibus
427 3809 560 3863 tantum
584 3799 643 3864 sed
670 3798 911 3882 suspicionibus
936 3799 1158 3882 impellimur?
1182 3810 1216 3863 et
1245 3819 1288 3862 ex
1315 3799 1407 3864 voltu

260 3904 393 3987 risuque
421 3903 530 3966 alieno
560 3903 674 3986 pejora
706 3903 914 3985 interpretati
944 3903 1175 3967 innocentibus
1212 3903 1407 3968 irascimur?

261 4007 380 4090 ltaque
405 4006 535 4089 agenda
557 4018 609 4071 est
634 4017 750 4072 contra
771 4029 808 4072 se
834 4027 933 4071 causa
958 4008 1105 4071 absentis
1132 4015 1166 4069 et
1189 4007 1222 4070 in
1245 4027 1408 4089 suspenso

260 4111 308 4176 ira
331 4111 512 4176 retinenda.
558 4111 674 4176 Potest
696 4112 783 4174 enim
806 4131 916 4194 poena
938 4110 1041 4176 dilata
1063 4111 1170 4194 exigi:
1204 4131 1270 4173 non
1298 4119 1409 4194 potest

260 4226 382 4280 exacta
394 4211 559 4279 revocari!
605 4215 652 4279 Et
667 4215 742 4280 ideo
754 4216 864 4281 adhuc
878 4215 960 4281 dicit
974 4215 1007 4278 in
1018 4215 1125 4294 tertio,
1141 4216 1237 4278 ‘Non
1248 4214 1409 4297 expedit²

258 4321 371 4384 omnia
392 4321 512 4396 videre,
535 4320 650 4383 omnia
671 4321 808 4398 audire,
831 4320 958 4385 multae
979 4341 1040 4384 nos
1062 4318 1199 4401 injuriae
1229 4329 1409 4394 transeant,

258 4445 303 4488 ex
324 4425 445 4508 quibus
466 4424 643 4508 plerasque
666 4445 732 4488 non
753 4426 884 4508 accipit,
907 4426 964 4507 qui
994 4425 1108 4489 nescit.
1154 4425 1232 4488 Non
1261 4423 1311 4488 vis
1337 4443 1409 4488 esse

259 4530 459 4592 iracundus?
482 4550 524 4592 ne
539 4527 637 4594 fueris
652 4529 809 4595 curiosus.
846 4527 913 4614 Qui
929 4529 1065 4613 inquirit
1079 4529 1159 4613 quid
1175 4529 1217 4593 de
1231 4550 1267 4594 se
1281 4529 1409 4594 dictum

455 4647 675 4713 prmum.
1069 4647 1173 4700 ’aru
1190 4663 1228 4698 u.
