3542 5359
197 3109 238 3157 De
249 3107 326 3157 Tran-

197 3173 331 3237 quillilate,

198 3255 252 3302 cap.
265 3256 289 3302 4.

364 544 425 605 352
578 529 733 588 OPERIS
756 526 946 598 MAJORIS
969 528 1084 588 PARS
1107 525 1307 586 SEPTIMA.

366 693 511 756 urbanus
541 701 673 774 praetor
702 691 903 754 adeuntibus
939 685 1150 778 [adsessoris]
1182 690 1282 754 verba
1317 689 1516 771 pronuntiat,

365 815 465 876 quarn
488 796 545 877 qui
568 796 648 878 quid
670 796 713 860 sit
732 795 870 877 justitia,
893 795 975 876 quid
1002 795 1117 875 pietas,
1140 795 1219 876 quid
1247 795 1416 877 patientia,
1435 793 1517 875 quid

367 899 622 981 fortitudo,quid
633 900 748 963 mortis
757 908 976 981 contemptus
985 899 1065 981 quid
1076 898 1140 961 Dei
1151 898 1516 979 intellectus,quantum

365 1003 566 1085 adjutorium
590 1004 763 1069 hominurn
786 1004 829 1066 sit
850 1004 939 1067 bona
962 1003 1184 1068 conscientia?
1226 1003 1317 1086 Ergo
1340 1003 1366 1065 si
1386 1013 1517 1085 tempus

365 1109 398 1170 in
414 1107 523 1171 studia
539 1110 689 1172 conferas
704 1109 796 1190 quod
816 1107 1018 1171 subduxeris
1038 1107 1161 1186 officiis,
1176 1126 1243 1170 non
1259 1107 1442 1170 deserueris
1456 1125 1516 1170 nec

365 1229 484 1273 munus
508 1211 750 1275 detrectaveris.
803 1209 922 1292 Neque
945 1210 1033 1273 enim
1057 1208 1112 1273 ille
1138 1209 1227 1272 solus
1258 1209 1378 1273 militat
1404 1209 1461 1292 qui
1484 1209 1517 1272 in

365 1314 436 1377 acie
459 1324 526 1378 stat
553 1325 586 1379 et
613 1334 715 1379 cornu
743 1311 915 1404 [dextrum
947 1308 1160 1401 laevumque]
1190 1313 1347 1388 defendit,
1370 1315 1430 1377 sed
1459 1313 1518 1394 qui

365 1427 479 1499 portas
501 1427 621 1496 tuetur,
642 1429 677 1482 et
698 1418 841 1482 statione
863 1419 971 1480 minus
992 1417 1174 1500 periculosa
1190 1438 1255 1482 non
1274 1418 1381 1481 otiosa
1404 1429 1517 1482 tamen

365 1520 521 1603 fungitur,
547 1522 742 1606 vigiliasque
775 1532 885 1586 servat
908 1531 942 1585 et
964 1523 1220 1586 armamentario
1244 1529 1392 1604 praeest;
1430 1541 1519 1604 quae

367 1625 557 1704 ministeria,
568 1628 720 1707 quamvis
736 1627 906 1690 incruenta
923 1627 998 1708 sint,
1011 1619 1072 1713 [in]
1089 1645 1262 1690 numerum
1278 1626 1519 1708 stipendiorum

365 1730 510 1792 veniunt.
557 1729 593 1794 Si
620 1741 653 1794 te
677 1732 720 1794 ad
745 1732 856 1795 studia
879 1731 1081 1794 revocaveris
1109 1749 1210 1794 omne
1235 1729 1322 1794 vitae
1348 1729 1518 1794 fastidium

365 1832 528 1916 effugeris,
549 1854 609 1897 nec
631 1842 763 1898 noctem
786 1833 855 1897 fieri
871 1835 1004 1916 optabis
1022 1834 1134 1897 taedio
1150 1831 1239 1912 lucis,
1255 1853 1316 1898 nec
1331 1834 1392 1896 tibi
1409 1834 1519 1915 gravis

366 1937 428 2000 eris
462 1957 522 2000 nec
552 1937 627 2002 aliis
656 1958 886 2022 supervacuus.
935 1937 1061 2002 Multos
1093 1938 1125 1999 in
1151 1937 1332 2002 amicitiam
1360 1939 1519 2014 attrahes,

365 2040 556 2124 adfluetque
570 2045 614 2107 ad
635 2050 668 2105 te
690 2042 837 2125 optimus
858 2043 1009 2124 quisque.
1056 2041 1238 2124 Nunquam
1261 2041 1349 2106 enim
1365 2043 1518 2124 quamvis

366 2147 506 2210 obscura
532 2147 636 2210 virtus
658 2144 739 2210 latet
761 2148 820 2210 sed
849 2147 973 2211 emittit
997 2146 1047 2211 sui
1072 2147 1188 2228 signa:
1223 2146 1371 2228 quisquis
1398 2147 1519 2227 dignus

365 2249 473 2324 fuerit,
488 2250 635 2332 vestigiis
651 2249 741 2314 illam
758 2250 901 2332 colliget.
936 2251 1028 2315 Nam
1044 2252 1071 2314 si
1086 2271 1218 2314 ornnem
1234 2251 1518 2314 conversationem

365 2352 512 2417 tollimus
537 2365 570 2416 et
591 2355 705 2436 generi
734 2353 879 2418 humano
907 2356 1142 2434 renuntiamus,
1165 2355 1371 2436 vivimusque
1398 2355 1430 2418 in
1457 2374 1520 2420 nos

366 2468 497 2521 tantum
534 2460 693 2535 conversi,
730 2468 887 2540 sequetur
916 2459 1002 2523 hanc
1032 2459 1245 2522 solitudinem
1280 2459 1373 2522 omni
1405 2459 1518 2524 studio

365 2563 516 2644 sapiente
551 2574 719 2626 carentem
756 2562 867 2646 inopia
899 2583 1005 2628 rerum
1042 2566 1256 2647 agendarum.
1317 2563 1519 2646 Incipiemus

365 2665 516 2730 aedificia
544 2667 609 2730 alia
632 2687 766 2750 ponere,
793 2666 859 2731 alia
881 2668 1094 2731 subvertere.
1112 2717 1119 2730 .
1137 2715 1144 2732 .
1161 2677 1195 2731 et
1220 2668 1306 2732 male
1327 2668 1520 2750 dispensare

367 2781 501 2854 tempus
514 2792 636 2852 ...qua
651 2792 687 2834 re
702 2772 781 2835 nihil
796 2771 927 2854 turpius
942 2782 1001 2836 est.
1047 2773 1156 2855 Saepe
1170 2773 1305 2855 grandis
1321 2783 1399 2837 natu
1415 2793 1519 2838 senex

365 2874 493 2939 nullum
519 2875 620 2939 habet
642 2875 731 2940 aliud
755 2887 988 2958 argumentum
1012 2895 1079 2957 quo
1106 2898 1142 2941 se
1169 2877 1288 2959 probet
1315 2878 1370 2942 diu
1394 2877 1520 2942 vixisse

366 2989 496 3061 praeter
510 2979 673 3044 aetatem'

411 3089 436 3146 ‘.
454 3131 462 3146 .
478 3131 487 3146 .
504 3085 543 3148 In
565 3086 731 3160 domibus,
753 3086 787 3147 in
813 3083 1021 3166 spectaculis,
1047 3086 1080 3148 in
1106 3086 1266 3150 conviviis
1293 3086 1416 3151 bonum
1440 3105 1521 3150 con·

367 3189 583 3264 tubernalem,
610 3187 741 3253 fidelem
768 3190 924 3262 amicum,
952 3201 1193 3270 temperantem
1224 3192 1397 3256 convivam
1427 3200 1518 3272 agat.

368 3291 486 3356 Officia
515 3292 595 3355 civis
623 3293 789 3369 amiserit3
822 3293 965 3357 hominis
995 3305 1158 3358 exerceat.
1212 3295 1357 3358 Animos
1388 3305 1521 3358 nostros

367 3417 433 3460 non
452 3397 548 3459 unius
569 3397 658 3460 urbis
679 3397 855 3461 moenibus
874 3397 1042 3473 clusimus,
1057 3400 1114 3461 sed
1136 3400 1168 3460 in
1190 3399 1293 3463 totius
1316 3399 1404 3462 orbis
1425 3418 1522 3461 com·

369 3499 524 3564 mercium
542 3499 712 3564 emisimus
727 3500 937 3583 patriamque
956 3502 1051 3565 nobis
1068 3504 1227 3565 mundum
1245 3501 1380 3585 professi
1397 3521 1523 3579 sumus,

368 3616 404 3669 ut
435 3603 564 3668 liceret»
579 3598 763 3690 [latiorem]
795 3605 908 3668 virtuti
938 3625 1094 3688 campum
1125 3607 1242 3669 dare..
1268 3653 1275 3668 .
1301 3656 1308 3670 .
1339 3605 1521 3688 Nunquam

367 3708 492 3772 inutilis
516 3718 566 3774 est
591 3728 693 3790 opera
720 3709 800 3773 civis
825 3709 914 3772 boni.
961 3708 1109 3774 Auditus
1136 3721 1188 3774 est
1216 3710 1391 3792 visusque;
1424 3709 1522 3774 vultu

366 3824 446 3877 nutu
470 3861 478 3879 .
502 3861 510 3878 .
533 3861 541 3877 .
565 3814 758 3895 incessuque
784 3814 856 3895 ipso
876 3815 1022 3896 prodest.
1068 3813 1118 3878 Ut
1144 3813 1301 3878 salutaria
1324 3835 1410 3896 quae
1437 3814 1523 3877 citra

365 3929 500 4002 gustum
517 3928 709 4002 tactumque
724 3918 825 3982 odore
836 3917 1023 3999 proficiunt,
1040 3918 1086 3981 ita
1102 3920 1207 3982 virtus
1222 3919 1401 3983 utilitatem
1417 3919 1522 3983 etiam

366 4044 410 4086 ex
437 4022 621 4106 longinquo
645 4031 679 4086 et
702 4021 809 4086 latens
833 4020 951 4094 fundit,
977 4023 1046 4086 sive
1069 4023 1233 4104 spatiatur
1257 4070 1263 4083 .
1288 4067 1296 4084 .
1320 4069 1327 4084 .
1350 4025 1418 4086 sive
1444 4043 1522 4106 pre·

367 4127 470 4191 carios
486 4125 588 4190 habet
608 4145 764 4190 excessus
780 4170 788 4186 .
807 4172 815 4188 .
835 4173 843 4187 .
860 4127 929 4188 sive
947 4127 1054 4190 otiosa
1078 4137 1237 4208 mutaque
1258 4137 1307 4189 est
1326 4135 1360 4189 et
1378 4135 1523 4208 angusto

367 4232 585 4313 circumsepta
602 4277 610 4294 .
626 4279 634 4294 .
649 4277 657 4294 .
673 4231 705 4291 in
727 4249 926 4313 quocunque
953 4229 1067 4294 habitu
1091 4239 1151 4310 est,
1174 4231 1287 4313 prosit.
1334 4227 1451 4311 Quid?
1483 4241 1522 4294 tu

368 4354 484 4416 parum
501 4333 583 4397 utile
598 4344 696 4416 putas
711 4333 902 4417 exemplum
919 4335 1004 4398 bene
1020 4335 1240 4416 quiescentis?
1275 4333 1392 4414 Longe
1408 4333 1524 4416 itaque

369 4439 532 4519 optimum
564 4432 645 4525 [est]
675 4436 812 4500 miscere
842 4439 948 4502 otium
979 4439 1084 4514 rebus,
1103 4437 1260 4522 quotiens
1288 4445 1426 4500 actuosa
1452 4438 1524 4500 vita

368 4540 613 4622 impedimentis
642 4539 787 4605 fortuitis
816 4551 875 4605 aut
912 4542 1055 4607 civitatis
1092 4541 1283 4606 conditione
1316 4540 1523 4622 prohibetur.

1673 4487 1676 4628 l
