3542 5359
339 613 380 677 52
562 599 718 658 OPERIS
741 598 929 668 MAJORIS
953 598 1069 658 PARS
1092 596 1264 671 QUINTA.

342 782 461 826 earum.
508 762 554 827 Et
569 762 645 826 ideo
663 760 871 836 Aristoteles,
888 762 945 844 qui
967 761 1071 826 voluit
1093 761 1273 827 certificare
1293 760 1335 825 de
1356 757 1490 842 singulis

341 869 524 931 secundum
547 865 804 949 possibilitatem
833 868 883 929 sui
914 865 1080 948 temporis,
1102 865 1289 950 reprobavit
1318 872 1492 944 utramque

343 972 530 1055 opinionem
558 973 600 1036 de
632 972 712 1047 visu,
735 970 859 1034 seilicet
893 969 1090 1045 Stoicorum,
1121 971 1177 1053 qui
1207 979 1387 1053 posuerunt
1416 987 1491 1031 eum

342 1085 472 1140 tantum
496 1094 568 1138 esse
590 1075 766 1159 passivum,
788 1084 822 1138 et
854 1074 1108 1152 Platonicorum,
1130 1076 1187 1157 qui
1216 1073 1390 1138 voluerunt
1421 1092 1492 1137 esse

342 1190 471 1247 tantum
502 1179 556 1243 vel
586 1178 810 1262 principaliter
845 1179 991 1243 activum
1022 1188 1056 1243 et
1085 1200 1231 1244 erronee.
1293 1177 1362 1243 Sed
1393 1197 1492 1241 unam

342 1284 466 1350 scilicet
482 1283 670 1349 Stoicorum
686 1282 769 1347 libro
785 1284 828 1348 de
842 1283 1053 1347 Animalibus
1068 1284 1217 1359 destruit,
1232 1283 1330 1346 aliam
1347 1281 1494 1345 Platoni·

344 1409 458 1452 corum
482 1389 565 1453 libro
587 1388 631 1451 de
651 1387 787 1465 Anima,
810 1388 895 1452 sicut
917 1388 947 1451 ei
974 1388 1106 1471 placuit.
1152 1387 1335 1451 Exercitati
1358 1406 1437 1450 vero
1460 1386 1493 1448 io

344 1492 556 1575 philosophia
576 1490 767 1556 Aristotelis
783 1503 816 1557 et
837 1494 1014 1575 praecipue
1033 1493 1065 1556 in
1087 1491 1294 1575 perspectiva
1316 1491 1493 1554 aestimant

344 1598 435 1680 quod
455 1598 544 1660 visus
567 1605 617 1660 est
637 1596 762 1661 activus
783 1605 816 1659 et
837 1596 994 1681 passivus.
1040 1596 1129 1661 Nam
1151 1595 1263 1678 recipit
1284 1594 1428 1678 speciem
1451 1594 1496 1656 rei

344 1701 444 1777 visae,
466 1711 501 1764 et
523 1701 601 1765 facit
624 1721 719 1765 suam
741 1700 896 1764 virtutem
928 1701 960 1764 in
992 1700 1135 1765 medium
1164 1700 1333 1782 usquead
1362 1697 1497 1761 visibile.

347 1805 513 1889 Quoniam
536 1804 766 1888 multiplicatio
796 1805 916 1888 speciei
940 1806 983 1869 ad
1012 1826 1148 1871 omnem
1170 1803 1364 1868 distantiam
1388 1811 1439 1865 est
1462 1803 1495 1865 in

346 1910 490 1986 instanti,
507 1920 543 1973 ut
558 1909 668 1993 plures
682 1910 867 1987 aestimant,
882 1910 935 1974 vel
952 1910 1057 1993 magis
1071 1910 1104 1973 in
1129 1919 1279 1991 tempore
1303 1907 1362 1970 sed
1382 1917 1496 1971 tamen

346 2013 535 2091 insensibili,
550 2024 584 2078 et
599 2013 682 2080 latet
697 2034 829 2078 sensum
846 2014 909 2079 hoc
924 2024 1058 2099 tempus
1073 2023 1208 2097 propter
1221 2012 1272 2076 sui
1289 2011 1495 2094 parvitatem.

765 2272 995 2338 'Cnerrunuu
1021 2273 1076 2338 1V.

643 2444 683 2507 ln
701 2465 769 2528 quo
785 2446 933 2510 redditor
948 2447 1032 2511 ratio
1047 2446 1202 2511 veritatis.

181 2636 260 2685 Force
394 2617 440 2681 Et
470 2615 555 2681 ratio
585 2614 623 2680 fit
652 2615 751 2699 hujus
783 2618 964 2701 positionis,
993 2620 1085 2703 quod
1120 2618 1228 2683 omnis
1258 2637 1310 2681 res
1344 2615 1501 2680 naturalis

181 2699 270 2816 {ffif
350 2720 495 2804 complet
512 2741 608 2785 suam
626 2722 790 2786 actionem
808 2744 866 2806 per
880 2723 986 2787 solam
997 2724 1158 2788 virtutem
1179 2743 1274 2787 suam
1295 2733 1329 2788 et
1348 2722 1501 2805 speciem,

181 2830 311 2908 nneouuy
351 2835 387 2890 ut
410 2824 459 2889 sol
483 2833 516 2888 et
539 2835 670 2889 caetera
692 2826 849 2892 coelestia
871 2849 931 2911 per
951 2850 1027 2893 suas
1044 2829 1183 2893 virtutes
1206 2827 1369 2890 immissas
1392 2825 1426 2889 in
1450 2845 1502 2888 res

183 2897 338 3027 {pop-§pff
352 2930 466 2993 mnndi
483 2939 620 2993 causant
638 2932 884 3013 generationem
901 2942 935 2997 et
950 2934 1194 3016 corruptionem
1210 2952 1338 3008 rerum;
1362 2939 1395 2993 et
1410 2930 1502 2993 simi-

183 3030 247 3105 nom
258 3044 303 3092 eye
311 3035 338 3077 10
350 3032 425 3098 liter
451 3055 501 3097 res
529 3034 705 3113 inferiores,
730 3046 767 3099 ut
791 3036 875 3119 ignis
897 3058 961 3119 per
987 3057 1081 3101 suam
1107 3038 1261 3101 virtutem
1287 3036 1443 3107 exsiccat,
1469 3044 1503 3098 et

183 3095 273 3158 οδω
352 3138 525 3215 consumit,
549 3148 582 3202 et
605 3139 710 3203 multa
733 3138 820 3204 iacit.
868 3142 914 3206 Et
936 3143 1013 3206 ideo
1035 3152 1168 3224 oportet
1186 3141 1276 3223 quod
1296 3141 1385 3203 visus
1406 3138 1504 3203 sadai

261 3272 266 3283 ·
352 3242 577 3325 operationem
593 3243 727 3306 videndi
743 3265 802 3325 per
816 3266 911 3308 suam
925 3247 1093 3311 virtutem.
1131 3245 1199 3311 Sed
1215 3244 1362 3327 operatio
1374 3243 1505 3307 videndi

352 3354 403 3409 est
428 3354 517 3410 certa
544 3346 687 3429 cognitio
710 3348 847 3414 visibilis
871 3351 1037 3426 distantis,
1063 3359 1097 3414 et
1122 3351 1198 3414 ideo
1223 3351 1311 3413 visus
1334 3348 1505 3432 cognoscit

352 3448 480 3513 visibile
506 3470 565 3532 per
585 3471 680 3515 suam
707 3453 864 3517 virtutem
892 3454 1144 3538 multiplicatam
1168 3455 1212 3518 ad
1235 3454 1350 3535 ipsum.
1406 3452 1504 3515 Prae·

353 3563 444 3617 terea
459 3554 583 3636 species
599 3576 710 3619 rerum
731 3558 846 3621 mundi
866 3579 931 3623 non
951 3570 1028 3623 sunt
1046 3568 1145 3622 natae
1164 3557 1276 3621 statim
1292 3557 1335 3619 de
1352 3576 1388 3619 se
1408 3576 1506 3637 agere

355 3659 398 3722 ad
414 3657 546 3741 plenam
565 3660 727 3724 actionem
750 3662 870 3725 inviso
891 3674 1026 3747 propter
1048 3663 1119 3746 ejus
1140 3660 1358 3727 nobilitatem.
1404 3659 1507 3725 Unde

356 3771 489 3845 oportet
512 3765 603 3845 quod
624 3764 782 3847 juventur
800 3775 834 3830 et
855 3766 1042 3832 excitentur
1058 3786 1118 3848 per
1138 3766 1281 3848 speciem
1304 3765 1398 3842 oculi,
1421 3784 1507 3848 quae

356 3866 489 3930 incedat
517 3867 550 3929 in
581 3867 655 3933 loco
685 3870 868 3952 pyramidis
898 3870 1040 3948 visualiS,
1073 3880 1106 3935 et
1140 3868 1258 3934 alteret
1293 3870 1438 3934 medium
1468 3889 1507 3931 ac

357 3969 517 4049 nobilitet,
532 3980 566 4035 et
588 3973 706 4037 reddat
724 3974 831 4057 ipsum
847 3974 1095 4057 proportionale
1107 3973 1199 4047 visui,
1215 3983 1250 4036 et
1268 3972 1314 4037 sic
1333 3983 1508 4055 praeparet

356 4074 518 4139 incessum
541 4077 661 4160 speciei
683 4078 784 4161 ipsius
808 4079 853 4142 rei
877 4077 1017 4154 visibilis,
1040 4087 1074 4144 et
1096 4077 1229 4160 insuper
1251 4098 1325 4140 eam
1348 4077 1508 4152 nobilitet,

358 4189 394 4241 ut
417 4180 550 4243 omnino
573 4181 616 4244 sit
637 4181 815 4246 conformis
837 4192 871 4245 et
898 4181 1151 4265 proportionalis
1178 4181 1340 4246 nobilitati
1363 4180 1509 4263 corporis

356 4282 500 4357 animati,
516 4284 605 4367 quod
623 4295 673 4349 est
691 4286 816 4351 oculus.
856 4286 926 4351 Sed
941 4287 1095 4369 quoniam
1112 4288 1192 4351 haec
1207 4286 1328 4368 positio
1343 4294 1394 4349 est
1408 4283 1511 4347 dubia

360 4386 481 4463 multis,
497 4388 573 4453 ideo
587 4399 718 4473 praeter
736 4388 974 4456 verificationes
996 4409 1082 4454 nunc
1105 4389 1235 4454 habitas
1258 4389 1393 4452 afferam
1415 4408 1510 4451 veras

359 4502 393 4553 et
415 4500 521 4555 certas
536 4494 757 4576 experientias
779 4493 1005 4568 multiformes
1026 4494 1209 4558 secundum
1224 4493 1315 4576 quod
1329 4491 1361 4555 in
1376 4491 1511 4556 diversis

359 4591 438 4658 locis
454 4608 627 4661 occurrent
638 4597 769 4663 inferius
781 4598 868 4663 circa
882 4598 962 4663 alias
977 4598 1212 4675 conclusiones,
1226 4617 1313 4679 quae
1330 4596 1512 4661 necessario
