3542 5359
197 1930 252 1980 The
263 1931 348 1981 Chris·

197 1997 249 2045 tien
261 1996 323 2046 saith

196 2062 239 2112 the
253 2062 353 2127 highest

196 2128 227 2178 ol
234 2127 270 2177 all
282 2131 340 2178 rub-

193 2193 265 2256 jem,
278 2195 329 2244 and

196 2258 238 2310 the
248 2261 309 2324 goul
325 2261 354 2310 oi

195 2325 278 2388 philo-

196 2390 287 2456 sophy.

189 4196 313 4247 influente

189 4264 217 4311 ol
226 4264 306 4312 estab-

189 4328 269 4377 lished
281 4329 329 4378 law

189 4410 221 4442 ou
233 4394 276 4443 the
284 4395 342 4444 wel-

188 4460 239 4507 fure
252 4459 282 4507 of

187 4531 270 4573 statu.

737 1283 875 1357 raas
912 1282 1151 1377 Qunam

584 1485 1005 1561 PHILOSOPHIAE
1045 1485 1309 1559 nonanis.

803 1709 1030 1775 Cnmrunuu
1056 1711 1083 1774 1.

411 1903 564 1967 Protraxi
588 1902 673 1966 hanc
696 1913 826 1983 partem
849 1901 982 1965 tertiam
1003 1900 1237 1984 Philosophiae
1254 1900 1390 1964 Moralis
1411 1902 1518 1985 gratis

367 2019 503 2091 propter
525 2006 778 2089 pulcritudinem
801 2015 836 2068 et
862 2005 1040 2070 utilitatem
1066 2006 1303 2069 sententiarum
1332 2005 1518 2078 moralium,

366 2123 400 2174 et
430 2123 566 2196 propter
595 2109 658 2173 hoc
688 2111 779 2193 quod
805 2109 878 2172 libri
911 2129 983 2172 raro
1014 2111 1225 2173 inveniuntur
1250 2131 1270 2173 a
1297 2110 1417 2190 quibus
1448 2109 1517 2172 erui

364 2215 424 2281 has
440 2236 570 2280 morum
587 2216 723 2287 radices
736 2213 841 2288 flores,
858 2225 892 2278 et
910 2213 1042 2278 fructus.
1089 2215 1187 2278 Nunc
1202 2223 1314 2278 autem
1330 2213 1407 2277 volo
1423 2233 1517 2278 acce·

364 2320 442 2384 dere
461 2321 503 2384 ad
530 2331 659 2404 partem
686 2328 838 2401 quartam
861 2316 961 2399 hujus
983 2319 1260 2404 scientiae‚‚quae
1283 2319 1360 2382 licet
1382 2339 1449 2384 non
1472 2319 1517 2382 sit

364 2433 434 2489 tam
457 2425 593 2505 copiosa
615 2433 648 2487 ct
672 2433 740 2486 tam
762 2442 949 2504 praegnans
969 2423 1055 2486 sicut
1078 2424 1185 2496 tertia,
1209 2435 1260 2487 est
1280 2433 1393 2486 tamen
1418 2423 1516 2486 mira·

365 2528 462 2592 bilior
481 2538 516 2592 et
535 2528 668 2609 dignior
685 2546 751 2590 non
774 2526 882 2590 solum
905 2547 945 2590 ea
966 2538 1059 2608 parte
1081 2527 1137 2590 sed
1159 2529 1331 2591 omnibus:
1354 2529 1515 2609 quoniam

363 2631 538 2697 consistit¹
555 2634 587 2695 in
605 2634 817 2714 persuasione
835 2642 946 2694 sectae
966 2630 1072 2693 fidelis
1095 2632 1280 2695 credendae
1298 2642 1331 2695 et
1351 2631 1515 2694 amandae

363 2750 397 2801 ct
426 2737 580 2820 operibus
613 2735 892 2817 comprobandae,
919 2755 1020 2816 quarn
1055 2735 1156 2798 debet
1190 2736 1374 2800 humanum
1408 2755 1515 2818 genus

362 2843 515 2925 recipere.
562 2841 633 2904 Nec
651 2850 702 2904 est
722 2840 847 2923 aliquid
868 2841 910 2903 dc
929 2839 1141 2924 philosophia
1164 2842 1271 2924 magis
1292 2841 1514 2905 necessarium

362 2945 497 3020 homini,
524 2966 584 3008 nec
618 2954 733 3008 tantae
762 2942 915 3007 utilitatis
947 2945 1008 3007 'nec
1037 2952 1152 3007 tantae
1187 2945 1367 3028 dignitatis.
1422 2945 1512 3007 Nanr

363 3051 510 3114 maxime
530 3060 666 3134 propter
681 3050 766 3112 hanc
789 3059 918 3130 partem
940 3069 1055 3111 verum
1076 3058 1125 3112 est
1146 3050 1236 3131 quod
1260 3048 1379 3113 Morali
1402 3049 1513 3112 Philo-

361 3154 498 3235 sophiae
520 3153 737 3234 subjiciuntur
760 3173 875 3216 omnes
898 3153 1064 3216 scientiae.
1110 3153 1199 3217 Tota
1230 3155 1318 3216 enim
1350 3154 1513 3237 sapientia

361 3258 533 3320 ordinatur
548 3258 592 3321 ad
608 3257 750 3321 salutem
766 3258 902 3321 humani
925 3259 1052 3338 generis
1067 3259 1334 3341 cognoscendam
1349 3279 1356 3336 ;
1379 3269 1413 3321 et
1429 3257 1512 3320 haec

360 3362 449 3425 salus
471 3363 621 3424 consistit
643 3362 676 3425 in
699 3363 912 3445 perceptione
934 3381 1049 3425 eorum
1076 3382 1162 3444 quae
1188 3365 1315 3426 ducunt
1342 3361 1512 3426 hominem

361 3466 394 3527 in
410 3462 599 3529 felicitatem
617 3464 750 3528 alterius
764 3466 861 3528 vitae.
905 3465 958 3528 De
974 3485 1040 3546 qua
1056 3465 1136 3528 dicit
1145 3465 1320 3529 Avicenna
1334 3466 1425 3547 quod
1441 3467 1512 3548 ipsa

361 3580 411 3631 est
431 3589 532 3651 quarn
555 3569 670 3631 oculus
693 3589 758 3631 non
774 3570 857 3632 vidit
880 3590 943 3632 nec
963 3570 1050 3632 auris
1068 3570 1202 3646 audivit,
1218 3580 1255 3632 ut
1275 3571 1364 3651 prius
1383 3579 1510 3633 tactum

359 3685 419 3739 est.
468 3673 609 3737 Etcum
633 3673 716 3738 haec
740 3693 817 3758 pars
847 3683 966 3755 quarta
993 3674 1223 3755 philosophiae
1254 3674 1395 3738 intendit
1426 3673 1512 3737 hanc

359 3778 499 3842 salutem
523 3779 732 3861 investigare,
748 3789 781 3841 et
801 3779 846 3841 ad
869 3797 944 3842 eam
967 3777 1096 3840 allicere
1118 3778 1280 3850 homines,
1298 3779 1373 3841 ideo
1395 3798 1512 3841 omnes

359 3883 518 3946 scientiae
535 3893 623 3945 artes
646 3892 680 3944 et
700 3881 816 3958 officia,
837 3892 871 3943 et
893 3881 1050 3962 quicquid
1074 3881 1163 3945 cadit
1190 3883 1223 3944 in
1246 3881 1510 3945 consideratione

358 3987 511 4063 hominis,
536 3987 702 4068 obligatur
724 3985 799 4049 huic
830 3985 916 4066 parti
942 3983 1168 4049 nobilissimae
1196 3986 1302 4049 civilis
1329 3985 1510 4061 scientiae3

357 4105 391 4156 ct
406 4093 459 4154 hic
475 4102 525 4154 est
542 4088 615 4155 finis
630 4089 795 4153 humanae
810 4089 1094 4153 considerationis.

401 4195 540 4278 Propter
553 4195 641 4276 quod
660 4193 871 4258 utilissimum
886 4201 938 4254 est
954 4193 1159 4257 considerare
1175 4193 1394 4258 intentionem
1410 4192 1509 4274 hujus

358 4301 459 4382 partis
472 4322 480 4376 ;
503 4308 536 4362 et
560 4297 695 4361 cuilibet
718 4297 909 4361 Christiano
935 4299 1096 4381 competit
1119 4310 1256 4380 propter
1281 4317 1360 4360 suae
1384 4294 1509 4379 profes·

356 4404 456 4465 sionis
494 4399 787 4477 confirmationem,
816 4411 851 4470 et
881 4411 1045 4481 quatenus
1082 4400 1207 4466 habeat
1237 4402 1326 4465 unde
1363 4401 1510 4484 corrigat

357 4506 556 4568 oberrantes.
602 4505 781 4587 Nunquam
803 4524 883 4566 vero
908 4505 1001 4567 Deus
1024 4515 1135 4586 potest
1167 4506 1331 4589 denegare
1361 4505 1510 4568 humano

799 4657 806 4685 ¹
823 4657 948 4720 consistit,
962 4673 1012 4709 orn.
1027 4657 1060 4708 D.
