3542 5359
504 1295 832 1371 PERSPECTI
839 1295 957 1371 VAE
981 1295 1139 1370 PARS
1174 1294 1421 1369 TERTIA.-

728 1482 1009 1549 DISTINCTIO
1033 1480 1198 1546 PRIMA.

432 1649 471 1712 ln
488 1670 556 1731 qua
571 1648 741 1713 descendit
756 1659 872 1712 auctor
886 1650 930 1712 ad
942 1647 1104 1713 visionem
1121 1645 1280 1711 reflexam
1296 1655 1331 1710 et
1344 1646 1538 1726 fractam,et

387 1753 489 1818 habet
504 1764 570 1818 tres
580 1753 814 1819 distinctiones.
861 1754 971 1818 Prima
982 1763 1033 1818 est
1048 1755 1091 1817 de
1107 1753 1234 1817 reflexo
1248 1755 1330 1834 visu,
1339 1751 1466 1817 habens
1475 1772 1537 1815 sex

387 1857 540 1941 capitula.
586 1857 733 1923 Primum
747 1867 799 1923 est
813 1857 855 1921 de
871 1857 1052 1922 reflexione
1067 1858 1100 1921 in
1116 1857 1288 1921 universali
1298 1854 1322 1922 ¹.

821 2079 1051 2148 Caurunun
1075 2081 1102 2144 Ι.

430 2235 556 2301 Habito
571 2237 614 2301 de
629 2236 701 2300 visu
717 2236 806 2302 facto
823 2238 1005 2303 secundum
1022 2236 1126 2300 lineas
1139 2246 1252 2311 rectas,
1260 2254 1348 2299 nunc
1360 2233 1535 2300 dicendum

386 2351 435 2406 est
468 2342 512 2406 de
542 2341 612 2406 aliis
645 2342 762 2419 modis,
792 2342 917 2406 scilicet
948 2362 1007 2426 per
1038 2340 1141 2404 lineas
1172 2337 1313 2403 reflexas
1343 2347 1377 2401 et
1408 2338 1535 2402 fractas,

217 2451 311 2503 Nature
322 2452 373 2503 and
386 2445 553 2528 Quoniam
578 2454 689 2509 autem
712 2466 752 2509 ea
774 2467 860 2529 quae
882 2456 960 2509 sunt
983 2446 1074 2508 dicta
1100 2444 1142 2508 de
1171 2443 1319 2528 partibus
1345 2441 1476 2505 animae
1502 2454 1535 2505 et

216 2517 342 2634 3335ssss
386 2551 625 2634 compositione
663 2550 759 2629 oculi,
797 2559 831 2614 et
869 2550 913 2614 de
948 2551 1076 2614 incessu
1119 2547 1239 2632 speciei
1276 2547 1309 2609 in
1345 2546 1464 2609 tunicis
1501 2556 1535 2608 et

384 2654 578 2719 humoribus
601 2655 686 2719 oculi
708 2655 878 2738 usquead
901 2675 1037 2719 nervum
1058 2672 1278 2726 communem,
1294 2660 1328 2717 et
1350 2650 1393 2714 de
1413 2649 1535 2732 triplici

385 2759 487 2823 modo
497 2759 720 2842 cognoscendi
732 2759 899 2823 sensibilia
908 2778 969 2843 per
979 2758 1088 2822 solum
1098 2777 1241 2834 sensum,
1250 2766 1284 2820 et
1293 2754 1535 2838 syllogismum,

384 2871 418 2926 et
434 2863 615 2942 scientiam,
629 2873 708 2927 sunt
723 2863 914 2928 communia
930 2862 1049 2926 visioni
1065 2861 1173 2925 sactae
1189 2881 1248 2943 per
1263 2861 1365 2923 lineas
1381 2870 1487 2924 rectas
1502 2871 1536 2923 et

384 2966 525 3031 reflexas
539 2978 573 3031 et
588 2968 716 3045 fractas
732 2967 806 3031 ideo
822 2965 979 3049 pauciora
994 2976 1071 3030 sunt
1092 2965 1135 3029 de
1155 2966 1206 3028 his
1227 2964 1378 3027 dicenda.
1425 2963 1536 3026 Primo

383 3091 463 3153 ergo
486 3072 572 3135 circa
592 3072 683 3135 visus
706 3069 921 3134 reflexionem
945 3069 1157 3134 recolendum
1180 3078 1240 3142 est,
1259 3068 1348 3151 quod
1373 3079 1535 3150 quantum

383 3176 425 3237 ad
445 3174 606 3255 judicium
630 3175 716 3238 visus
739 3173 876 3237 humani
896 3171 1058 3238 densum²
1078 3182 1189 3256 potest
1210 3172 1372 3254 impedire
1390 3172 1535 3254 speciem

382 3279 519 3342 omnino
534 3287 571 3341 ut
587 3279 693 3361 paries
709 3287 742 3342 et
762 3278 950 3360 hujusmodi
971 3279 1083 3354 densa,
1098 3277 1149 3342 vel
1170 3279 1204 3341 in
1222 3287 1317 3361 parte
1337 3285 1373 3340 ut
1393 3296 1480 3359 aqua
1503 3285 1536 3340 et

382 3382 504 3445 vitrum
521 3391 554 3445 et
569 3381 752 3463 crystallus
797 3383 887 3445 Nam
904 3403 1003 3446 omne
1017 3384 1158 3446 densum
1171 3383 1203 3446 in
1219 3389 1380 3464 quantum
1396 3380 1535 3444 densum

384 3483 522 3551 reflectit
538 3487 692 3570 speciem,
703 3488 760 3550 sed
778 3507 845 3550 non
861 3487 940 3569 quia
952 3486 1011 3552 fiat
1024 3487 1183 3551 violentia
1195 3486 1324 3568 speciei,
1337 3487 1441 3548 immo
1457 3485 1535 3568 quia

383 3591 509 3673 species
532 3591 635 3655 sumit
652 3592 858 3656 occasionem
881 3614 902 3654 a
921 3593 1025 3656 denso
1048 3591 1250 3673 impediente
1267 3590 1440 3655 transitum
1464 3588 1535 3670 ejus

383 3704 420 3759 ut
443 3716 502 3779 per
523 3695 623 3760 aliam
647 3697 735 3758 viam
758 3717 794 3760 se
817 3696 1017 3779 multiplicet
1038 3698 1069 3759 ei
1092 3695 1292 3777 possibilem.
1340 3694 1386 3757 Et
1409 3693 1534 3777 duplex

310 3789 313 3794 ¹
385 3810 435 3863 est
450 3799 609 3876 densum3
633 3820 788 3883 asperum
806 3810 839 3863 et
854 3799 1007 3882 politum.
1043 3799 1158 3864 Partes
1173 3819 1251 3862 vero
1265 3799 1373 3880 asperi
1388 3799 1534 3879 corporis

383 3923 450 3967 non
465 3902 591 3967 habent
606 3904 869 3969 conformitatem
888 3905 931 3968 ad
953 3905 1105 3980 invicem,
1120 3913 1154 3967 et
1173 3903 1250 3967 ideo
1270 3901 1440 3985 quaelibet
1455 3901 1534 3964 lacit

381 4026 474 4070 suam
491 4009 658 4090 propriam
678 4005 902 4072 reflexionem.
948 4008 994 4072 Et
1016 4017 1153 4091 propter
1171 4007 1234 4071 hoc
1250 4008 1409 4089 dissipant
1425 4016 1532 4071 totam

380 4111 533 4193 speciem,
549 4133 608 4174 nec
624 4121 737 4195 potest
754 4113 883 4195 integra
904 4112 947 4175 ad
967 4111 1099 4175 oculum
1123 4111 1301 4195 pervenire,
1316 4122 1350 4174 et
1368 4111 1445 4174 ideo
1467 4130 1534 4173 non

380 4224 492 4296 potest
506 4214 576 4280 fieri
592 4215 756 4279 sensibilis
771 4215 909 4280 reflexio
932 4237 991 4281 nec
1015 4215 1272 4298 repraesentatio
1295 4215 1341 4278 rei
1361 4215 1533 4277 videndae.

412 4397 501 4448 ²'lhis
521 4399 634 4461 heading
653 4399 676 4448 is
688 4398 793 4448 omitted
811 4399 838 4447 in
860 4398 893 4449 Ο.
927 4399 1002 4449 With
1022 4400 1067 4448 the
1087 4406 1225 4448 treatment
1245 4399 1275 4447 ol
1290 4397 1416 4447 reflexion
1437 4397 1463 4445 in
1481 4397 1534 4445 this

379 4476 509 4525 Distinctr'o
525 4477 618 4526 should
634 4478 667 4526 be
680 4477 819 4540 compared
834 4491 890 4539 cap.
904 4491 951 4538 5-7
965 4477 995 4525 os
1003 4478 1048 4526 the
1058 4478 1158 4526 second
1169 4483 1226 4539 part
1240 4477 1270 4525 ol
1281 4475 1321 4526 Dc
1331 4475 1536 4540 Multiplicahbm

379 4555 528 4618 Spm'aemm.

413 4633 422 4662 ¹
439 4633 477 4684 Cs.
489 4634 541 4683 vol.
554 4633 570 4682 i.
583 4649 607 4696 p.
622 4647 677 4694 114.
