3542 5359
531 589 647 649 PARS
672 589 895 649 SECUNDA:
932 589 1020 649 CAP.
1051 590 1118 649 VII.
1343 589 1403 668 487

251 790 363 850 unum,
394 791 462 833 non
491 771 694 835 convertitur
723 772 786 835 nisi
818 772 861 835 ab
889 791 956 836 uno
986 782 1112 854 puncto
1141 782 1272 836 tantum
1302 772 1522 855 ipsiusmirrors,

251 874 385 957 speculi,
401 886 434 939 et
448 875 504 939 ille
518 876 575 957 qui
598 877 799 939 convertitur
815 897 860 939 ex
882 877 1019 957 speculo
1042 876 1224 958 sphaeric0,
1239 897 1304 940 non
1327 896 1403 941 con·
1416 866 1543 980 Qcssss'

251 981 389 1042 vertitur
412 980 472 1043 nisi
495 1000 516 1043 a
538 980 797 1050 circumferentia
817 983 914 1045 unius
937 980 1131 1044 circulorum
1152 982 1208 1063 qui
1231 983 1355 1045 cadunt
1370 981 1402 1043 in
1417 980 1529 1031 different

252 1083 309 1145 illa
338 1084 486 1165 sphaera
532 1083 600 1148 Sed
632 1085 820 1168 philosophi
850 1095 1051 1167 aspexerunt
1082 1086 1113 1148 in
1146 1086 1404 1169 proprietatibus
1417 1058 1542 1163 ffinfiss’f'

251 1189 435 1251 sectionum
458 1190 669 1272 pyramidum
681 1188 703 1267 ¹,
719 1200 753 1253 et
774 1190 968 1253 invenerunt
992 1190 1101 1253 radios
1124 1191 1280 1254 cadentes
1306 1209 1405 1272 super

252 1312 462 1357 communem
497 1293 666 1377 planitiem
704 1292 886 1375 superficiei
923 1314 1087 1359 concavae
1124 1294 1270 1375 corporis
1301 1293 1404 1358 ovalis

251 1394 386 1479 figurae,
407 1408 464 1461 aut
486 1400 667 1461 secundum
693 1397 832 1480 figuram
857 1398 983 1475 annuli,
1003 1398 1150 1462 converti
1177 1398 1219 1461 ad
1245 1408 1404 1479 punctum

252 1520 354 1563 unum
369 1502 522 1579 eundem,
531 1505 687 1584 quoniam
703 1513 840 1585 propter
853 1501 1088 1585 aequalitatem
1101 1502 1277 1584 cujuslibet
1293 1502 1405 1585 anguli

251 1603 366 1668 reflexi
381 1608 424 1669 ad
441 1605 597 1689 angulum
614 1608 811 1670 incidentiae
826 1627 893 1670 non
906 1618 1045 1688 possunt
1060 1607 1126 1670 duo
1137 1606 1220 1669 radii
1236 1607 1404 1669 venientes

250 1731 271 1773 a
298 1710 398 1790 plano
423 1712 558 1792 speculo
584 1712 731 1775 converti
757 1713 801 1775 ad
829 1731 930 1774 unum
958 1722 991 1773 et
1018 1711 1158 1774 eundem
1186 1723 1344 1793 punctum
1371 1711 1403 1772 in

250 1812 430 1896 superficie,
463 1817 496 1877 in
528 1834 594 1896 qua
625 1815 708 1878 radii
737 1816 967 1879 extenduntur
996 1816 1178 1880 incidentes
1212 1826 1245 1877 et
1277 1813 1401 1877 reflexi.

252 1915 320 1980 Sed
350 1929 486 2000 propter
514 1918 655 2003 figuram
679 1919 802 2001 speculi
827 1918 962 1983 concavi
989 1922 1160 2001 aptiorem,
1182 1938 1298 1983 omnes
1322 1918 1402 1981 radii

250 2022 307 2104 qui
329 2025 451 2086 cadunt
473 2025 506 2086 in
530 2024 823 2087 circumferentiam
844 2024 938 2087 unius
953 2023 1061 2087 circuli
1081 2025 1165 2086 circa
1180 2043 1279 2109 axem
1297 2032 1402 2086 trans-

251 2135 383 2190 euntem
399 2147 457 2209 per
471 2138 619 2191 centrum
635 2129 758 2211 speculi
773 2131 918 2207 concavi,
937 2126 1059 2191 reflecti
1075 2137 1214 2210 possunt
1234 2126 1276 2189 ad
1301 2146 1402 2189 unum

251 2243 411 2312 punctum
435 2232 538 2314 ipsius
553 2233 638 2311 axis,
652 2243 685 2295 et
708 2234 766 2314 qui
782 2233 905 2296 cadunt
929 2232 961 2294 in
985 2230 1244 2295 circumferentia
1267 2230 1403 2295 alterius

250 2334 359 2397 circuli
382 2336 586 2399 describendi
613 2338 699 2401 circa
724 2357 833 2409 axem,
857 2344 996 2418 possunt
1023 2334 1146 2398 reflecti
1171 2335 1214 2398 ad
1242 2346 1401 2417 punctum

250 2436 340 2500 aliud
367 2439 400 2500 in
426 2459 500 2514 axe,
527 2452 559 2502 et
586 2441 633 2501 sic
659 2441 702 2503 de
729 2441 883 2503 omuibus
912 2437 1042 2505 circulis
1072 2440 1291 2521 imaginandis
1318 2439 1405 2502 circa

250 2561 350 2604 axem
363 2562 371 2617 ;
394 2562 534 2623 quorum
544 2543 690 2605 omnium
702 2553 843 2625 punctus
855 2545 913 2627 qui
922 2554 973 2607 est
985 2544 1181 2607 extremitas
1192 2544 1265 2606 axis
1277 2541 1406 2605 inferior

250 2655 301 2709 est
320 2644 416 2728 polus
429 2668 437 2723 ;
459 2665 600 2726 quorum
611 2647 806 2713 circulorum
821 2649 957 2729 quidam
973 2658 1050 2711 sunt
1063 2648 1205 2709 minores
1221 2656 1254 2708 et
1266 2646 1402 2727 quidam

251 2750 401 2831 majores,
412 2750 593 2813 secundum
608 2751 697 2831 quod
714 2771 828 2814 eorum
840 2752 1120 2814 circumferentiae
1133 2750 1239 2831 magis
1250 2760 1285 2813 et
1296 2750 1403 2813 minus

250 2853 412 2916 accedunt
429 2853 472 2915 ad
493 2873 603 2916 axem.
651 2854 696 2917 Et
711 2854 745 2917 hi
759 2854 873 2917 circuli
894 2864 972 2917 sunt
991 2855 1077 2918 intra
1093 2854 1267 2935 sphaeram
1284 2853 1401 2935 imagi·

251 2958 361 3031 naudi,
386 2958 471 3021 sicut
496 2969 594 3022 extra
621 2960 838 3022 describimus
867 2958 1143 3042 aequinoctialem
1174 2967 1208 3020 et
1238 2957 1402 3040 aequidis-

251 3069 362 3124 tantes
377 3062 416 3131 ei,
436 3072 470 3125 et
486 3062 567 3126 radii
583 3063 861 3126 circumferentiae
883 3063 1011 3125 minimi
1029 3060 1138 3125 circuli
1155 3070 1352 3123 concurrunt
1367 3060 1401 3123 in

250 3176 375 3249 puncto
397 3167 473 3230 axis
495 3168 652 3249 superiori
675 3179 709 3232 et
735 3167 872 3249 majoris
897 3166 1186 3240 circumferentiae,
1209 3173 1285 3247 post
1312 3164 1401 3227 illam

249 3272 292 3334 ad
315 3282 475 3352 punctum
499 3271 690 3348 inferiorem,
713 3274 760 3336 ita
786 3274 877 3353 quod
900 3281 1027 3352 quanto
1053 3266 1191 3333 circulus
1214 3278 1264 3331 est
1287 3267 1402 3346 minor,

249 3386 345 3439 tanto
375 3376 459 3439 radii
488 3376 559 3457 ejus
590 3376 803 3440 reflectuntur
831 3375 942 3454 altius,
967 3387 1001 3440 et
1030 3385 1155 3457 quanto
1181 3371 1322 3436 circulus
1351 3381 1401 3435 est

250 3480 364 3561 major,
380 3489 476 3543 tanto
490 3479 702 3545 reflectuntur
717 3480 788 3561 ejus
804 3481 886 3544 radii
902 3478 1042 3543 inferius.

294 3583 393 3665 Quod
415 3584 459 3646 ad
485 3604 641 3666 praesens
666 3586 895 3649 demonstrare
920 3584 996 3648 volo
1022 3585 1054 3645 in
1082 3581 1252 3666 sphaerico
1279 3580 1401 3645 circulo
1414 3591 1553 3641 Geomerri-

248 3687 432 3751 dimidiato.
477 3688 567 3750 Nam
603 3690 686 3752 radii
720 3688 840 3752 infiniti
872 3699 999 3752 exeunt
1035 3707 1055 3750 a
1085 3696 1199 3750 centro
1228 3685 1316 3763 solis,
1345 3657 1545 3773 quifflfffi,

282 3865 289 3893 ¹
308 3864 390 3914 Conic
401 3865 531 3926 sections;
548 3867 593 3915 the
609 3882 674 3916 cone
689 3867 767 3929 being
782 3866 882 3928 always
898 3868 997 3929 spoken
1013 3865 1044 3914 'of
1055 3880 1084 3914 as
1099 3864 1217 3927 pyramis
1255 3862 1331 3911 From
1349 3864 1401 3915 this

248 3960 357 4009 passage
368 3944 420 3992 and
437 3943 503 3992 from
518 3945 562 3993 the
579 3945 629 3993 last
644 3945 788 4007 paragraph
799 3947 830 3994 of
843 3946 897 3994 this
915 3945 1022 4007 chapter
1038 3960 1080 3991 we
1092 3958 1138 3991 see
1150 3942 1205 3990 that
1220 3942 1308 3989 Bacon
1324 3942 1402 3991 knew

248 4025 304 4071 that
319 4023 354 4084 by
365 4022 443 4083 using
454 4022 582 4084 parabolic
593 4024 706 4084 mirrors,
718 4025 751 4072 all
762 4025 807 4073 the
824 4024 946 4072 rellected
958 4038 1018 4084 rays
1029 4021 1115 4069 would
1132 4021 1165 4067 be
1176 4020 1359 4069 concentrated
1375 4021 1401 4069 in

247 4119 264 4151 a
272 4102 355 4164 single
366 4101 447 4150 focus.
481 4100 667 4151 Nevertheless
678 4104 712 4151 he
723 4110 892 4165 uaggerates
905 4102 950 4151 the
962 4101 1060 4149 defecta
1072 4099 1101 4148 of
1109 4100 1154 4147 the
1164 4098 1292 4161 spherical
1301 4099 1399 4159 mirror,

248 4181 312 4229 from
321 4180 414 4229 asmall
423 4179 526 4241 portion
536 4179 566 4228 of
574 4181 619 4229 the
630 4182 730 4229 surface
737 4180 768 4228 of
774 4180 862 4229 which
870 4181 903 4228 all
913 4180 957 4227 the
965 4195 1025 4241 rays
1031 4194 1077 4228 are
1087 4176 1232 4239 practically
1244 4175 1362 4224 focussed
1375 4178 1400 4225 in
1421 4211 1428 4222 .

247 4276 262 4308 a
277 4259 359 4320 single
370 4258 453 4319 point.
483 4256 527 4306 He
538 4258 602 4307 does
618 4266 663 4307 not
678 4273 749 4307 seem
760 4266 788 4307 to
803 4258 959 4319 distinguish
971 4258 1016 4305 the
1028 4272 1087 4305 case
1098 4254 1128 4303 of
1141 4254 1245 4316 parallel
1262 4269 1329 4317 rays,
1343 4269 1400 4316 pro·

247 4338 358 4399 ceeding
374 4335 439 4384 from
455 4351 471 4384 a
486 4338 583 4386 disunt
599 4352 691 4386 source
705 4336 736 4386 of
746 4338 820 4399 light,
836 4336 902 4385 from
916 4336 972 4385 that
986 4335 1017 4384 of
1030 4335 1165 4395 divergent
1181 4348 1249 4393 rays,
1262 4333 1339 4381 when
1356 4332 1400 4382 the

247 4432 340 4465 source
352 4415 382 4463 of
388 4414 455 4476 light
465 4415 488 4463 is
498 4431 571 4466 near.
605 4416 667 4475 See,
679 4416 812 4475 however,
824 4430 848 4478 p.
860 4428 917 4476 497.

279 4492 420 4543 Alhazen’s
437 4494 509 4541 work
526 4494 616 4543 shows
633 4510 668 4542 no
687 4494 871 4557 acquaintance
888 4492 952 4541 with
969 4491 1097 4555 parabolic
1118 4490 1228 4539 mirrora.
1266 4487 1317 4536 But
1334 4488 1402 4536 their

247 4573 394 4637 properties
407 4572 458 4621 and
470 4574 515 4621 the
526 4573 603 4621 mode
612 4572 644 4622 of
651 4572 828 4633 constmcting
838 4573 909 4621 them
921 4586 965 4621 are
976 4569 1101 4631 minutely
1112 4566 1247 4617 described
1260 4567 1294 4629 by
1302 4566 1401 4615 Witelo

246 4652 386 4717 (Vudlom'a
399 4650 505 4715 opem,
517 4650 560 4700 lib.
574 4652 609 4700 ix.
620 4666 676 4714 cap.
686 4651 789 4713 39-44).
