3542 5359
405 631 599 692 MORALIS
623 632 920 692 PHILOSOPHIA
934 654 944 689 .·
974 633 1089 692 PARS
1113 633 1261 693 PRIMA.
1346 651 1405 712 231

259 797 450 862 Aristotelis
485 797 615 862 luerunt
651 795 808 862 sacrificia
845 799 918 876 tria,
948 806 981 861 et
1018 799 1185 862 orationes
1216 809 1292 873 tres,
1322 799 1407 862 sicut

261 902 424 966 Averroes
445 901 524 967 dicit
541 923 640 984 super
654 902 850 985 principium
872 901 965 966 Coeli
982 912 1016 964 et
1038 903 1175 966 Mundi:
1203 913 1237 965 et
1253 902 1406 965 manifes-

258 1017 330 1068 tum
351 1017 402 1069 est
425 1007 488 1069 hoc
510 1025 569 1088 per
587 1003 779 1088 politicam1
795 1005 989 1069 Aristotelis
1008 1026 1095 1090 quae
1115 1016 1165 1070 est
1184 1007 1267 1070 liber
1285 1007 1406 1089 legum.

261 1110 306 1172 Et
321 1111 494 1175 Avicenna
516 1112 710 1192 praecipuus
726 1109 918 1174 Aristotelis
937 1112 1110 1194 expositor
1129 1112 1222 1192 ponit
1244 1110 1405 1192 Spiritum

260 1215 418 1278 Sanctum
443 1216 475 1277 in
500 1215 661 1278 radicibus
684 1214 818 1277 moralis
841 1214 1080 1297 philosophiae.

303 1317 370 1381 Sed
387 1317 485 1402 longe
501 1319 608 1400 magis
624 1319 732 1401 potuit
747 1319 918 1381 veritatem
936 1319 979 1382 de
1001 1318 1098 1382 Patre
1117 1327 1151 1382 et
1172 1317 1256 1382 Filio
1275 1319 1407 1393 sentire,
1422 1331 1477 1382 'rue
1488 1330 1555 1381 third

258 1423 337 1503 quia
357 1421 521 1485 difficilius
545 1434 596 1486 est
619 1422 801 1504 intelligere
821 1423 1064 1505 processionem
1087 1422 1231 1505 Spiritus
1256 1421 1369 1487 Sancti
1387 1443 1408 1484 a
1421 1399 1577 1526 ffiffiffity

258 1525 387 1590 duabus
410 1528 557 1610 personis
578 1527 742 1590 distinctis
762 1547 861 1610 quarn
882 1527 1130 1610 generationem
1153 1529 1250 1590 unius
1271 1525 1408 1590 earum2
1422 1529 1470 1578 ress
1482 1529 1576 1593 clearly

257 1630 300 1692 ab
322 1630 393 1694 alia.
441 1633 580 1713 Propter
602 1633 691 1714 quod
715 1630 904 1714 philosophi
927 1631 1033 1713 magis
1054 1631 1252 1695 deficiebant
1274 1653 1294 1696 a
1317 1594 1576 1725 com-{²,¹1'¹,}¹y⁸{¹1‡‡¹,{¹l

258 1734 475 1815 prehensione
503 1735 646 1819 Spiritus
674 1735 788 1800 Sancti
815 1753 917 1816 quam
942 1755 963 1798 a
988 1737 1106 1799 notitia
1132 1736 1238 1800 Patris
1264 1747 1299 1800 et
1323 1735 1407 1799 Filii.

259 1838 304 1901 Et
332 1840 408 1903 ideo
433 1839 478 1902 illi
508 1841 565 1924 qui
594 1849 772 1924 potuerunt
797 1840 920 1903 habere
945 1840 1097 1904 notitiam
1123 1839 1266 1922 Spiritus
1294 1840 1407 1904 Sancti

258 1942 356 2024 longe
379 1947 485 2028 magis
506 1944 693 2009 habuerunt
715 1947 757 2008 de
780 1944 851 2007 aliis
874 1946 1033 2027 personis.
1079 1946 1124 2009 Et
1148 1945 1287 2010 Ethicus
1301 1944 1408 2029 philo·

257 2047 381 2130 sophus
393 2049 425 2110 in
440 2049 524 2112 libro
539 2047 619 2112 suo³
631 2049 674 2112 de
690 2049 807 2112 divinis
822 2058 855 2112 et
867 2049 1021 2113 humanis
1036 2059 1070 2113 et
1083 2050 1294 2126 naturalibus,
1306 2069 1407 2131 quem

259 2151 415 2216 Hebraeo
444 2173 604 2224 sermone,
636 2152 773 2230 Graeco,
810 2162 844 2217 et
876 2153 1009 2231 Latino,
1043 2135 1187 2236 propter‘
1206 2165 1406 2218 secretorum

258 2257 519 2339 magnitudinem
547 2258 748 2340 conscripsit,
767 2261 863 2341 ponit
885 2259 919 2321 in
944 2258 1021 2321 Deo
1044 2258 1184 2336 Patrem,
1203 2268 1237 2322 et
1256 2258 1407 2322 Verbum

257 2360 371 2436 Patris,
396 2371 429 2424 et
455 2361 615 2442 Spiritum
644 2360 827 2440 Sanctum;
859 2374 895 2428 et
925 2363 1015 2445 quod
1038 2374 1114 2427 sunt
1137 2372 1205 2427 tres
1231 2363 1407 2439 Personae,

258 2464 355 2528 Pater
377 2465 497 2529 scilicet
520 2475 553 2529 ct
577 2466 679 2530 Filius
701 2476 735 2530 et
758 2465 901 2550 Spiritus
924 2465 1074 2532 Sanctus.
1120 2467 1167 2530 Et
1188 2467 1253 2531 hoc
1275 2487 1409 2532 necesse

257 2580 306 2633 est
322 2588 381 2653 per
401 2570 562 2633 rationem
583 2569 707 2634 haberi.
754 2569 850 2653 Quae
870 2580 982 2634 tamen
1005 2572 1088 2635 ratio
1109 2592 1174 2635 non
1198 2573 1312 2636 debuit
1329 2574 1407 2654 poni

257 2682 334 2736 ante
349 2693 387 2738 ea
402 2695 487 2756 quae
502 2675 546 2737 de
566 2675 640 2736 Deo
661 2676 694 2737 in
716 2674 905 2758 particulari
927 2673 1052 2738 habent
1075 2677 1227 2757 exprimi,
1246 2695 1305 2739 nec
1328 2686 1407 2739 ante

256 2780 526 2863 philosophorum
551 2778 778 2863 magnalium⁴
802 2779 1024 2856 auctoritates,
1050 2800 1136 2862 quae
1159 2780 1202 2844 ad
1226 2777 1290 2842 hoc
1317 2779 1406 2841 idem

257 2885 509 2948 introducuntur
525 2885 556 2948 in
574 2884 635 2948 hac
651 2885 787 2949 scientia
802 2895 961 2966 tanquam
978 2884 1011 2946 in
1027 2885 1103 2948 loco
1119 2885 1166 2947 eis
1180 2884 1405 2964 appropriato.

300 2988 385 3052 Dico
405 2989 505 3071 igitur
526 2990 614 3072 quod
637 2989 730 3053 Deus
746 2998 797 3052 est
819 2989 968 3052 infinitae
983 2990 1175 3072 potentiae3
1200 2997 1234 3050 et
1257 2987 1406 3070 potentia
1421 3011 1528 3063 Definite

257 3093 385 3157 infinita
408 3105 520 3176 potest
543 3096 575 3158 in
599 3096 826 3177 operationem
849 3092 1033 3173 intinitam;
1064 3115 1144 3178 ergo
1162 3102 1275 3176 potest
1296 3091 1365 3156 lieri
1386 3113 1407 3156 a
1420 3086 1551 3129 mmm

256 3197 331 3261 Deo
343 3198 464 3281 aliquid
478 3197 650 3276 infinitum,
662 3199 720 3261 sed
734 3219 799 3262 non
811 3199 937 3282 aliquid
948 3200 962 3238 ⁶
974 3217 1034 3280 per
1043 3199 1231 3277 essentiam,
1240 3197 1319 3279 quia
1328 3206 1406 3260 tunc
1419 3143 1539 3270 dbbffine,

1420 3275 1545 3340 reserving

256 3301 365 3384 plures
387 3311 523 3385 possent
546 3323 618 3366 esse
642 3302 717 3377 Dii3
741 3302 835 3385 cujus
858 3304 1060 3367 contrarium
1082 3303 1277 3367 ostensumt
1298 3310 1350 3366 est
1372 3301 1406 3364 in
1419 3339 1552 3406 ,hem

257 3404 535 3472 Mathematicis⁷.
581 3407 673 3489 Ergo
692 3417 826 3490 oportet
847 3407 911 3472 hoc
931 3409 1023 3490 quod
1046 3417 1097 3471 est
1116 3407 1267 3490 genitum
1288 3425 1309 3468 a
1330 3405 1408 3470 Deo

255 3510 336 3574 deus
351 3530 433 3588 esse,
449 3531 524 3574 curn
540 3510 662 3575 habeat
676 3513 850 3576 essentiam
866 3512 1071 3594 generantis3
1089 3513 1229 3575 alterum
1245 3519 1357 3574 tamen
1373 3510 1408 3572 in

288 3706 297 3734 ¹
315 3722 348 3754 ex
361 3707 470 3767 politica,
486 3706 521 3755 M.
991 3706 1002 3736 ¹
1019 3724 1116 3768 earum,
1129 3723 1181 3757 om.
1193 3706 1224 3755 O.
1237 3714 1264 3754 et
1277 3706 1308 3753 D.

288 3787 297 3813 ³
313 3785 375 3833 This
390 3785 412 3833 is
428 3785 471 3832 the
488 3785 684 3848 Cosmographrb
693 3785 723 3834 ol
733 3786 848 3850 Ethicus,
862 3788 941 3836 about
950 3787 1038 3836 whom
1055 3786 1200 3835 somewhst
1217 3799 1288 3834 more
1304 3791 1405 3831 contro-

254 3878 332 3925 versy
344 3863 391 3912 has
408 3863 486 3912 tehen
504 3863 584 3925 place,
599 3864 701 3912 ancient
718 3865 769 3913 and
786 3865 899 3924 modern,
912 3865 973 3914 than
988 3866 1033 3915 the
1049 3865 1147 3925 subject
1164 3862 1281 3912 merited.
1315 3862 1345 3910 ln
1362 3862 1406 3909 the

255 3950 315 3990 note
327 3949 354 3990 to
366 3958 383 4004 p
400 3957 449 4003 302
462 3942 491 3989 ol
498 3941 547 3989 vol
559 3942 576 3989 i.
588 3939 599 3990 l
612 3943 693 4003 ought
704 3947 731 3990 to
743 3943 808 3991 have
820 3943 940 3992 included
952 3960 967 3992 a
978 3943 1112 3992 reference
1123 3950 1152 3990 to
1163 3943 1208 3991 the
1218 3940 1294 3990 work
1305 3939 1335 3986 ot'
1343 3937 1407 3987 Ksrl

255 4020 384 4069 Friedrich
401 4020 476 4069 Perta
489 4019 591 4082 (Berlin
607 4020 680 4081 1853)
691 4021 753 4069 who
768 4021 856 4071 claime
868 4030 895 4071 to
908 4023 975 4070 have
987 4022 1084 4084 proved
1096 4022 1152 4070 that
1163 4021 1209 4070 the
1221 4020 1295 4068 Latin
1305 4017 1407 4066 Casino

250 4098 366 4161 graphiis,
380 4114 409 4147 as
420 4115 464 4147 we
476 4115 536 4147 now
548 4100 614 4148 have
625 4100 652 4160 it,
666 4100 689 4148 is
703 4116 718 4148 a
728 4101 833 4149 version
843 4101 909 4149 from
920 4102 965 4149 the
977 4101 1067 4149 Greek
1078 4103 1152 4149 made
1163 4100 1200 4161 by
1209 4099 1324 4159 Jerome.
1353 4096 1405 4145 Sec

253 4178 307 4225 also
320 4175 449 4226 Wuttlre's
460 4185 514 4226 two
525 4179 614 4228 works
626 4195 659 4227 on
674 4177 789 4240 Ethicus,
803 4179 832 4226 ol
842 4181 905 4240 1853
916 4180 966 4228 and
981 4180 1051 4241 1854.

284 4255 294 4284 ⁴
311 4255 453 4317 moralium,
466 4255 501 4306 ll.
680 4257 691 4286 ⁵
706 4258 783 4318 aliud,
797 4257 828 4306 D.
842 4266 868 4307 et
881 4256 912 4306 O.
1087 4254 1098 4283 ⁸
1114 4264 1257 4315 ostensum,
1268 4269 1319 4303 om.
1331 4253 1367 4303 hl.

285 4333 294 4362 ²
311 4335 367 4384 The
378 4335 511 4385 reference
526 4351 611 4385 seems
623 4345 649 4386 to
661 4338 694 4386 be
706 4344 733 4384 to
745 4337 794 4386 vol.
806 4338 823 4387 i.
838 4352 863 4399 p.
877 4337 933 4398 164,
944 4336 1035 4386 where
1047 4335 1091 4384 the
1105 4335 1228 4398 plurality
1239 4332 1269 4382 ol
1276 4335 1373 4383 worlds
1384 4334 1406 4383 is

252 4415 394 4465 discussed.
432 4415 549 4477 Nothing
565 4416 588 4464 is
604 4417 658 4464 said
675 4415 700 4464 in
717 4417 773 4465 that
789 4417 862 4478 place
878 4417 988 4477 directly
1003 4431 1033 4465 ss
1049 4423 1076 4463 to
1092 4415 1136 4463 the
1151 4412 1312 4476 pluralityos
1322 4413 1404 4463 Gods.

253 4491 305 4541 But
317 4508 439 4555 compare
454 4494 498 4542 the
515 4495 719 4557 corresponding
732 4509 842 4558 passage
858 4495 884 4544 in
901 4510 958 4556 cap.
970 4510 1001 4556 41
1019 4494 1049 4543 os
1059 4494 1105 4542 the
1118 4493 1191 4555 Opus
1206 4493 1323 4543 Tertium.
1358 4492 1404 4541 ‘Si

253 4571 342 4634 plures
355 4571 478 4637 [mundi],
491 4581 552 4623 tunc
564 4581 652 4623 esseut
664 4575 753 4637 plures
764 4574 800 4621 dii
811 4574 953 4623 secundum
966 4572 1136 4637 pluralitatem
1149 4573 1300 4621 mundorum
1311 4588 1318 4633 ;
1335 4573 1405 4635 quod

252 4657 293 4700 eet
305 4650 481 4713 impossibile!
