3542 5359
371 619 431 679 272
583 601 739 660 OPERIS
763 600 953 669 MAJORIS
976 601 1092 660 PARS
1116 599 1315 660 SEPTIMA.

375 765 422 830 Et
439 764 566 830 Seneca
581 764 662 829 dicit
678 765 824 828 secundo
840 763 882 828 de
895 763 959 843 Ira,
972 763 1040 828 Ubi
1056 759 1224 826 animuml
1241 761 1341 827 simul
1356 771 1391 825 et
1405 781 1526 844 corpus

372 870 562 952 voluptates
578 888 753 953 corrupere
771 867 853 930 nihil
868 868 997 932 adversi
1014 866 1188 931 tolerabile
1203 867 1343 946 videtur,
1358 885 1425 929 non
1448 866 1526 948 quia

373 975 456 1037 dura
477 984 564 1052 sunt,
579 972 636 1036 sed
660 972 739 1054 quia
760 970 869 1035 mollis
892 971 1025 1055 patitur.
1073 971 1118 1034 Et
1138 971 1214 1035 ideo
1235 990 1311 1035 cum
1330 968 1460 1053 duplex
1483 970 1526 1033 sit

373 1077 564 1162 principalis
587 1078 707 1141 modus
722 1076 904 1160 voluptatis
919 1096 1004 1140 unus
1021 1075 1054 1140 in
1068 1075 1215 1154 libidine,
1233 1076 1318 1139 alius
1340 1075 1374 1139 in
1392 1073 1525 1157 crapula

373 1192 408 1246 et
430 1183 599 1260 ebrietate,
622 1182 752 1264 quaerit
775 1180 906 1244 Tullius
928 1181 961 1243 in
984 1180 1103 1263 quinto
1126 1180 1169 1243 de
1184 1179 1383 1244 Tusculanis
1399 1177 1526 1261 Quaes-

373 1286 521 1351 tionibus
536 1289 543 1318 ‘
557 1285 658 1348 lllum
673 1305 771 1368 quern
798 1284 991 1349 libidinibus
1014 1281 1200 1348 furentem²
1226 1293 1260 1347 et
1282 1283 1525 1347 inflammatum

373 1390 534 1466 videmus,
549 1389 660 1453 omnia
676 1388 790 1452 rabide
804 1397 1020 1472 appetentem
1036 1408 1111 1452 cum
1128 1388 1322 1471 inexplebili
1344 1388 1528 1470 cupiditate

372 1492 562 1558 affluentius
583 1493 729 1576 undique
754 1492 944 1575 voluptates
967 1492 1099 1556 hauriat
1119 1512 1159 1555 eo
1186 1493 1317 1575 gravius
1342 1490 1526 1555 ardentius·

373 1616 438 1680 que
461 1598 626 1661 sitientem
650 1617 759 1660 nonne
781 1607 870 1660 recte
893 1596 1113 1661 miserrimum
1136 1593 1302 1660 dixeris?'
1338 1595 1385 1659 Et
1401 1593 1528 1660 Seneca

373 1701 455 1766 dicit
470 1702 614 1785 septimo
631 1703 674 1765 de
690 1699 888 1765 Beneficiis³
908 1700 999 1783 quod
1015 1700 1187 1784 ‘voluptas
1203 1701 1327 1786 fragilis
1341 1711 1402 1776 est,
1419 1700 1528 1764 brevis

373 1805 507 1870 fastidio
529 1805 662 1888 objecta
684 1826 751 1889 quo
775 1804 903 1868 avidius
926 1805 1045 1870 hausta
1068 1815 1128 1883 est,
1149 1806 1245 1870 citius
1267 1806 1300 1868 in
1323 1805 1526 1870 contrarium

375 1909 533 1984 recidens,
556 1908 650 1989 cujus
673 1929 808 1992 necesse
830 1919 880 1972 est
904 1921 962 1973 aut
986 1908 1156 1992 poeniteat
1178 1922 1236 1974 aut
1257 1911 1382 1992 pudeat
1405 1909 1527 1991 inquo

374 2012 454 2076 nihil
479 2012 692 2096 magnificum
721 2024 779 2077 aut
805 2013 896 2096 quod
926 2023 1079 2077 naturam
1109 2013 1251 2078 hominis
1275 2014 1350 2077 Deo
1380 2010 1526 2095 proximi

375 2120 499 2197 deceat,
523 2139 574 2181 res
600 2117 734 2181 humilis
766 2118 992 2181 membrorum
1019 2118 1165 2200 turpium
1196 2117 1290 2181 exitu
1318 2115 1434 2181 foeda?
1480 2116 1528 2181 Et

376 2220 503 2286 Seneca
529 2221 562 2286 in
591 2221 676 2285 libro
704 2219 995 2285 Declamationum
1026 2222 1172 2286 secundo
1202 2221 1291 2299 dicit,
1319 2221 1529 2286 Adolescens

377 2324 565 2389 luxuriosus
584 2325 714 2402 insanit,
733 2344 811 2389 nam
833 2336 868 2390 et
890 2327 1052 2391 senectuti
1074 2326 1218 2392 dedecus
1239 2327 1336 2408 parit,
1356 2335 1391 2389 et
1412 2324 1527 2389 adole·

375 2431 536 2494 scentiam
551 2429 709 2511 juvenum
734 2429 1012 2511 impudentiorem
1034 2431 1153 2496 reddit.
1201 2430 1247 2493 Et
1272 2429 1388 2494 Cicero
1407 2437 1528 2512 quarto

375 2534 417 2597 de
448 2532 705 2616 Quaestionibus
735 2532 823 2596 hunc
850 2532 1061 2598 libidinosum
1088 2555 1202 2599 curare
1227 2536 1359 2613 docens,
1380 2532 1529 2598 ostendit

376 2636 470 2702 istius
485 2637 663 2720 voluptatis
678 2637 839 2701 vilitatem
858 2638 920 2701 sub
936 2639 987 2703 his
1001 2638 1129 2715 verbis3
1152 2638 1226 2703 ‘Sic
1242 2637 1346 2722 ergo⁴
1361 2636 1528 2702 affectioni

374 2742 451 2806 huic
473 2741 661 2806 adhibenda
684 2741 811 2806 curatio
841 2753 893 2805 est
919 2751 957 2806 ut
984 2744 1179 2808 ostendatur
1203 2764 1304 2825 quam
1331 2743 1404 2806 leve
1425 2762 1528 2825 quam

373 2849 662 2922 contemnendum,
675 2867 775 2929 quam
792 2845 871 2909 nihil
889 2846 933 2911 sit
947 2848 1091 2926 omnino,
1102 2867 1204 2929 quam
1221 2846 1316 2912 facile
1327 2846 1379 2910 vel
1395 2845 1529 2910 aliunde

373 2950 426 3015 vel
441 2950 507 3015 alio
524 2951 625 3015 modo
640 2950 763 3033 perfici,
778 2950 831 3015 vel
847 2950 984 3014 omnino
1000 2951 1122 3034 negligi
1139 2951 1252 3036 possit.
1297 2950 1528 3015 Abducendus

375 3066 426 3120 est
443 3076 510 3119 non
531 3074 700 3138 nunquam
723 3055 767 3118 ad
789 3055 853 3117 alia
868 3055 990 3130 studia,
1005 3055 1239 3129 solicitudines,
1252 3076 1356 3131 curas,
1371 3055 1528 3136 negotia;

375 3159 438 3222 loci
459 3159 601 3242 deinque
617 3159 812 3232 mutatione,
830 3171 990 3241 tanquam
1009 3159 1137 3242 aegroti
1161 3179 1228 3224 non
1251 3157 1527 3232 convalescentes,

375 3264 539 3327 curandus
562 3272 621 3327 est.
669 3262 821 3327 Maxime
846 3273 960 3326 autem
987 3263 1219 3327 admonendus
1243 3272 1295 3328 est
1317 3273 1462 3344 quantus
1483 3263 1529 3327 sit

374 3366 465 3430 furor
487 3368 620 3431 amoris,
666 3366 832 3431 Omnibus
852 3369 942 3431 enim
964 3389 1008 3431 ex
1032 3368 1133 3431 animi
1156 3367 1458 3451 perturbationibus
1476 3375 1529 3430 est

373 3469 523 3554 prolecto
544 3470 634 3534 nulla
648 3470 883 3544 vehementior,
901 3480 939 3536 ut
956 3473 983 3533 si
1003 3470 1074 3553 jam
1096 3471 1169 3554 ipsa
1188 3470 1243 3536 illa
1264 3491 1419 3535 accusare
1434 3471 1530 3551 nolis,

374 3584 488 3658 stupra
519 3575 594 3639 dico
624 3583 658 3638 et
689 3574 859 3647 adulteria,
886 3576 1011 3640 incesta
1039 3575 1183 3658 denique
1209 3596 1351 3659 quorum
1378 3574 1529 3639 omnium

373 3679 566 3742 accusabilis
596 3688 646 3741 est
673 3680 863 3762 turpitudo;
894 3680 952 3743 sed
977 3688 1014 3742 ut
1043 3680 1126 3744 haec
1148 3681 1296 3750 omittas,
1324 3679 1531 3763 perturbatio

374 3786 448 3867 ipsa
470 3785 593 3847 mentis
616 3784 649 3846 in
673 3805 786 3847 amore
802 3784 900 3847 foeda
919 3804 978 3867 per
1000 3803 1036 3847 se
1058 3792 1119 3848 est.
1165 3784 1254 3848 Nam
1273 3792 1310 3847 ut
1330 3784 1412 3846 haec
1433 3802 1530 3866 prae-

375 3898 499 3952 teream
528 3909 615 3970 quae
639 3896 715 3952 sunt
742 3887 870 3965 suroris,
894 3887 976 3952 haec
1003 3888 1075 3970 ipsa
1105 3908 1164 3972 per
1186 3907 1258 3951 sese
1280 3907 1381 3970 quam
1404 3888 1530 3951 habent

374 3991 544 4057 levitatem
568 4013 654 4075 quae
674 3993 828 4057 videntur
848 4011 921 4055 esse
943 3992 1130 4070 mediocria,
1147 3990 1292 4074 injuriae,
1314 3993 1530 4075 suspiciones,

373 4097 576 4174 inimicitiae,
590 4096 723 4175 bellum,
739 4117 808 4179 pax
825 4095 973 4160 rursum'
988 4096 1082 4175 inita,
1098 4115 1184 4178 quae
1199 4097 1312 4158 omnia
1326 4115 1530 4178 consequen·

373 4212 429 4264 tur
451 4201 655 4265 libidinosos.
707 4199 784 4263 Hoc
808 4198 845 4263 fit
868 4208 907 4262 ut
936 4201 1127 4284 ‘postulans
1157 4209 1246 4263 certa
1276 4199 1402 4263 ratione
1431 4219 1531 4281 agere

375 4303 476 4367 nihilo
495 4305 568 4387 plus
584 4325 673 4387 agas,
688 4324 789 4387 quam
806 4304 833 4367 si
849 4305 908 4369 des
928 4323 1065 4387 operam
1082 4313 1119 4366 ut
1134 4323 1209 4366 cum
1228 4302 1357 4366 ratione
1376 4303 1530 4367 insanias.

377 4407 471 4472 Haec
503 4408 724 4473 inconstantia
762 4407 1034 4490 mutabilitasque
1067 4407 1187 4471 mentis
1222 4425 1323 4488 quem
1354 4426 1422 4470 non
1459 4407 1532 4490 ipsa

440 4550 569 4612 ¹DeIra,
581 4553 605 4600 ii.
619 4567 659 4614 ²5·
766 4551 895 4600 ’Μαί
906 4551 978 4614 Dr'sp.
992 4568 1016 4601 v.
1028 4553 1053 4600 6.
1164 4550 1462 4614 ³DeBmfioih,vii.a.

788 4630 797 4658 ¹
817 4629 918 4680 Tuscul.
931 4629 1003 4693 Dt'sp.
1018 4630 1051 4679 iv.
1062 4644 1103 4694 35.
