3542 5359
365 635 426 696 354
578 617 734 677 OPERIS
759 618 947 688 MAJORIS
972 620 1086 680 PARS
1109 620 1308 680 SEPTIMA.

366 779 488 860 quibus
503 788 633 860 partem
655 778 744 842 vitae
765 788 899 843 nostrae
921 779 1171 863 impendamus3
1203 801 1246 846 an
1271 780 1325 844 ad·
1341 779 1414 844 illos
1436 788 1523 842 tem·

368 883 457 967 poris
483 884 587 946 nostri
609 882 739 963 jactura
765 884 944 965 perveniat.
999 884 1147 967 Quidam
1177 886 1267 949 enim
1295 885 1383 950 ultro
1414 883 1521 948 officia

367 987 463 1050 nobis
496 996 610 1051 nostra
638 988 815 1071 imputant.
876 988 1115 1054 Athenodorus
1152 990 1200 1054 ait
1234 1010 1277 1054 ne
1306 992 1349 1054 ad
1380 1007 1519 1054 coenam

365 1091 499 1172 quidem
516 1091 689 1156 sciturum
702 1092 746 1155 ad
756 1111 832 1156 eum
844 1092 901 1174 qui
913 1092 975 1156 sibi
990 1093 1036 1156 nil
1052 1114 1114 1175 pro
1129 1093 1193 1158 hoc
1208 1094 1381 1158 debiturus
1390 1093 1443 1157 sit.
1459 1141 1466 1156 .
1484 1136 1492 1153 .
1512 1137 1519 1152 .

366 1193 652 1259 Considerandum
669 1204 720 1259 est
736 1206 845 1260 utrum
866 1207 986 1262 natura
1007 1210 1064 1262 tua
1085 1198 1222 1281 agendis
1238 1197 1336 1262 rebus
1351 1218 1392 1262 an
1410 1197 1521 1262 otioso

365 1299 475 1364 studio
498 1300 836 1384 contemplationique
858 1303 968 1383 aptior
991 1303 1052 1380 sit;
1082 1315 1116 1366 et
1139 1323 1180 1367 eo
1203 1303 1429 1368 inclinandum
1451 1321 1521 1384 quo

365 1415 400 1468 te
414 1405 463 1470 vis
479 1405 599 1487 ingenii
617 1402 708 1468 feret.
727 1452 776 1468 ...
792 1404 883 1468 Male
899 1406 989 1470 enim
1005 1408 1205 1488 respondent
1221 1418 1338 1472 coacta
1355 1407 1487 1490 ingenia
1498 1405 1522 1468 ¹.

365 1557 373 1570 .
390 1555 398 1571 .
415 1556 422 1571 .
440 1509 534 1571 Nihil
549 1518 660 1573 autem
677 1529 782 1591 aeque
796 1509 943 1573 oblectat
962 1510 1109 1574 animum
1129 1532 1230 1594 quam
1250 1512 1396 1576 amicitia
1411 1509 1521 1574 fidelis

364 1624 399 1677 et
414 1614 530 1678 dulcis.
575 1611 748 1695 Quantum
772 1613 897 1678 bonum
918 1624 968 1678 est
987 1615 1043 1679 ubi
1064 1627 1141 1680 sunt
1164 1625 1359 1699 praeparata
1383 1625 1522 1699 pectora

365 1720 398 1781 in
414 1739 500 1801 quae
519 1727 593 1782 tuto
613 1728 776 1782 secretum
797 1739 896 1782 omne
915 1720 1103 1797 descendat,
1120 1740 1259 1802 quorum
1282 1720 1520 1786 conscientiam

365 1823 473 1889 minus
488 1843 588 1905 quam
605 1834 697 1886 tuam
713 1824 842 1898 timeas,
856 1843 997 1905 quorum
1019 1845 1127 1889 sermo
1148 1824 1391 1890 solicitudinem
1407 1824 1521 1902 leniat,

364 1927 530 1993 sententia
544 1926 717 2006 consilium
734 1928 903 2009 expediat,
919 1927 1065 1991 hilaritas
1080 1929 1250 1993 tristitiam
1270 1929 1418 2011 dissipet,
1438 1948 1521 1992 con·

363 2043 497 2116 spectus
519 2032 590 2115 ipse
612 2031 774 2095 delectet!
804 2053 889 2114 quos
912 2031 1037 2096 scilicet
1058 2053 1181 2097 vacuos
1206 2028 1255 2121 [a]
1280 2033 1522 2116 cupiditatibus

363 2148 525 2219 quantum
551 2135 620 2199 lieri
644 2136 767 2219 poterit
790 2137 959 2220 eligemus.
1016 2136 1161 2221 Serpunt
1190 2139 1279 2202 enim
1310 2139 1391 2203 vitia
1420 2147 1454 2201 et
1484 2137 1521 2200 in

363 2243 554 2325 proximum
577 2260 743 2322 quemque
764 2241 953 2304 transiliunt
973 2251 1006 2306 et
1027 2252 1181 2306 contactu
1198 2237 1350 2308 nocent².
1398 2242 1520 2325 ltaque

364 2347 453 2427 quod
469 2346 502 2408 in
519 2344 707 2427 pestilentia
721 2346 904 2408 curandum
921 2355 981 2423 est,
997 2365 1038 2409 ne
1058 2347 1216 2428 correptis
1229 2345 1299 2429 jam
1321 2347 1520 2430 corporibus

364 2460 397 2512 et
428 2449 545 2513 morbo
575 2448 790 2531 flagrantibus
826 2449 1039 2524 assideamus,
1066 2453 1143 2534 quia
1172 2450 1316 2535 pericula
1346 2451 1520 2516 trahemus

362 2553 556 2636 adflatuque
571 2554 643 2634 ipso
659 2552 892 2629 laborabimus,
906 2554 953 2617 ita
968 2556 1001 2620 in
1016 2556 1197 2620 amicorum
1214 2554 1363 2638 legendis
1376 2556 1520 2637 ingeniis

362 2659 516 2723 dabimus
539 2678 673 2740 operam
701 2668 739 2722 ut
765 2678 865 2740 quam
891 2659 1027 2722 minime
1055 2657 1268 2741 inquinatos³
1290 2658 1516 2725 adsumamus.

362 2763 498 2829 initium
516 2760 622 2826 morbi
639 2771 690 2825 est
705 2764 815 2846 aegris
829 2781 912 2826 sana
930 2764 1074 2828 miscere.
1121 2765 1194 2828 Nec
1210 2763 1272 2827 hoc
1290 2765 1517 2847 praeceperim

361 2868 421 2932 tibi
442 2876 480 2933 ut
502 2868 669 2932 neminem
688 2867 750 2930 nisi
767 2865 977 2950 sapientem⁴
993 2869 1139 2949 sequaris
1161 2878 1218 2931 aut
1239 2867 1397 2932 attrahas.
1445 2867 1517 2934 Ubi

359 2972 446 3035 enim
478 2971 600 3036 istum⁶
630 2972 776 3035 invenies
806 2990 906 3054 quem
939 2981 990 3035 tot
1021 2971 1159 3036 saeculis
1188 2973 1404 3054 quaerimus?
1450 2973 1517 3036 Pro

359 3079 488 3159 optimo
506 3087 558 3141 est
577 3077 713 3140 minime
733 3075 847 3140 malus.
865 3121 872 3136 .
891 3121 898 3135 .
914 3121 922 3136 .
941 3074 971 3136 N
975 3095 1036 3137 unc
1053 3095 1131 3138 vero
1153 3076 1186 3138 in
1206 3085 1301 3139 tanta
1318 3070 1515 3163 [bonorum]

359 3189 509 3262 egestate
548 3181 658 3243 minus
691 3180 864 3243 fastidiosa
900 3177 958 3242 fiat
992 3178 1120 3243 electio.
1181 3179 1363 3262 Praecipue
1397 3190 1515 3246 tamen

358 3283 504 3347 vitentur
522 3285 634 3347 tristes
653 3295 688 3348 et
708 3284 823 3348 omnia
837 3282 1060 3365 deplorantes,
1077 3285 1199 3365 quibus
1214 3283 1304 3346 nulla
1321 3305 1387 3348 non
1412 3305 1516 3350 causa

359 3389 392 3450 in
416 3387 565 3469 querelas
587 3387 705 3470 placet.
754 3387 895 3452 Constet
920 3387 964 3452 illi
992 3387 1068 3451 licet
1093 3387 1177 3452 fides
1203 3399 1236 3452 et
1259 3388 1516 3465 benevolentia;

359 3491 587 3574 tranquillitati
610 3503 723 3556 tamen
745 3493 897 3557 inimicus
915 3502 966 3556 est
987 3512 1099 3556 comes
1119 3493 1332 3575 perturbatus
1349 3504 1383 3558 et
1399 3495 1516 3558 omnia

357 3617 501 3680 gemens

189 3727 320 3777 Deum·
400 3700 642 3765 ‘Transeamus
657 3703 700 3765 ad
716 3701 931 3783 patrimonia,
950 3699 1132 3764 maximam
1151 3720 1384 3766 aerumnarum
1406 3712 1516 3768 mate—

187 3793 321 3921 fflff¹ss⁸¹⁰v
358 3808 450 3871 riam.
495 3805 629 3869 Namsi
650 3806 762 3869 omnia
784 3805 849 3868 alia
869 3805 990 3887 quibus
1012 3805 1164 3886 angimur
1178 3825 1364 3888 compares,
1374 3818 1516 3889 mortes,

237 3897 242 3906 ¹
274 3895 280 3908 ⁸
355 3911 608 3993 aegrotationes,
631 3920 749 3988 metus,
769 3909 944 3984 desideria,
964 3907 1117 3973 dolorum
1140 3909 1360 3992 laborumque
1382 3913 1514 3994 patien-

356 4017 448 4091 tiam,
482 4035 557 4078 cum
591 4016 632 4077 iis
665 4034 752 4097 quae
787 4013 884 4076 nobis
920 4011 1007 4076 mala
1041 4014 1182 4093 pecunia
1216 4024 1329 4078 nostra
1363 4015 1515 4094 exhibet,

354 4120 436 4182 haec
473 4141 550 4200 pars
581 4117 722 4181 multum
758 4117 998 4199 praegravabit.
1053 4117 1171 4200 Itaque
1202 4118 1420 4200 cogitandum
1460 4131 1515 4187 est

355 4234 482 4306 quanto
501 4223 605 4286 levior
626 4221 722 4285 dolor
747 4222 792 4285 sit
815 4241 882 4284 nou
901 4220 1025 4284 habere
1046 4241 1147 4303 quam
1168 4223 1306 4302 perdere
1318 4244 1326 4301 ;
1358 4235 1392 4288 et
1414 4225 1514 4290 intel-

388 4361 396 4390 ¹
415 4359 445 4408 ln
456 4357 569 4408 Haase's
584 4357 682 4406 edition
695 4357 725 4404 ol
732 4357 840 4410 Seneca,
852 4357 904 4405 this
919 4357 969 4404 and
983 4358 1027 4405 the
1042 4356 1178 4418 sooegoing
1191 4365 1317 4407 sentence
1333 4375 1411 4408 occur
1426 4375 1514 4410 some-

355 4439 426 4486 what
437 4439 537 4487 earlier.
571 4436 601 4485 ln
622 4435 667 4484 the
686 4435 790 4484 earliest
806 4436 909 4497 printed
926 4435 1022 4484 edition
1042 4436 1130 4500 (1⁴9⁹)
1149 4437 1212 4497 they
1229 4451 1302 4485 come
1321 4437 1347 4485 in
1368 4438 1414 4486 the
1433 4441 1517 4491 order

355 4519 382 4565 in
393 4517 482 4566 which
494 4516 582 4564 Bneon
594 4521 687 4576 quotes
698 4515 777 4562 them

387 4597 397 4622 ¹
412 4595 510 4642 intrant
518 4601 567 4655 pm
577 4599 681 4651 nocent,
694 4591 726 4640 Ι).
738 4599 765 4639 et
777 4591 808 4638 0.
1102 4593 1112 4620 ³
1129 4592 1309 4650 inflammatos,
1323 4594 1354 4642 D.
1368 4601 1393 4643 et
1407 4595 1442 4644 0.

386 4673 395 4700 ¹
412 4671 544 4734 perlecta
554 4671 706 4732 sapientiae,
720 4669 753 4718 D.
766 4677 793 4718 et
805 4669 838 4718 0.
1106 4670 1116 4697 ⁵
1133 4671 1206 4730 illud,
1223 4670 1254 4720 D.
1268 4679 1295 4720 et
1307 4672 1340 4722 Ο.
