3542 5359
359 2263 633 2327 Quotation

357 2330 486 2380 from

701 631 823 711 236
1128 632 1440 691 OPERIS
1488 632 1867 702 MAJORIS
1915 631 2146 690 PARS
2195 631 2595 690 SEPTIMA.

702 796 1071 880 sexaginta,
1103 807 1465 880 posuerunt
1497 795 1801 879 Angelos
1837 795 2051 860 bonos
2098 804 2202 859 tot
2248 815 2410 871 esse,
2438 795 2594 878 quia
2640 794 2733 857 illi
2784 807 3005 860 motus

704 913 856 966 sunt
892 901 1245 965 voluntarii
1277 911 1347 966 et
1377 903 1527 966 ideo
1572 901 1738 965 fiunt
1782 921 1899 984 per
1926 898 2247 984 Angelos.
2338 899 2431 964 Et
2477 900 2654 963 istud
2693 909 2880 981 patet
2917 921 3004 963 ex

708 1003 1189 1088 Metaphysicis
1235 1005 1616 1071 Aristotelis
1656 1017 1724 1070 et
1757 1005 2162 1070 Avicennae.
2256 1004 2518 1068 Deinde
2560 1005 3005 1067 extenderunt

701 1130 774 1174 se
804 1111 888 1173 ad
923 1110 1304 1174 ulteriorem
1336 1110 1952 1187 considerationem,
1986 1109 2393 1172 invenientes
2425 1108 2614 1190 quasi
2657 1128 3001 1170 numerum

702 1212 1026 1278 infinitum
1047 1216 1679 1299 correspondentem
1698 1214 1907 1291 nobiS,
1926 1214 2096 1278 sicut
2121 1212 2644 1295 multiplicantur
2664 1212 3005 1275 individua

700 1317 766 1380 in
820 1318 947 1382 hoc
996 1321 1248 1384 mundo
1293 1319 1582 1383 inferiori
1628 1320 1752 1383 sub
1809 1338 1938 1382 una
1983 1317 2220 1400 specie,
2266 1326 2334 1382 et
2380 1316 2876 1399 distinguuntur
2917 1316 3003 1380 ab

701 1422 979 1487 invicem
1022 1444 1314 1501 numer0,
1358 1424 1528 1488 sicut
1575 1424 1917 1487 individua
1962 1421 2317 1495 sensibilia,
2354 1422 2523 1485 sicut
2568 1420 2635 1482 in
2681 1420 2848 1484 libro
2898 1420 3006 1483 De

704 1525 940 1590 Causis
970 1529 1275 1592 scribitur
1292 1550 1307 1608 3
1349 1526 1726 1593 differenter
1755 1537 2002 1604 tamen,
2031 1527 2188 1609 quia
2215 1524 2462 1609 Angeli
2493 1525 2589 1589 ita
2618 1536 3006 1607 separantur

698 1630 787 1694 ab
845 1630 1126 1695 invicem
1185 1633 1364 1715 quod
1426 1653 1557 1696 non
1618 1641 2143 1713 corrumpantur,
2195 1630 2313 1694 sed
2367 1638 2678 1693 maneant
2739 1630 2805 1691 in
2862 1648 3005 1692 esse

700 1734 940 1798 stabili.
1035 1735 1223 1800 Haec
1271 1745 1492 1800 autern
1540 1737 1881 1801 individua
1928 1745 2089 1798 nota
2140 1745 2530 1816 separantur
2587 1733 2675 1797 ab
2722 1733 3000 1796 invicem

715 1839 810 1902 ita
867 1839 1047 1921 quod
1096 1840 1456 1922 aliquando
1508 1850 2029 1922 corrumpantur.
2123 1838 2215 1903 Et
2259 1838 2315 1902 si
2363 1837 2668 1900 volumus
2731 1837 3001 1900 ulterius

700 1943 1012 2007 admirari
1061 1944 1265 2007 verba
1319 1943 1561 2019 Ethici,
1609 1964 1961 2027 possumus
2021 1943 2256 2018 dicere,
2300 1940 2472 2004 sicut
2518 1942 2657 2023 ipse
2715 1940 2879 2003 dicit
2938 1942 3001 2003 in

699 2045 870 2109 libro
899 2046 1348 2132 suo,Viginti¹
1380 2049 1641 2112 ordines
1667 2047 2081 2131 Angelorum
2115 2057 2296 2121 sunt3
2340 2066 2511 2128 quos
2543 2046 2744 2108 etiam
2777 2045 3000 2127 posuit

695 2150 957 2214 stetisse
987 2152 1051 2214 in
1085 2152 1292 2234 gloria
1317 2153 1605 2218 coelesti.

787 2255 920 2319 Sed
954 2256 1155 2339 longe
1185 2258 1397 2339 magis
1431 2258 1858 2321 admirandus
1892 2267 1992 2321 est
2023 2251 2395 2339 Apuleius²
2429 2254 2901 2327 Mandarensis,
2932 2252 2999 2317 in
3055 2279 3058 2281 ’

358 2395 677 2460 Apuleiusos
699 2357 865 2422 libro
913 2360 997 2423 de
1035 2360 1183 2423 Deo
1231 2359 1543 2438 Socratis,
1575 2362 1642 2424 in
1688 2382 1822 2444 quo
1870 2360 2080 2424 multa
2127 2359 2452 2423 mirabilia
2497 2360 2862 2423 edisserens
2915 2358 3000 2421 de

360 2461 634 2512 Mandarai:
698 2461 1024 2544 Angelica
1072 2475 1301 2527 natura
1353 2464 1666 2529 transfert
1714 2466 2107 2529 sententiam
2159 2465 2454 2528 Platonis
2502 2463 2569 2527 in
2619 2463 2995 2545 SymposiO,

359 2527 440 2576 De
464 2529 577 2578 Deo

356 2593 587 2643 Socratis.

698 2565 1002 2632 videlicet
1046 2570 1229 2650 quod
1274 2569 1545 2633 cuilibet
1596 2570 1709 2633 uni
1762 2570 2013 2635 homini
2063 2570 2425 2651 deputatur
2478 2589 2648 2631 unus
2690 2566 2993 2650 Angelus

697 2671 783 2734 ad
845 2673 1215 2737 custodiam
1263 2685 1494 2739 contra
1541 2675 1717 2739 mala
1760 2675 2001 2749 omnia,
2050 2685 2118 2738 et
2183 2675 2269 2738 ad
2331 2673 2859 2757 promovendum
2922 2682 2989 2735 et

695 2775 1125 2839 excitandum
1185 2778 1270 2840 ad
1331 2759 1527 2842 bona.
1641 2780 1733 2843 Et
1796 2788 2150 2861 postquam
2218 2778 2437 2840 anima
2498 2785 2805 2859 separata
2879 2785 2997 2853 est,

695 2879 1018 2943 bonorum
1058 2891 1124 2945 et
1172 2880 1493 2945 malorum
1541 2883 1838 2946 omniurn
1884 2902 2057 2965 quae
2101 2882 2303 2963 gessit
2351 2881 2462 2944 illa
2507 2880 2572 2943 in
2620 2899 2893 2963 corpore
2924 2877 2998 2943 fit

695 2982 884 3048 testis
943 3003 1166 3047 coram
1231 2985 1379 3049 Deo
1433 2985 1675 3067 judice.
1792 2983 2025 3069 Atque
2084 2986 2318 3049 asserit
2378 2983 2680 3065 Angelos
2746 2982 2998 3047 deferre

701 3088 1048 3170 petitiones
1108 3089 1454 3154 hominum
1516 3092 1602 3154 ad
1655 3089 1970 3155 coelestia
2013 3100 2080 3153 et
2135 3099 2469 3173 reportare
2524 3090 2702 3153 dona
2755 3089 2842 3152 ab
2895 3088 2992 3150 eis

694 3190 781 3253 ad
826 3187 1172 3271 homines;
1220 3204 1287 3256 et
1331 3194 1566 3276 aliquis
1609 3206 1871 3275 praeest
1926 3195 2037 3257 uni
2082 3194 2470 3275 provinciae,
2520 3202 2589 3256 et
2624 3192 2791 3255 alius
2840 3191 2992 3267 alii;

697 3304 765 3359 et
813 3295 1020 3359 multa
1066 3296 1226 3360 talia
1272 3298 1435 3362 dicit
1478 3298 1603 3361 sub
1648 3296 1750 3362 his
1794 3297 2051 3373 verbis3
2097 3297 2308 3362 ‘Sunt
2352 3297 2680 3381 quaedam
2733 3297 2995 3360 divinae

696 3399 956 3462 mediae
987 3409 1352 3481 potestates
1386 3403 1448 3465 in
1480 3403 1606 3466 isto
1639 3403 1992 3467 interstitio
2027 3404 2196 3467 inter
2225 3404 2529 3466 homines
2560 3401 2997 3484 celicolasque

697 3526 809 3586 per
845 3524 1006 3582 quas
1050 3505 1375 3568 desideria
1408 3516 1633 3570 nostra
1664 3516 1731 3570 et
1762 3508 1998 3569 merita
2029 3509 2115 3570 ad
2147 3529 2262 3571 eos
2294 3517 2617 3580 comeant,
2653 3516 2945 3570 vectores
2972 3505 2998 3542 ³

697 3610 841 3668 him:
893 3628 1157 3690 precum
1205 3610 1357 3674 inde
1394 3613 1738 3686 donorum,
1772 3612 1885 3693 qui
1934 3611 2104 3674 ultra
2149 3612 2283 3675 cito
2327 3612 2681 3692 petitiones
2725 3620 2994 3693 portant

695 3714 845 3770 hinc
925 3713 1075 3776 inde
1147 3713 1478 3797 suffragia,
1525 3736 1638 3778 seu
1716 3716 1988 3797 quidam
2065 3716 2403 3798 utriusque
2465 3716 2867 3798 interpreteS,
2927 3723 2994 3777 et

693 3818 973 3879 salutem
1003 3818 1142 3902 geri
1174 3838 1290 3900 per
1318 3819 1442 3883 hos
1472 3830 1704 3884 curant
1734 3819 1973 3901 singuli
2005 3840 2234 3883 eorum
2269 3831 2343 3883 ut
2365 3828 2468 3883 est
2492 3820 2729 3902 cuique
2751 3818 2996 3881 tributa

697 3922 1046 4002 Est-mincia,
1104 3923 1208 3986 vel
1268 3924 1542 3988 somniis
1592 3923 2080 4000 confirmandis,
2137 3923 2240 3987 vel
2302 3924 2696 4008 praepositis
2754 3923 2994 4007 guber·

765 4110 773 4134 ²
821 4110 873 4154 11,
905 4108 1005 4155 and
1030 4107 1094 4156 Ο.
1123 4108 1256 4157 have
1279 4124 1479 4158 novem.

761 4190 773 4210 -“
813 4190 913 4234 Effe
937 4186 1014 4234 De
1037 4186 1241 4236 Cabitate
1260 4187 1366 4247 Dei,
1385 4188 1470 4238 lib.
1483 4188 1588 4237 viii.
1609 4204 1720 4252 cap.
1740 4204 1801 4250 14
1825 4197 1878 4237 et
1903 4205 2014 4251 seq.
2080 4188 2195 4237 The
2219 4187 2500 4236 difference
2523 4187 2574 4234 in
2600 4194 2725 4234 tone
2749 4185 2991 4234 between

693 4270 769 4313 51„
797 4270 872 4310 2³:211
883 4266 1080 4326 gastine
1111 4267 1213 4314 and
1238 4266 1416 4315 Bacon
1449 4267 1493 4315 is
1527 4267 1722 4316 similar
1749 4276 1805 4316 to
1835 4268 1947 4317 that
1975 4267 2180 4316 noticed
2211 4267 2264 4315 in
2292 4267 2383 4314 the
2415 4280 2535 4314 case
2567 4265 2629 4313 of
2655 4265 2994 4328 Porphyrius.

693 4346 822 4390 ‘slim
861 4346 945 4392 the:
970 4344 1118 4392 word
1147 4345 1382 4393 Daemon
1416 4346 1604 4394 should
1638 4346 1702 4394 be
1737 4347 1868 4394 used
1903 4347 1954 4394 in
1989 4361 2096 4407 any
2118 4360 2273 4394 sense
2306 4345 2397 4394 but
2431 4360 2462 4392 a
2493 4344 2594 4392 bad
2628 4359 2730 4391 one
2752 4358 2866 4392 was
2902 4349 2995 4391 not

689 4422 987 4482 a=2m=ptahle
1011 4430 1066 4470 to
1089 4422 1168 4472 St.
1191 4422 1498 4484 Augustine.
1565 4424 1700 4472 That
1732 4424 2033 4485 something
2064 4425 2348 4484 analogous
2383 4431 2438 4472 to
2473 4422 2562 4472 the
2596 4422 2905 4484 conception
2940 4421 3002 4469 of

689 4502 889 4558 :anguls
921 4500 1107 4549 should
1139 4500 1271 4549 have
1301 4501 1432 4550 been
1462 4504 1681 4551 reached
1713 4503 1783 4565 by
1812 4519 1843 4550 a
1873 4501 2254 4565 pre-Christian
2287 4502 2494 4551 thinker
2515 4517 2625 4550 was
2648 4501 2902 4550 welcome
2937 4508 2993 4549 to

689 4582 877 4626 Rama,

756 4662 770 4686 ³
813 4666 1032 4706 nmini-es
1055 4657 1176 4706 hinc
1200 4674 1426 4721 precum,
1454 4658 1522 4709 Μ.
