3542 5359
343 1137 603 1212 PERSPEC
609 1139 668 1212 TI
675 1139 792 1212 VAE
824 1139 983 1213 PARS
1015 1140 1321 1215 SECUNDA:

601 1325 881 1392 DISTINCTIO
906 1326 1071 1391 PRIMA.

306 1481 372 1544 Hic
388 1480 504 1563 incipit
519 1503 595 1566 pars
610 1485 756 1547 secunda
774 1483 871 1565 hujus
886 1491 1060 1561 tractatus,
1075 1505 1160 1566 quae
1175 1493 1226 1548 est
1241 1485 1284 1548 de
1300 1483 1409 1547 modis

258 1584 514 1669 particularibus
536 1596 570 1651 et
592 1587 700 1652 causis
721 1588 857 1652 videndi
882 1587 962 1672 per¹
990 1587 1111 1652 lineam
1141 1598 1265 1654 rectam
1290 1587 1409 1672 princi·

261 1688 389 1772 paliter.
436 1689 481 1752 Et
507 1691 609 1756 habet
633 1691 863 1758 distinctiones
890 1703 966 1757 tres.
1013 1692 1125 1755 Prima
1145 1702 1197 1756 est
1221 1693 1265 1756 de
1284 1693 1410 1756 visione

261 1814 363 1876 penes
385 1794 661 1877 compositionem
685 1796 781 1875 oculi,
797 1807 831 1860 et
852 1797 956 1860 habet
973 1796 1039 1861 tria
1060 1796 1217 1879 capitula.
1263 1797 1410 1860 Primum

261 1909 314 1963 est
327 1899 370 1962 de
385 1899 437 1962 his
453 1919 539 1981 quae
557 1921 577 1964 a
593 1899 692 1982 longe
705 1901 820 1965 vident
834 1901 886 1965 vel
903 1922 990 1984 quae
1004 1922 1117 1986 prope.

699 2137 925 2206 cananum
954 2141 981 2206 1.

309 2298 354 2361 Et
369 2296 525 2380 quoniam
546 2298 663 2361 eadem
682 2307 733 2361 est
754 2298 892 2363 scientia
910 2298 1148 2382 oppositorum,
1167 2308 1203 2362 ut
1226 2298 1304 2361 dicit
1318 2297 1414 2362 Aris-
1429 2305 1575 2357 Comexion

265 2402 384 2467 toteles
407 2405 440 2464 in
463 2401 607 2485 Topicis,
631 2412 666 2465 et
692 2403 726 2465 in
754 2403 861 2486 primo
885 2404 928 2467 de
952 2402 1166 2466 Animalibus
1189 2403 1305 2466 asserit
1324 2404 1416 2485 quod
1429 2373 1578 2503 gfff

264 2517 391 2571 rectum
417 2515 468 2570 est
493 2507 596 2570 index
619 2507 669 2570 sui
692 2517 726 2570 et
748 2505 820 2588 ejus
846 2507 982 2590 obliqui,
1005 2507 1084 2590 quia
1114 2527 1173 2588 per
1198 2507 1416 2589 privationem
1430 2504 1576 2568 longeight.

265 2611 416 2674 sanitatis
437 2610 646 2694 cognoscitur
662 2611 846 2688 infirmitas
862 2612 938 2675 ideo
953 2612 1051 2674 simul
1069 2612 1188 2674 modos
1203 2611 1417 2693 particulares

266 2714 469 2779 certificandi
494 2715 637 2779 visibilia
663 2735 738 2779 curn
765 2715 949 2779 defectibus
975 2716 1065 2778 visus
1092 2724 1126 2778 et
1155 2714 1319 2778 erroribus
1345 2712 1418 2795 ejus

267 2819 460 2902 designabo,
482 2828 519 2882 ut
542 2821 656 2882 statim
685 2819 757 2902 ipse
787 2819 936 2883 desectus
958 2829 992 2881 et
1018 2839 1107 2882 error
1137 2827 1251 2901 pateat
1281 2838 1339 2901 per
1362 2818 1419 2880 de·

268 2924 534 2987 terminationem
554 2923 734 2986 contrariae
748 2923 906 2987 veritatis.
952 2921 1062 2985 Primo
1082 2941 1161 2985 vero
1184 2920 1417 2985 recurrendum

267 3037 319 3092 est
338 3029 380 3091 ad
397 3027 600 3091 reddendam
617 3027 777 3090 rationem
795 3027 932 3091 videndi
951 3046 1053 3109 penes
1068 3046 1209 3108 eaquae
1224 3027 1268 3089 ad
1283 3045 1420 3107 compo-

269 3133 424 3196 sitionem
447 3131 533 3196 oculi
560 3141 718 3214 spectant.
765 3131 832 3215 Qui
851 3152 932 3194 vero
950 3130 1076 3195 habent
1095 3128 1209 3195 oculos
1231 3130 1421 3214 profundos,

270 3257 402 3302 necesse
417 3246 531 3300 estex
553 3235 616 3299 hac
642 3257 743 3300 causa
764 3237 854 3318 quod
873 3245 1014 3319 possunt
1032 3235 1143 3298 videre
1166 3235 1272 3316 magis
1294 3245 1423 3299 remota

271 3362 373 3424 quarn
390 3340 550 3404 habentes
565 3339 680 3404 oculos
695 3341 932 3422 prominentes.
971 3339 1017 3403 Et
1033 3339 1131 3422 hujus
1148 3341 1232 3403 ratio
1247 3341 1355 3423 prima
1372 3350 1423 3402 est

271 3455 407 3530 propter
423 3446 580 3527 majorem
605 3444 835 3509 fortitudinem
858 3465 958 3528 quam
981 3445 1083 3508 habet
1105 3445 1220 3509 oculus
1241 3444 1424 3527 profundus

270 3561 408 3636 propter
432 3549 591 3631 majorem
619 3549 689 3632 ejus
712 3549 1068 3633 appropinquationem
1094 3550 1137 3612 ad
1168 3569 1305 3612 nervum
1335 3569 1424 3612 corn·

274 3674 407 3718 munem
432 3654 465 3716 in
489 3675 556 3736 quo
578 3664 629 3718 est
644 3654 748 3718 virtus
767 3654 880 3728 visiva,
902 3654 989 3718 sicut
1012 3653 1046 3717 in
1070 3652 1172 3717 sonte.
1217 3652 1299 3716 Alia
1326 3672 1425 3717 causa

272 3767 333 3834 est,
353 3759 442 3839 quod
468 3757 583 3821 oculus
608 3757 791 3839 profundus
812 3757 920 3840 magis
940 3766 1155 3821 conservatur
1175 3778 1196 3820 a
1218 3757 1427 3820 nocumentis

273 3871 308 3926 et
340 3859 415 3943 plus
443 3860 619 3942 elongatur
647 3883 667 3924 a
697 3862 897 3925 laesionibus
927 3881 1027 3944 quarn
1059 3862 1257 3943 prominens,
1286 3870 1321 3924 et
1350 3860 1426 3924 ideo

274 3963 393 4029 sortior
415 3973 476 4030 est.
519 3964 633 4029 Tertia
653 3985 752 4029 causa
775 3976 834 4042 est,
852 3966 943 4048 quod
962 3965 1069 4048 magis
1088 3976 1309 4047 congregatur
1323 3965 1427 4029 virtus

274 4071 380 4133 visiva
409 4080 444 4133 et
473 4069 646 4144 adunatur,
673 4070 754 4133 dum
781 4070 889 4152 magis
915 4070 1105 4151 cooperitur
1129 4069 1264 4133 interius
1290 4070 1323 4132 in
1351 4088 1427 4133 con-

274 4174 420 4239 cavitate
442 4174 536 4246 ossis,
553 4183 591 4237 ut
614 4174 661 4238 sic
683 4175 793 4257 capiat
808 4175 896 4238 viam
920 4174 1119 4238 strictiorem
1142 4185 1177 4239 et
1199 4173 1372 4237 rectiorem
1394 4172 1428 4234 in

275 4299 344 4343 rem
371 4277 488 4355 visam,
514 4286 548 4340 et
573 4278 682 4340 minus
709 4279 919 4362 dispergatur
944 4288 978 4342 et
1005 4278 1172 4355 dilatetur,
1198 4287 1235 4340 ut
1260 4275 1307 4341 sic
1330 4275 1429 4339 cadat

275 4386 309 4446 in
331 4381 443 4445 locum
468 4381 651 4465 pyramidis
665 4381 808 4446 visualis.
854 4382 901 4446 Et
922 4392 1058 4465 propter
1077 4382 1141 4445 hoc
1163 4381 1275 4454 homo,
1295 4380 1431 4460 quando

274 4487 347 4552 vult
364 4486 543 4570 diligenter
556 4485 702 4570 aspicere
722 4485 848 4568 aliquid
864 4507 884 4549 a
904 4486 1013 4569 longe,
1031 4484 1172 4569 apponit
1191 4483 1430 4547 concavitatem

712 4627 720 4656 ¹
738 4631 888 4692 secundum,
902 4630 926 4690 J.

800 4723 824 4773 G
838 4728 856 4774 2
