3542 5359
376 617 433 664 112
602 605 757 663 OPERIS
782 604 844 661 MA
843 605 970 674 JORIS
995 606 1110 664 PARS
1136 607 1306 678 Qu'rNTA.

374 767 523 830 tudinem
542 766 676 848 majoris
694 767 999 851 aequidistantium.
1046 769 1092 833 Et
1113 770 1215 834 debet
1230 771 1403 854 imaginari
1421 771 1529 853 primo

373 870 475 934 luisse
502 871 533 933 in
565 871 830 936 circumferentia
857 874 946 937 basis
971 875 1155 957 pyramidis
1181 876 1326 954 visualis,
1349 886 1384 938 et
1410 886 1529 958 postea

373 976 529 1039 continue
560 987 652 1040 mota
685 977 728 1039 ab
758 997 799 1039 ea
827 997 942 1041 versus
975 977 1123 1041 colurum
1154 979 1197 1042 de
1223 999 1291 1062 quo
1320 979 1446 1042 dictum
1477 989 1528 1042 est

373 1080 471 1160 prius,
494 1080 550 1161 qui
578 1081 695 1144 transit
726 1100 784 1162 per
808 1082 904 1164 polos
931 1080 1038 1158 lunae,
1060 1083 1183 1146 scilicet
1209 1103 1268 1164 per
1292 1083 1385 1145 illum
1414 1083 1525 1166 polum

373 1184 470 1246 nobis
499 1184 666 1266 objectum
695 1195 728 1249 et
755 1205 814 1268 per
840 1185 911 1266 ejus
938 1188 1141 1269 oppositum,
1164 1187 1315 1251 dividens
1348 1188 1461 1250 lunam
1493 1188 1526 1250 in

372 1288 456 1351 duas
481 1288 684 1366 medietates,
705 1310 743 1352 ac
765 1290 794 1352 si
818 1302 1006 1354 moveretur
1028 1311 1087 1372 per
1104 1302 1258 1373 quartam
1281 1292 1380 1355 lunae
1402 1290 1443 1354 a¹
1464 1292 1525 1354 cir-

371 1392 585 1456 cumferentia
611 1394 700 1457 basis
727 1394 911 1476 pyramidis
933 1394 1067 1458 visualis
1095 1414 1266 1477 usquequo
1297 1396 1355 1459 fiat
1385 1395 1524 1459 colurus

371 1494 518 1578 Quando
539 1517 618 1579 ergo
640 1498 701 1561 erit
724 1498 862 1573 colurus,
878 1507 956 1562 tunc
978 1510 1112 1580 oportet
1133 1501 1224 1581 quod
1249 1498 1319 1581 ejus
1341 1498 1524 1582 gibbositas

370 1621 430 1663 nos
446 1601 547 1666 lateat
563 1613 699 1686 propter
714 1603 968 1683 intemperatam
984 1605 1186 1678 distantiam,
1198 1613 1233 1668 et
1247 1605 1422 1686 apparebit
1438 1603 1524 1668 linea

370 1715 467 1768 recta.
514 1704 581 1769 Sed
597 1717 676 1770 ante
693 1727 780 1785 non;
804 1709 963 1788 quoniam
979 1727 1111 1788 semper
1126 1707 1217 1790 prius
1233 1708 1293 1771 luit
1314 1727 1409 1771 arcus
1429 1709 1524 1770 unius

369 1810 629 1890 aequidistantis,
638 1820 671 1874 et
682 1821 792 1892 partes
802 1811 1084 1876 circumferentiae
1093 1812 1524 1893 aequidistantiumhabent

369 1914 511 1976 eundem
528 1915 626 1978 situm
645 1926 795 1999 respectu
818 1915 915 1980 oculi.
961 1915 1064 1979 Nulla
1086 1917 1174 1980 enim
1199 1917 1306 1999 magis
1328 1917 1455 1980 accedit
1477 1919 1522 1981 ad

368 2017 500 2082 oculum
516 2039 618 2100 quam
633 2021 707 2097 alia,
722 2030 760 2084 ut
776 2019 865 2104 prius
880 2022 988 2084 visum
1005 2031 1065 2084 est.

412 2120 626 2205 Quapropter
647 2145 668 2188 a
689 2124 796 2206 prima
822 2125 1062 2188 illuminatione
1088 2122 1196 2199 lunae,
1216 2144 1389 2206 usquequo
1412 2125 1522 2206 portio

369 2225 456 2290 basis
478 2228 660 2309 pyramidis
681 2230 790 2291 veniat
813 2230 855 2292 ad
879 2228 990 2293 locum
1014 2228 1127 2306 coluri,
1147 2229 1208 2292 erit
1230 2248 1362 2310 semper
1382 2229 1521 2293 arcualis

366 2340 400 2392 et
416 2331 449 2393 in
464 2351 499 2392 se
514 2340 549 2394 et
568 2333 748 2395 secundum
761 2331 923 2415 judicium
939 2335 1039 2396 visus.
1086 2331 1153 2396 Sed
1169 2333 1302 2414 quando
1323 2332 1357 2393 in
1377 2331 1520 2412 septima

365 2435 420 2497 die
442 2435 550 2498 veniet
577 2437 620 2499 ad
645 2434 756 2498 locum
784 2437 899 2512 coluri,
922 2445 1057 2519 oportet
1078 2436 1168 2518 quod
1194 2443 1353 2518 appareat
1375 2435 1459 2496 visui
1485 2436 1519 2498 in

366 2536 453 2601 linea
478 2549 568 2602 recta
598 2550 757 2622 tanquam
785 2542 947 2604 diameter
972 2539 1155 2624 superficiei
1184 2540 1289 2614 lunae,
1311 2557 1397 2620 quae
1421 2540 1518 2602 nobis

365 2641 465 2726 plana
481 2653 628 2726 apparet.
671 2643 717 2708 Et
732 2655 810 2708 tunc
828 2665 904 2709 cum
926 2647 968 2708 sit
990 2648 1021 2708 in
1043 2645 1147 2709 altera
1167 2643 1345 2705 medietate
1363 2642 1460 2706 lunae
1480 2641 1519 2706 fit

365 2747 483 2810 iterum
507 2747 655 2826 arcualis,
674 2749 752 2831 quia
768 2749 839 2829 jam
861 2751 990 2813 accedit
1012 2749 1054 2813 ad
1077 2757 1230 2812 naturam
1253 2746 1518 2828 aequidistantis.

367 2849 413 2913 Et
435 2853 589 2933 quoniam
614 2862 665 2916 est
688 2872 783 2916 arcus
807 2854 1061 2936 aequidistantis
1090 2872 1193 2934 prope
1218 2849 1380 2931 majorem
1408 2852 1518 2934 aequi·

365 2954 570 3032 distantium,
587 2976 718 3020 necesse
734 2967 785 3021 est
804 2959 895 3038 quod
918 2959 990 3039 ejus
1012 2956 1201 3021 concavitas
1216 2956 1260 3018 sit
1274 2975 1388 3018 versus
1403 2953 1516 3020 solem.

367 3060 405 3122 In
431 3060 486 3124 illa
510 3063 596 3125 enim
622 3065 800 3127 medietate
824 3064 923 3127 lunae
946 3085 1014 3128 non
1039 3073 1150 3145 posset
1174 3070 1269 3125 tanta
1291 3063 1516 3143 aequidistans

364 3163 537 3247 designari,
553 3166 646 3247 cujus
665 3167 848 3248 gibbositas
868 3169 913 3232 sit
928 3188 1041 3232 versus
1060 3167 1175 3243 solem,
1191 3167 1274 3229 bene
1296 3167 1385 3228 enim
1404 3175 1517 3248 posset

363 3267 397 3329 in
424 3289 525 3350 parva
555 3270 805 3352 aequidistante,
827 3281 865 3334 ut
891 3282 985 3353 patet
1014 3268 1233 3334 consideranti
1243 3267 1265 3330 ².
1311 3268 1358 3332 Et
1383 3269 1410 3332 si
1437 3279 1516 3335 tunc

394 3399 404 3428 ¹
420 3403 477 3453 The
493 3405 576 3466 ldagd.
591 3405 645 3455 MS.
659 3407 706 3454 has
722 3407 754 3454 ad
766 3407 1004 3469 circumferentiam,
1017 3407 1064 3455 but
1075 3405 1172 3466 clearly
1183 3405 1228 3453 the
1245 3405 1302 3453 first
1313 3404 1418 3466 quanter
1428 3405 1458 3453 os
1471 3406 1515 3454 the

363 3479 478 3530 lunation
490 3481 512 3531 is
523 3483 602 3546 being
613 3485 757 3543 described,
770 3491 815 3532 not
826 3487 871 3533 the
883 3485 979 3535 fourth.

394 3558 405 3589 ²
420 3560 484 3610 This
500 3562 522 3610 is
539 3563 584 3611 the
603 3564 711 3625 reading
726 3563 756 3611 ol
772 3563 838 3627 Reg.
874 3564 959 3626 Magd.
976 3565 1023 3612 has
1039 3563 1122 3624 ‘quod
1139 3562 1195 3623 ejus
1212 3561 1353 3622 gibbositas
1369 3561 1404 3609 sit
1421 3577 1514 3611 versus

361 3639 458 3691 solem:
479 3640 505 3687 in
524 3641 566 3689 illa
584 3642 653 3690 enim
673 3642 810 3691 medietate
828 3643 904 3691 lunae
923 3649 1011 3706 posset
1028 3642 1202 3703 aequidistans
1220 3648 1271 3688 tam
1290 3656 1368 3702 parva
1387 3641 1514 3701 assignari

361 3717 430 3778 quod
451 3719 506 3779 ejus
528 3721 675 3768 concavitas
694 3721 729 3768 sit
747 3735 837 3770 versus
857 3719 956 3769 solem?
988 3719 1044 3767 lhe
1064 3734 1173 3780 passage
1194 3718 1216 3766 is
1235 3720 1379 3767 somewhat
1396 3719 1512 3767 obscure.

362 3795 462 3858 During
481 3798 525 3846 the
546 3799 602 3847 litat
619 3807 725 3861 quarter
744 3800 807 3849 both
827 3815 919 3849 curves
939 3799 970 3848 ol
984 3800 1029 3847 the
1049 3797 1209 3846 illuminated
1228 3796 1331 3846 sursace
1350 3811 1395 3845 are
1412 3811 1512 3846 convex

360 3875 475 3923 towards
487 3876 532 3924 the
543 3891 600 3926 sun.

394 3952 506 4002 Bacon's
523 3955 687 4016 explanation
705 3957 735 4005 ol
748 3958 792 4006 the
810 3954 912 4005 moon's
926 3956 1020 4018 pheses
1032 3956 1054 4002 is
1065 3954 1225 4003 remarkable
1241 3969 1270 4001 as
1283 3969 1298 4000 a
1311 3954 1385 4015 piece
1401 3953 1431 4002 ol
1443 3953 1512 4002 lucid

358 4032 505 4094 exposition
527 4033 668 4082 addressed
693 4041 719 4082 to
741 4051 757 4083 a
777 4035 900 4096 vigemus
920 4034 1036 4083 intellect
1057 4034 1122 4081 with
1144 4032 1209 4081 such
1233 4033 1393 4092 elementary
1414 4033 1512 4079 mathe-

359 4110 458 4160 matical
473 4111 629 4174 knowledge
644 4128 674 4161 as
691 4129 734 4162 we
753 4129 813 4176 may
829 4127 944 4175 suppose
962 4113 1035 4174 Pope
1051 4113 1171 4161 Clement
1183 4111 1219 4159 1v
1234 4118 1261 4159 to
1278 4111 1344 4158 have
1362 4112 1511 4171 possessed.

358 4189 380 4237 lt
399 4189 453 4238 will
472 4190 506 4238 be
523 4190 603 4238 noted
623 4191 677 4240 that
696 4192 740 4240 the
760 4191 847 4240 whole
871 4190 1031 4254 description
1054 4192 1077 4238 is
1096 4191 1208 4251 brought
1228 4190 1254 4237 in
1277 4195 1304 4236 to
1328 4187 1455 4235 illustrate
1477 4203 1510 4235 an

357 4281 430 4314 error
451 4267 481 4316 ol
497 4269 581 4316 vision
605 4269 700 4318 caused
722 4270 758 4331 by
778 4270 908 4318 distance:
930 4268 1041 4330 namely,
1065 4270 1121 4317 that
1140 4284 1156 4316 a
1178 4267 1255 4317 circle
1276 4282 1306 4314 or
1322 4265 1464 4312 hall-circle
1482 4266 1509 4313 in

357 4344 400 4391 the
423 4342 501 4406 plane
522 4346 552 4393 ol
571 4346 615 4395 the
638 4361 688 4409 eye
707 4363 817 4409 appears
835 4363 851 4395 a
873 4347 985 4408 straight
1004 4348 1064 4396 line.
1103 4346 1160 4395 The
1182 4344 1342 4408 proposition
1365 4342 1413 4391 has
1431 4350 1458 4391 to
1477 4343 1509 4391 be

355 4423 476 4482 qualified
493 4424 527 4484 by
539 4424 632 4486 noting
643 4425 697 4473 that
712 4426 756 4472 the
774 4425 877 4473 illusion
895 4425 960 4474 does
971 4432 1019 4474 not
1030 4425 1089 4473 talre
1102 4424 1175 4487 place
1192 4429 1286 4486 except
1296 4423 1381 4470 under
1391 4422 1437 4469 the
1448 4437 1510 4470 con·

354 4498 436 4548 dition
451 4500 481 4548 ol
493 4501 609 4550 distance
621 4502 770 4555 tdistantiae
785 4503 984 4558 immoderatio).

383 4581 440 4627 'lhe
463 4597 510 4630 use
532 4583 562 4631 of
581 4584 626 4632 the
642 4585 731 4632 words
748 4585 952 4646 aequidistantes
969 4585 1010 4633 lor
1028 4584 1096 4633 lines
1116 4583 1222 4647 parallel
1242 4590 1269 4632 to
1288 4583 1333 4631 the
1355 4589 1464 4643 aquator
1482 4582 1513 4630 ol

350 4673 366 4706 a
383 4659 485 4720 sphere,
504 4662 586 4721 major
602 4662 827 4724 aequidistantium
847 4662 888 4711 lor
905 4664 949 4712 the
969 4671 1079 4725 equator
1095 4663 1147 4712 and
1167 4662 1248 4712 coluri
1268 4662 1309 4711 sor
1326 4669 1400 4723 great
1417 4661 1509 4709 circles
