3542 5359
372 614 434 691 396
585 614 741 674 OPERIS
764 613 955 684 MAJORIS
979 615 1095 675 PARS
1119 615 1317 675 SEPTIMA.

374 784 508 864 Christi,
523 794 560 849 ut
581 786 625 850 de
647 787 748 850 beata
766 786 932 850 Trinitate
955 795 990 850 et
1015 787 1253 851 resurrectione
1275 797 1309 851 et
1330 786 1411 852 aliis.
1457 786 1526 852 Sed

373 890 456 953 haec
477 910 544 952 non
567 889 731 954 habentur
750 910 809 972 per
829 891 939 972 legem
961 891 1082 973 Moysi,
1100 911 1161 955 nec
1184 912 1242 974 per
1266 891 1526 968 Machometum,

375 1002 412 1057 ut
436 993 572 1075 planum
593 1004 653 1058 est.
700 993 792 1078 Ergo
812 993 868 1057 lex
890 994 1012 1059 Christi
1033 993 1189 1078 praeferri
1211 995 1321 1059 debet.
1368 994 1436 1059 Sed
1451 995 1526 1059 talis

374 1107 426 1161 est
449 1098 652 1180 divulganda
676 1117 737 1180 per
760 1099 931 1173 mundum,
958 1107 995 1161 ut
1018 1110 1186 1163 ostensum
1211 1111 1262 1162 est
1290 1099 1389 1182 prius.
1435 1099 1526 1182 Ergo

374 1212 506 1283 oportet
522 1211 559 1266 ut
575 1202 656 1266 haec
671 1201 714 1265 sit
730 1201 786 1265 lex
806 1200 1003 1266 Christiana.

206 1320 305 1397 Spectet
418 1305 562 1370 Probato
582 1306 671 1388 quod
693 1306 751 1368 lex
772 1304 962 1370 Christiana
982 1305 1053 1370 sola
1075 1307 1221 1371 tenenda
1239 1317 1299 1385 est,
1314 1318 1394 1371 tunc
1411 1317 1527 1389 patent

205 1401 331 1435 examma·
373 1430 490 1475 omnes
504 1410 575 1492 ejus
594 1408 733 1473 articuli.
778 1410 869 1474 Nam
884 1410 910 1474 si
926 1421 1034 1476 totum
1053 1413 1268 1494 approbatur,
1286 1421 1419 1494 oportet
1434 1413 1524 1493 quod

205 1451 350 1567 dicutriiihe
374 1515 541 1597 quaelibet
556 1514 628 1595 ejus
644 1534 720 1596 pars
738 1514 949 1578 concedatur.
995 1514 1110 1597 Quum
1130 1524 1240 1578 tamen
1265 1515 1349 1578 alius
1370 1514 1526 1578 articulus

206 1583 345 1700 {lilim
374 1620 506 1683 videtur
528 1619 693 1682 humanae
715 1617 885 1701 fragilitati
909 1621 1027 1701 gravis,
1053 1621 1207 1703 eoquod
1233 1621 1370 1700 quidam
1393 1629 1525 1703 negant,

374 1733 408 1786 et
423 1723 494 1786 aliis
514 1733 565 1786 est
580 1723 732 1797 dubium,
747 1723 804 1785 alii
824 1743 902 1785 cum
921 1722 1118 1788 difficultate
1136 1724 1307 1805 recipiunt,
1324 1723 1524 1805 quibusdam

374 1827 492 1890 durum
511 1827 650 1902 videtur,
665 1826 719 1890 alii
738 1827 931 1908 imperfecte
948 1828 1105 1907 sentiunt,
1121 1828 1217 1910 pauci
1236 1828 1279 1891 de
1299 1826 1384 1890 facili
1401 1836 1525 1890 etcum

375 1931 473 2012 plena
488 1951 570 2013 pace
585 1941 619 1995 et
633 1930 799 1995 suavitate
811 1932 913 1995 animi
926 1942 1061 2009 tenent;
1085 1941 1119 1995 et
1132 1940 1183 1995 est
1194 1932 1259 1995 hoc
1272 1930 1524 1995 Sacramentum

372 2034 510 2112 AltariS,
532 2034 619 2099 circa
640 2035 741 2117 quod,
755 2038 938 2100 secundum
953 2035 1168 2117 Apostolum,
1187 2035 1282 2099 multi
1305 2044 1382 2098 sunt
1405 2033 1525 2096 infirmi

374 2150 408 2204 et
424 2139 603 2203 imbecilles
623 2149 657 2202 et
672 2139 839 2203 dormiunt
856 2139 972 2217 multi;
996 2140 1072 2202 ideo
1092 2141 1178 2204 circa
1195 2139 1259 2202 hoc
1280 2139 1419 2221 dignum
1440 2138 1523 2201 duxi

373 2243 542 2327 negotiari,
557 2253 594 2307 ut
614 2245 808 2308 ostendatur
828 2245 919 2326 quod
941 2253 990 2307 est
1010 2245 1217 2307 verissimum
1238 2253 1273 2308 et
1293 2243 1524 2322 certissimum,

373 2349 463 2430 quod
479 2349 580 2411 debet
594 2348 826 2411 ardentissime
840 2349 1018 2412 desiderari
1035 2358 1068 2412 et
1085 2348 1321 2412 instantissime
1337 2348 1416 2430 peti,
1432 2349 1523 2428 quod

373 2452 611 2516 ferventissime
625 2452 786 2515 debemus
805 2461 994 2533 expectare,
1009 2473 1084 2515 cum
1101 2453 1192 2515 omni
1209 2453 1390 2516 reverentia
1405 2451 1524 2530 colere,

374 2576 449 2621 cum
467 2555 590 2638 gaudio
611 2564 644 2618 et
664 2556 840 2619 devotione
859 2566 980 2630 tenere,
1003 2555 1069 2620 fide
1087 2556 1270 2620 certissima
1294 2554 1526 2637 contemplari,

372 2660 474 2742 quod,
498 2660 524 2723 si
552 2678 619 2723 non
641 2669 739 2739 esset,
765 2660 1016 2743 diligentissime
1042 2683 1062 2724 a
1090 2661 1165 2724 Deo
1192 2661 1370 2742 impetrari,
1395 2670 1429 2724 et
1456 2679 1524 2724 non

372 2764 641 2846 corruptibilibus
655 2784 737 2827 auro
758 2773 793 2828 et
807 2776 946 2847 argento
961 2766 1038 2842 emi,
1054 2766 1112 2829 sed
1128 2765 1197 2828 vita
1212 2774 1246 2828 et
1263 2775 1369 2828 morte
1380 2762 1410 2826 ¹:
1432 2764 1523 2847 quod

372 2870 400 2931 si
426 2867 524 2932 fuerit
552 2879 586 2932 et
617 2868 794 2951 ignoretur,
820 2869 921 2932 debet
951 2871 1065 2933 statim
1091 2888 1166 2933 cum
1194 2869 1390 2950 proponitur
1414 2869 1523 2951 recipi,

374 2973 478 3037 immo
493 2973 565 3054 rapi
580 2973 624 3036 de
638 2992 695 3035 ore
711 2973 915 3054 proferentis,
928 2973 1031 3036 immo
1047 2973 1117 3037 sine
1132 2974 1270 3037 doctore
1285 2973 1358 3036 sciri
1374 2982 1408 3035 et
1419 2974 1524 3036 amari

372 3098 471 3159 super
494 3078 617 3151 omnia,
644 3088 681 3141 ut
706 3077 807 3140 homo
831 3075 936 3141 fidelis
961 3077 1042 3140 nihil
1066 3077 1155 3141 aliud
1179 3077 1326 3160 gaudeat
1354 3077 1437 3142 scire
1463 3097 1524 3142 nec

370 3180 513 3256 habere3
538 3181 705 3262 quoniam,
724 3181 786 3246 hoc
805 3183 899 3258 scito,
914 3182 1062 3246 sciuntur
1075 3182 1187 3244 omnia
1209 3201 1295 3263 quae
1316 3182 1359 3245 ad
1382 3181 1524 3245 salutem

373 3286 560 3366 pertinent3
583 3285 647 3348 hoc
663 3286 814 3367 ignorato
829 3288 942 3349 omnia
958 3286 1167 3369 ignorantur3
1190 3285 1253 3350 hoc
1269 3284 1394 3361 habito,
1410 3287 1524 3351 omnia

374 3388 546 3468 habentur,
561 3398 596 3452 et
609 3409 677 3471 quo
692 3391 747 3472 qui
767 3399 858 3454 caret
878 3389 960 3453 nihil
982 3392 1186 3455 convincitur
1209 3390 1387 3473 possidere.
1433 3390 1523 3472 Quia

373 3494 475 3574 igitur
493 3493 556 3556 hoc
578 3513 696 3574 sapere
716 3495 936 3558 necessarium
955 3504 1007 3558 est
1026 3495 1170 3572 cuilibet,
1192 3515 1267 3559 cum
1291 3505 1403 3558 tamen
1426 3495 1524 3558 multi

373 3598 526 3679 ignorant
538 3596 601 3660 hoc
615 3595 877 3676 Sacramentum,
888 3597 953 3677 alii,
965 3600 1099 3681 quando
1111 3608 1347 3663 convertuntur
1357 3601 1400 3663 ad
1412 3597 1524 3680 fidem,

372 3701 426 3766 hic
450 3703 625 3766 turbantur
651 3702 757 3784 magis
783 3723 883 3784 quam
914 3702 1001 3781 alibi,
1026 3703 1122 3766 multi
1150 3703 1337 3782 Christiani,
1362 3705 1419 3786 qui
1446 3724 1523 3770 cum

371 3826 470 3870 sensu
485 3806 632 3870 humano
643 3807 793 3869 nituntur
805 3807 953 3889 judicare
969 3808 1011 3871 de
1025 3808 1156 3884 divinis,
1169 3808 1316 3872 titubant
1331 3818 1389 3871 aut
1401 3809 1524 3892 imper-

371 3911 448 3975 fecti
472 3920 567 3988 sunt3
595 3912 671 3974 ideo
694 3912 864 3991 quomodo
889 3921 924 3974 et
954 3911 1143 3976 infidelibus
1173 3922 1207 3976 et
1238 3912 1433 3977 Christianis
1464 3912 1525 3978 fiat

371 4016 554 4080 certissima
570 4016 736 4097 persuasio
750 4016 793 4080 de
808 4014 870 4078 hac
884 4016 1023 4079 veritate
1042 4017 1208 4098 optimum
1231 4027 1282 4080 est
1304 4019 1523 4084 considerare.

371 4120 498 4183 Ponam
521 4121 621 4204 igitur
646 4120 774 4184 radices
800 4119 898 4202 hujus
925 4122 1144 4202 persuasionis
1174 4123 1355 4186 secundum
1380 4124 1524 4205 gratiam

371 4225 451 4287 mihi
467 4225 591 4288 datam.

203 4340 358 4420 lffrootssrom
416 4328 522 4411 Igitur
536 4329 626 4411 quod
642 4328 685 4393 sit
696 4328 913 4406 verissimum,
925 4329 1049 4396 scilicet
1064 4331 1155 4414 quod
1172 4331 1205 4394 in
1222 4331 1285 4396 hoc
1303 4330 1524 4398 Sacramento

203 4408 328 4470 ³⁰¹¹Pl¹¹¹⁸
372 4430 537 4495 Dominus
565 4430 663 4512 Jesus
692 4443 743 4496 est
771 4453 868 4496 verus
899 4432 992 4498 Deus
1024 4445 1058 4499 et
1088 4456 1183 4499 verus
1207 4435 1309 4500 homo
1334 4436 1525 4500 ostenditur

203 4472 251 4519 and
264 4471 328 4522 from

201 4536 326 4653 5332(
371 4537 478 4618 primo
504 4555 563 4619 per
588 4536 820 4618 probationem
852 4537 957 4602 totius
987 4547 1098 4603 sectae
1128 4538 1356 4618 Christianae;
1387 4551 1525 4604 etcum

200 4665 243 4717 the
248 4668 357 4721 Choreb.
502 4665 511 4694 ¹
528 4667 606 4716 debet
617 4682 701 4717 seems
712 4669 837 4731 wanting,
849 4669 896 4718 but
907 4670 929 4719 is
941 4670 1051 4732 delayed
1063 4671 1100 4720 till
1112 4671 1157 4722 the
1168 4678 1232 4720 next
1243 4671 1338 4721 clause.
