3542 5359
386 625 718 687 PERSPECTIVAE
741 626 857 687 PARS
881 626 1042 685 PRIMA:
1076 626 1184 685 DIST.
1211 626 1263 685 IX.
1359 624 1401 703 65

247 790 350 856 rarior
373 811 475 873 quam
502 798 599 856 extra
623 810 736 855 casum
759 790 851 864 lucis,
871 790 950 873 quia
973 788 1035 853 lux
1059 788 1209 854 rarefacit
1232 812 1341 855 aerem
1364 800 1401 854 ut

246 906 382 979 generat
404 896 570 971 calorem3
600 895 689 959 calor
711 895 800 959 enim
824 914 891 958 non
913 904 1089 977 generatur
1108 894 1170 957 nisi
1194 916 1238 959 ex
1259 893 1400 959 rarefac-

246 1002 347 1065 tione.
393 1000 439 1065 Et
453 1001 508 1063 hic
528 998 629 1082 aliqui
643 1000 754 1063 conati
768 1009 847 1063 sunt
864 999 1047 1078 ostendere,
1061 999 1151 1080 quod
1166 998 1314 1063 densitas
1333 1018 1400 1062 non

247 1104 394 1188 exigitur
415 1104 448 1167 in
470 1104 663 1186 corporibus
686 1102 866 1179 luminosis,
889 1105 978 1167 unde
1001 1104 1178 1167 aestimant
1199 1102 1312 1167 stellas
1333 1123 1401 1166 non

247 1228 320 1273 esse
341 1210 469 1287 densas,
486 1208 573 1272 sicut
595 1228 654 1271 nec
677 1207 783 1271 orbes.
829 1206 899 1271 Sed
920 1215 1056 1289 propter
1079 1207 1217 1271 nimium
1240 1206 1400 1291 fulgorem

247 1310 331 1375 lucis
352 1312 466 1377 dicunt
488 1311 578 1394 quod
600 1312 691 1375 visus
714 1331 780 1375 non
803 1319 916 1393 potest
938 1332 995 1374 eos
1015 1321 1197 1394 penetrare,
1215 1312 1274 1375 sed
1297 1331 1402 1375 rever-

247 1416 382 1479 beratur
396 1426 455 1481 aut
470 1414 581 1480 deficit
597 1436 640 1480 ex
657 1416 828 1480 nimietate
842 1414 1037 1496 splendoris.
1069 1414 1273 1498 Exemplum
1288 1424 1401 1480 autem

249 1523 293 1584 de
307 1521 400 1585 radio
418 1520 557 1585 cadente
572 1542 632 1604 per
647 1519 826 1585 fenestram
846 1520 984 1585 solvitur
1003 1521 1179 1597 evidenter,
1195 1532 1231 1586 ut
1252 1522 1401 1603 superius

247 1634 376 1689 tactum
397 1634 456 1690 est
503 1624 592 1689 Nam
616 1646 681 1688 non
701 1635 752 1689 est
774 1624 816 1689 de
835 1646 872 1689 se
888 1625 1015 1687 visibile
1035 1644 1095 1689 nec
1112 1625 1218 1689 visum
1238 1626 1402 1701 terminat,

248 1730 307 1795 sed
335 1731 472 1794 densum
500 1730 716 1793 circumstans
742 1730 900 1793 terminat
922 1728 1037 1805 visum,
1057 1738 1092 1792 et
1118 1748 1185 1793 non
1213 1730 1340 1794 radius:
1373 1728 1402 1792 si

248 1834 335 1899 enim
360 1854 425 1897 non
449 1843 537 1896 esset
558 1833 699 1897 densum
723 1831 810 1896 ultra
833 1831 926 1896 illum
950 1853 1016 1898 non
1037 1833 1211 1907 videretur,
1234 1835 1318 1897 sicut
1341 1854 1403 1898 nec

248 1959 305 2003 aer
329 1938 456 2002 lucidus
480 1945 578 2001 extra
600 1937 739 2013 videtur,
762 1937 824 1999 nisi
849 1955 908 2018 per
933 1936 1131 2001 densitatem
1157 1937 1240 2002 coeli
1265 1936 1403 2019 alicujus

248 2044 453 2108 terminetur.
490 2042 634 2107 Accedit
652 2053 764 2107 tamen
783 2043 827 2106 ad
844 2041 1005 2123 majorem
1025 2040 1276 2106 sensibilitatem
1296 2063 1353 2106 aer
1370 2042 1403 2105 in

249 2146 400 2223 fenestra,
415 2134 493 2230 quia
511 2156 699 2213 coarctatur
716 2148 750 2209 in
770 2145 875 2227 ligura
895 2145 1114 2210 determinata
1135 2156 1270 2229 propter
1290 2156 1404 2229 partes

250 2250 423 2324 fenestrae,
453 2260 487 2315 et
510 2262 632 2316 terram
662 2253 706 2316 ad
733 2270 834 2333 quam
858 2250 957 2314 cadit.
1004 2250 1081 2313 Non
1104 2260 1154 2314 est
1176 2270 1257 2334 ergo
1278 2250 1403 2315 visibile

250 2356 311 2419 nisi
327 2356 522 2419 secundario
537 2366 570 2421 et
587 2376 654 2420 non
669 2356 787 2439 primo,
803 2374 864 2419 nec
879 2364 931 2419 est
948 2354 1074 2418 visibile
1089 2355 1132 2418 de
1151 2374 1220 2437 quo
1240 2354 1404 2437 loquimur

250 2462 324 2525 hoc.
340 2460 430 2543 quod
447 2460 568 2526 scilicet
580 2469 691 2545 potest
700 2461 744 2524 de
755 2480 790 2525 se
800 2459 915 2524 debita
926 2460 1086 2525 distantia
1098 2460 1206 2523 visum
1216 2462 1402 2526 terminare.

251 2564 298 2629 Et
321 2565 405 2630 sicut
427 2564 523 2646 hujus
545 2566 694 2647 exempli
717 2563 885 2628 intellectu
907 2564 977 2646 jam
1001 2564 1125 2629 falsitas
1148 2576 1333 2641 evacuatur,
1356 2567 1403 2631 sic

250 2678 384 2751 oportet
399 2670 441 2732 de
457 2667 514 2734 illo
529 2671 619 2752 quod
635 2667 834 2733 confirmant
850 2687 909 2748 per
921 2671 990 2747 jam
1011 2670 1136 2732 dictum
1152 2668 1343 2752 exemplum
1359 2671 1402 2733 de

249 2772 442 2857 corporibus
457 2772 636 2837 luminosis.
681 2772 770 2837 Nam
791 2782 971 2855 postquam
987 2772 1187 2836 antecedens
1202 2771 1321 2835 falsum
1342 2783 1402 2849 est,

251 2898 320 2941 non
341 2886 475 2961 oportet
496 2878 588 2961 quod
603 2877 756 2943 credatur
770 2876 1035 2959 consequentiae.
1081 2874 1263 2959 Superius¹
1277 2896 1357 2940 vero
1371 2877 1404 2940 in

251 2982 495 3046 mathematicis
510 2980 713 3046 declaratum
729 2983 883 3065 estquod
906 2981 1005 3046 orbes
1025 3000 1091 3043 non
1109 2989 1187 3043 sunt
1211 2979 1320 3058 lucidi,
1342 2982 1402 3045 sed

248 3086 348 3151 stella
369 3086 441 3150 sola
462 3096 599 3169 propter
621 3106 715 3149 suam
738 3087 949 3163 densitatem,
964 3094 1002 3148 ut
1024 3086 1106 3149 dicit
1121 3085 1296 3161 Averroes,
1318 3084 1402 3147 sicut

249 3191 296 3255 ibi
318 3200 470 3254 notatum
494 3200 554 3253 est.
601 3189 647 3252 Et
668 3188 745 3253 licet
768 3190 887 3253 nimius
908 3189 1016 3273 fulgor
1035 3188 1218 3254 confundat
1233 3189 1349 3267 visum,
1365 3199 1402 3253 ut

249 3303 345 3378 patet
366 3293 557 3377 aspiciendo
579 3295 622 3357 ad
645 3293 749 3357 solem
781 3294 814 3357 iu
835 3313 897 3355 sua
925 3295 1077 3377 puritate,
1100 3305 1212 3359 tamen
1243 3294 1307 3358 hoc
1336 3314 1403 3358 non

248 3396 400 3463 excludit
421 3396 619 3461 densitatem
649 3395 738 3474 solis,
760 3396 839 3479 quia
867 3397 1013 3461 densitas
1037 3409 1088 3463 est
1112 3419 1212 3464 causa
1238 3397 1403 3468 illumina·

250 3501 362 3576 tionis,
389 3510 425 3565 ut
455 3500 537 3565 dicit
558 3499 735 3577 Averroes‚
762 3508 862 3583 atque
892 3501 970 3564 luna
999 3512 1033 3566 et
1063 3503 1178 3567 stellae
1208 3501 1296 3567 fixae
1326 3522 1402 3568 cum

249 3605 454 3687 aspiciuntur
469 3624 536 3667 non
553 3604 760 3668 confundunt
774 3605 879 3669 visum
896 3625 939 3668 ex
960 3604 1063 3668 nimio
1081 3606 1265 3689 splendore.
1312 3607 1403 3690 Ergo

250 3710 340 3773 visus
355 3706 542 3793 penetrabit
559 3727 624 3786 eas,
640 3709 701 3771 nisi
717 3718 805 3773 esset
821 3708 967 3773 densitas
981 3728 1167 3793 corporum.

295 3814 353 3878 Ex
382 3814 446 3879 hoc
475 3825 588 3877 autem
623 3813 768 3897 capitulo
798 3822 892 3895 patet
928 3814 1014 3877 bene
1050 3815 1280 3891 consideranti,
1311 3818 1403 3897 quod

250 3927 384 4001 oportet
399 3918 506 3983 visum
523 3915 592 3980 fieri
606 3936 664 4001 per
679 3937 773 3980 suam
786 3918 930 3999 speciem
941 3916 1062 3981 factam
1074 3919 1117 3982 ad
1129 3919 1267 3984 visibile.
1313 3919 1403 3984 Nam

250 4023 277 4085 si
315 4021 527 4107 perspicuum
570 4041 673 4084 unum
710 4020 936 4086 continuatum
975 4022 1009 4084 in
1046 4022 1213 4104 superflua
1249 4024 1404 4088 distantia

250 4125 407 4190 terminat
421 4125 541 4199 visum,
557 4136 590 4190 et
606 4145 672 4189 non
692 4124 848 4189 terminat
869 4133 1006 4208 propter
1027 4126 1225 4191 densitatem
1246 4128 1403 4202 debitam,

249 4250 336 4313 quae
350 4230 533 4294 seeundum
549 4250 584 4294 se
600 4230 642 4295 sit
662 4229 825 4294 sensibilis
846 4230 878 4292 in
901 4230 991 4293 omni
1011 4230 1176 4305 distantia,
1190 4232 1248 4295 sed
1267 4242 1404 4314 propter

249 4333 458 4399 debilitatem
478 4334 600 4417 speciei
620 4333 717 4413 visus,
733 4354 819 4417 quae
846 4333 959 4400 deficit
978 4336 1021 4400 ad
1043 4335 1178 4399 nimiam
1198 4334 1404 4414 distantiam,

239 4486 489 4549 &euplus-uicorum
509 4486 535 4535 in
554 4486 721 4537 translatione
741 4488 863 4549 Boethii;
883 4496 911 4538 et
929 4488 1077 4538 Hessolana
1092 4487 1279 4538 astronomicus
1296 4488 1323 4538 in
1340 4490 1405 4541 libro

247 4566 282 4615 de
299 4566 385 4693 exis
402 4564 473 4614 orbis
489 4572 515 4612 et
532 4572 721 4615 commentator
738 4565 879 4616 Ptolemaei
896 4583 976 4630 super
991 4564 1150 4629 Alngest't’

284 4646 289 4669 ¹
359 4643 431 4706 .i.p.
444 4644 498 4692 120.

293 4736 376 4789 vol.
393 4736 432 4788 11.
817 4737 839 4787 F
