3542 5359
347 562 388 624 80
574 567 730 626 OPERIS
753 566 945 638 MAJORIS
968 566 1084 626 PARS
1108 568 1280 641 QUINTA.

348 728 455 808 lunae,
470 751 537 794 non
553 731 639 795 solis.
687 731 733 796 Et
753 731 818 795 hoc
835 732 939 797 modo
957 731 1076 797 accidit
1096 733 1138 797 de
1159 732 1284 797 stellis:
1307 732 1387 815 quia
1409 731 1501 796 multi

349 833 498 900 homines
514 835 627 900 vident
639 835 819 918 aliquando
834 832 960 914 Jovem,
974 836 1028 901 vel
1039 836 1214 914 Venerem,
1225 835 1278 901 vel
1291 836 1500 911 Mercurium,

349 943 383 998 et
406 945 542 1020 propter
564 936 840 1020 pulchritudinem
858 956 972 1001 earum
991 936 1132 1002 libenter
1145 936 1318 1021 aspiciunt,
1334 947 1369 1002 et
1384 937 1503 1003 dicitur

350 1039 395 1104 eis
412 1049 490 1103 tunc
506 1041 549 1104 ab
565 1041 763 1105 astronomis
780 1042 871 1122 quod
887 1040 962 1104 talis
984 1052 1034 1105 est
1056 1041 1115 1104 lux
1134 1041 1221 1106 illius
1236 1040 1362 1118 stellae,
1376 1051 1411 1106 et
1426 1041 1501 1106 talis

347 1144 489 1222 alterius,
513 1154 547 1208 et
570 1144 778 1229 perpendunt
800 1145 1019 1210 differentiam
1042 1146 1086 1208 ad
1109 1166 1250 1210 sensum.
1296 1144 1364 1209 Sed
1388 1144 1502 1230 elapso

347 1258 506 1332 ternpore,
537 1251 673 1330 quando
704 1248 784 1312 alias
814 1249 926 1312 vident
951 1268 1050 1312 unam
1077 1247 1205 1312 illarum
1231 1249 1411 1326 stellarum,
1437 1268 1502 1313 non

348 1353 537 1416 discernunt
560 1373 603 1416 an
627 1352 670 1416 sit
696 1351 755 1415 lux
785 1352 938 1416 Mercurii
961 1353 1014 1417 vel
1029 1352 1166 1417 Veneris
1187 1354 1238 1418 vel
1265 1353 1409 1431 alterius,
1426 1353 1504 1436 quia

346 1458 416 1540 jam
454 1457 662 1521 tradiderunt
699 1456 852 1520 oblivioni
898 1456 1170 1540 imaginationem
1221 1458 1301 1521 lucis
1350 1458 1502 1541 propriae

348 1560 523 1644 cujuslibet
550 1560 687 1625 illarum.

179 1669 336 1732 (2)Me¹1¹0u
393 1664 460 1730 Sed
476 1665 503 1729 si
515 1686 580 1729 non
593 1665 798 1730 tradiderunt
810 1665 965 1730 oblivioni
978 1666 1244 1749 imaginationem
1256 1667 1339 1732 lucis
1349 1666 1502 1751 propriae

180 1734 208 1782 ol
216 1741 273 1810 pest

178 1807 309 1850 sensation.

349 1769 527 1852 cujuslibet
551 1770 720 1833 stellarum
743 1770 832 1851 prius
861 1770 1015 1850 visarum,
1038 1781 1245 1852 cognoscunt
1270 1769 1360 1836 luces
1387 1789 1500 1834 earum

348 1873 536 1957 cognitione
565 1873 719 1951 secunda,
742 1893 828 1955 quae
858 1883 910 1938 est
940 1895 998 1957 per
1024 1874 1293 1939 similitudineml
1319 1877 1501 1939 secundum

349 1977 510 2043 Alhazen.
568 1977 613 2041 Et
643 1978 696 2041 hic
727 1979 844 2042 modus
873 1978 1071 2060 cognitionis
1100 1999 1166 2043 non
1195 1980 1305 2043 solum
1339 1988 1390 2044 est
1419 1980 1503 2043 circa

349 2083 494 2147 colorem
510 2091 543 2146 et
559 2082 675 2161 lucem,
691 2084 749 2147 sed
766 2084 850 2148 circa
865 2104 981 2147 omnes
1002 2105 1054 2147 res
1076 2084 1109 2147 in
1131 2085 1252 2166 quibus
1274 2084 1503 2166 distinguimus

350 2187 532 2252 universale
555 2208 575 2251 a
599 2185 795 2270 particulari,
820 2197 854 2252 et
880 2187 1088 2270 particularia
1113 2189 1157 2252 ab
1181 2188 1339 2266 invicem;
1363 2200 1401 2252 ut
1427 2209 1502 2253 curn

350 2293 446 2355 video
461 2290 628 2356 hominem
642 2312 742 2373 quern
759 2291 847 2374 prius
863 2292 939 2367 vidi,
954 2291 980 2354 si
1003 2291 1111 2356 habeo
1126 2291 1396 2374 imaginationem
1411 2295 1502 2374 quod

349 2397 439 2478 prius
477 2396 542 2458 vidi
580 2414 665 2468 eum,
703 2405 781 2459 tunc
819 2415 984 2479 cognosco
1018 2416 1087 2461 non
1122 2395 1231 2461 solum
1267 2396 1436 2461 hominem
1470 2397 1503 2460 iu

350 2499 526 2577 communi,
547 2499 606 2562 sed
630 2500 728 2563 istum
750 2498 982 2581 particularem
997 2520 1098 2582 quem
1119 2502 1162 2564 ab
1177 2501 1250 2564 aliis
1272 2501 1423 2564 discerno
1446 2521 1503 2583 per

350 2605 414 2668 hoc
446 2625 550 2688 genus
580 2604 801 2688 cognitionis;
838 2604 864 2666 si
896 2614 1008 2668 autem
1044 2605 1166 2669 tradidi
1201 2604 1370 2681 oblivioni,
1405 2605 1502 2669 video

351 2709 532 2788 hominem,
546 2710 604 2774 sed
625 2709 823 2791 nescioquis
840 2709 894 2772 sit.

395 2813 678 2879 Considerandum
702 2823 823 2886 autem,
847 2814 939 2895 quod
964 2833 1040 2877 cum
1067 2813 1194 2877 dictum
1224 2815 1389 2896 estquod
1415 2815 1504 2879 visus

350 2919 521 3000 cognoscit
547 2917 692 2983 colorem
717 2917 769 2980 vel
793 2917 899 2981 lucem
920 2916 1137 2981 universalem
1158 2916 1230 2981 solo
1252 2938 1359 2996 sensu,
1380 2929 1414 2982 et
1438 2939 1504 2982 nou

351 3023 595 3106 particularem,
611 3022 801 3087 excluditur
822 3022 1019 3105 particulare
1034 3024 1124 3104 quod
1140 3033 1191 3085 est
1214 3021 1350 3087 inferius
1365 3025 1398 3085 in
1417 3023 1505 3086 linea

352 3127 652 3211 praedicamentali,
695 3141 731 3192 ut
773 3128 900 3209 species
942 3126 1071 3192 coloris.
1133 3127 1257 3191 lterum
1296 3127 1504 3209 particularia

351 3233 481 3314 signata
497 3231 607 3312 specie
629 3231 775 3313 alicujus
791 3241 828 3294 ut
844 3231 904 3294 lux
926 3230 1014 3309 solis,
1029 3241 1064 3294 et
1086 3230 1146 3293 lux
1169 3230 1276 3307 lunae,
1300 3231 1378 3312 quia
1394 3230 1504 3295 forsan

352 3334 411 3398 lux
429 3354 494 3397 non
510 3334 611 3398 habet
627 3334 775 3420 species²
790 3337 849 3400 sed
866 3338 994 3413 modos,
1009 3335 1086 3418 quia
1101 3355 1216 3399 omnes
1232 3335 1320 3400 luces
1334 3335 1504 3399 stellarum

351 3460 372 3503 a
397 3438 467 3504 sole
498 3438 623 3503 oriente
648 3441 853 3523 proveniunt.
898 3440 965 3506 Sed
997 3460 1063 3504 non
1093 3440 1284 3503 excluditur
1309 3439 1503 3524 particulare

352 3564 483 3628 vagum,
506 3563 584 3608 nam
606 3544 688 3608 illud
711 3555 762 3608 est
785 3545 831 3608 ita
848 3565 1025 3609 commune
1047 3545 1131 3610 sicut
1151 3565 1247 3608 suum
1268 3545 1455 3608 universale
1469 3554 1503 3608 et

351 3648 551 3714 convertitur
566 3669 641 3712 cum
658 3669 707 3725 eo,
721 3659 759 3712 ut
778 3648 897 3732 aliquis
919 3647 1021 3728 color,
1044 3649 1155 3732 aliqua
1176 3649 1245 3727 lux,
1260 3649 1379 3730 aliquis
1393 3649 1505 3723 homo,

351 3750 469 3834 aliquis
499 3753 567 3816 bos.
626 3751 834 3836 Cognoscere
866 3773 945 3836 ergo
974 3751 1169 3817 universalia
1195 3754 1238 3817 ab
1261 3753 1399 3818 invicem
1425 3763 1460 3818 et
1484 3772 1506 3816 a

385 3885 394 3913 ¹
410 3886 459 3948 J.'s
476 3888 590 3950 reading,
609 3889 766 3948 sensibilem,
782 3891 903 3953 deprives
920 3891 966 3940 the
983 3906 1094 3952 passage
1110 3891 1141 3939 oi
1154 3890 1188 3939 its
1204 3891 1333 3952 meaning.
1365 3888 1506 3938 Alhazen's

353 3968 441 4016 words
452 3967 516 4015 with
528 3969 619 4028 regard
632 3973 658 4016 to
671 3969 722 4017 this
734 3968 799 4017 form
812 3984 843 4016 or
853 3970 950 4030 degree
963 3968 993 4017 oi
1001 3968 1158 4030 knowledge
1170 3983 1215 4017 are
1228 3968 1282 4030 (lib.
1295 3969 1321 4018 ii.
1333 3983 1388 4030 cap.
1401 3984 1423 4027 1,
1436 3972 1449 4026 i
1462 3969 1505 4030 11)

353 4045 491 4108 ‘Cognitio
506 4052 546 4093 est
560 4046 758 4108 comprehensio
774 4047 999 4096 consimilitudinis
1015 4047 1122 4097 duanam
1140 4046 1285 4106 formarum,
1296 4047 1395 4095 scilicet
1407 4046 1505 4095 formae

352 4140 428 4188 quam
445 4125 643 4187 comprehendit
654 4126 727 4174 visus
743 4127 811 4188 apud
830 4126 1015 4188 cognitionem,
1027 4133 1053 4174 et
1070 4125 1166 4173 formae
1183 4125 1250 4173 illius
1267 4125 1305 4172 rei
1315 4125 1386 4171 visae
1399 4124 1441 4171 vel
1455 4124 1506 4172 sibi

351 4204 442 4254 similis
456 4219 533 4265 quam
549 4203 786 4266 comprehendebat
802 4205 828 4252 in
846 4204 928 4267 prima
942 4204 1016 4253 vice:
1034 4211 1061 4252 et
1075 4212 1183 4266 propter
1198 4204 1248 4252 hoc
1261 4218 1315 4250 non
1330 4203 1379 4250 erit
1391 4203 1505 4263 cognitio

352 4283 402 4331 nisi
419 4297 467 4344 per
483 4281 741 4331 rememorationem!
777 4282 800 4331 lt
817 4284 838 4331 is
855 4299 870 4332 a
888 4283 1067 4332 ratiocinative
1083 4296 1196 4344 process,
1215 4280 1249 4330 he
1265 4295 1329 4341 goes
1345 4295 1380 4329 on
1397 4287 1425 4329 to
1442 4295 1491 4344 say
1497 4296 1506 4334 r

352 4360 397 4409 but
409 4359 621 4422 distinguishable
632 4360 698 4409 from
711 4361 755 4408 the
768 4361 836 4410 third
853 4363 950 4423 degree
961 4360 991 4408 oi
1004 4360 1050 4410 the
1063 4361 1167 4422 (modus
1177 4359 1295 4423 rationis)
1309 4359 1435 4420 knowing
1446 4374 1505 4422 pro·

352 4453 418 4500 cess,
432 4438 458 4486 in
471 4440 526 4488 that
537 4439 558 4486 it
568 4438 642 4488 takes
653 4437 725 4500 place
740 4440 807 4488 ‘non
816 4455 863 4502 per
874 4440 1050 4490 inductionem
1060 4439 1174 4488 omnium
1185 4437 1359 4488 intentionum
1368 4453 1434 4501 quae
1445 4444 1507 4487 sunt

351 4515 378 4564 in
390 4515 481 4574 forma,
492 4518 539 4566 sed
551 4532 597 4579 per
607 4517 699 4578 signa!

385 4592 396 4621 ¹
411 4595 513 4656 species
524 4609 608 4645 scenis
620 4595 684 4646 used
696 4596 759 4645 here
770 4596 797 4645 in
809 4595 843 4647 its
854 4596 977 4660 ordinary
988 4595 1157 4659 acceptation.
