<?xml version="1.0" encoding="UTF-8"?>
<!DOCTYPE html PUBLIC "-//W3C//DTD XHTML 1.0 Transitional//EN"
    "http://www.w3.org/TR/xhtml1/DTD/xhtml1-transitional.dtd">
<html xmlns="http://www.w3.org/1999/xhtml" xml:lang="en" lang="en">
 <head>
  <title>
</title>
<meta http-equiv="Content-Type" content="text/html;charset=utf-8" />
  <meta name='ocr-system' content='tesseract 3.04.00' />
  <meta name='ocr-capabilities' content='ocr_page ocr_carea ocr_par ocr_line ocrx_word'/>
</head>
<body>
  <div class='ocr_page' id='page_1' title='image "./opusmajusrogerb02bridgoog/opusmajusrogerb02bridgoog_0522.png"; bbox 0 0 3542 5359; ppageno 0'>
   <div class='ocr_carea' id='block_1_1' title="bbox 554 607 1378 685">
    <p class='ocr_par' dir='ltr' id='par_1_1' title="bbox 554 607 1378 685">
     <span class='ocr_line' id='line_1_1' title="bbox 554 607 1378 685; baseline 0.002 -19"><span class='ocrx_word' id='word_1_1' title='bbox 554 608 668 666; x_wconf 69' lang='lat' dir='ltr'>Pras</span> <span class='ocrx_word' id='word_1_2' title='bbox 695 608 875 666; x_wconf 80' lang='lat' dir='ltr'><em>TERTIA:</em></span> <span class='ocrx_word' id='word_1_3' title='bbox 911 607 1000 668; x_wconf 79' lang='lat' dir='ltr'>cAP.</span> <span class='ocrx_word' id='word_1_4' title='bbox 1024 607 1050 667; x_wconf 87' lang='lat'>1.</span> <span class='ocrx_word' id='word_1_5' title='bbox 1318 622 1378 685; x_wconf 77' lang='lat'>503</span> 
     </span>
    </p>
   </div>
   <div class='ocr_carea' id='block_1_2' title="bbox 218 767 1378 4189">
    <p class='ocr_par' dir='ltr' id='par_1_2' title="bbox 224 767 1378 1165">
     <span class='ocr_line' id='line_1_2' title="bbox 226 767 1377 852; baseline 0.003 -23"><span class='ocrx_word' id='word_1_6' title='bbox 226 767 365 847; x_wconf 88' lang='lat' dir='ltr'>sionem,</span> <span class='ocrx_word' id='word_1_7' title='bbox 380 780 417 832; x_wconf 92' lang='lat' dir='ltr'>ut</span> <span class='ocrx_word' id='word_1_8' title='bbox 432 769 512 835; x_wconf 90' lang='lat' dir='ltr'>dicit</span> <span class='ocrx_word' id='word_1_9' title='bbox 526 767 736 837; x_wconf 85' lang='lat' dir='ltr'>Aristoteles.</span> <span class='ocrx_word' id='word_1_10' title='bbox 782 769 838 832; x_wconf 85' lang='lat' dir='ltr'>Ex</span> <span class='ocrx_word' id='word_1_11' title='bbox 854 770 974 852; x_wconf 90' lang='lat' dir='ltr'>quibus</span> <span class='ocrx_word' id='word_1_12' title='bbox 993 770 1149 835; x_wconf 89' lang='lat' dir='ltr'>omnibus</span> <span class='ocrx_word' id='word_1_13' title='bbox 1171 778 1264 852; x_wconf 88' lang='lat' dir='ltr'>patet</span> <span class='ocrx_word' id='word_1_14' title='bbox 1286 770 1377 851; x_wconf 90' lang='lat' dir='ltr'>quod</span> 
     </span>
     <span class='ocr_line' id='line_1_3' title="bbox 224 872 1378 954; baseline 0.001 -19"><span class='ocrx_word' id='word_1_15' title='bbox 224 872 350 954; x_wconf 90' lang='lat' dir='ltr'>species</span> <span class='ocrx_word' id='word_1_16' title='bbox 376 874 409 935; x_wconf 90' lang='lat' dir='ltr'>in</span> <span class='ocrx_word' id='word_1_17' title='bbox 432 875 552 952; x_wconf 88' lang='lat' dir='ltr'>medio,</span> <span class='ocrx_word' id='word_1_18' title='bbox 573 894 640 938; x_wconf 90' lang='lat' dir='ltr'>non</span> <span class='ocrx_word' id='word_1_19' title='bbox 660 872 783 940; x_wconf 81' lang='lat' dir='ltr'>iaciens</span> <span class='ocrx_word' id='word_1_20' title='bbox 805 874 1043 939; x_wconf 86' lang='lat' dir='ltr'>dimensionem</span> <span class='ocrx_word' id='word_1_21' title='bbox 1066 874 1150 938; x_wconf 90' lang='lat' dir='ltr'>inter</span> <span class='ocrx_word' id='word_1_22' title='bbox 1173 874 1275 938; x_wconf 88' lang='lat' dir='ltr'>latera</span> <span class='ocrx_word' id='word_1_23' title='bbox 1296 873 1378 954; x_wconf 88' lang='lat' dir='ltr'>ejus,</span> 
     </span>
     <span class='ocr_line' id='line_1_4' title="bbox 225 977 1377 1059; baseline 0.001 -21"><span class='ocrx_word' id='word_1_24' title='bbox 225 996 295 1039; x_wconf 87' lang='lat' dir='ltr'>non</span> <span class='ocrx_word' id='word_1_25' title='bbox 323 989 434 1059; x_wconf 88' lang='lat' dir='ltr'>potest</span> <span class='ocrx_word' id='word_1_26' title='bbox 458 977 580 1041; x_wconf 90' lang='lat' dir='ltr'>habere</span> <span class='ocrx_word' id='word_1_27' title='bbox 602 978 703 1043; x_wconf 89' lang='lat' dir='ltr'>aliam</span> <span class='ocrx_word' id='word_1_28' title='bbox 725 978 967 1042; x_wconf 82' lang='lat' dir='ltr'>dimensionem</span> <span class='ocrx_word' id='word_1_29' title='bbox 990 998 1010 1039; x_wconf 94' lang='lat' dir='ltr'>a</span> <span class='ocrx_word' id='word_1_30' title='bbox 1035 978 1241 1041; x_wconf 86' lang='lat' dir='ltr'>dimensione</span> <span class='ocrx_word' id='word_1_31' title='bbox 1268 978 1377 1056; x_wconf 86' lang='lat' dir='ltr'>medii,</span> 
     </span>
     <span class='ocr_line' id='line_1_5' title="bbox 225 1081 1039 1165; baseline 0.002 -23"><span class='ocrx_word' id='word_1_32' title='bbox 225 1081 306 1161; x_wconf 92' lang='lat' dir='ltr'>quia</span> <span class='ocrx_word' id='word_1_33' title='bbox 320 1083 364 1144; x_wconf 92' lang='lat' dir='ltr'>de</span> <span class='ocrx_word' id='word_1_34' title='bbox 378 1102 414 1145; x_wconf 90' lang='lat' dir='ltr'>se</span> <span class='ocrx_word' id='word_1_35' title='bbox 428 1104 494 1145; x_wconf 91' lang='lat' dir='ltr'>non</span> <span class='ocrx_word' id='word_1_36' title='bbox 509 1091 647 1164; x_wconf 85' lang='lat' dir='ltr'>possunt</span> <span class='ocrx_word' id='word_1_37' title='bbox 662 1082 808 1165; x_wconf 90' lang='lat' dir='ltr'>compati</span> <span class='ocrx_word' id='word_1_38' title='bbox 825 1081 932 1146; x_wconf 86' lang='lat' dir='ltr'>simul.</span> <span class='ocrx_word' id='word_1_39' title='bbox 1038 1085 1039 1088; x_wconf 72' lang='grc'>’</span> 
     </span>
    </p>

    <p class='ocr_par' dir='ltr' id='par_1_3' title="bbox 219 1184 1378 3664">
     <span class='ocr_line' id='line_1_6' title="bbox 272 1184 1378 1269; baseline 0 -21"><span class='ocrx_word' id='word_1_40' title='bbox 272 1184 357 1248; x_wconf 88' lang='lat' dir='ltr'>Item</span> <span class='ocrx_word' id='word_1_41' title='bbox 373 1184 484 1268; x_wconf 88' lang='lat' dir='ltr'>prius¹</span> <span class='ocrx_word' id='word_1_42' title='bbox 500 1195 625 1251; x_wconf 90' lang='lat' dir='ltr'>tactum</span> <span class='ocrx_word' id='word_1_43' title='bbox 645 1186 806 1269; x_wconf 90' lang='lat' dir='ltr'>estquod</span> <span class='ocrx_word' id='word_1_44' title='bbox 830 1185 999 1267; x_wconf 86' lang='lat' dir='ltr'>generatio</span> <span class='ocrx_word' id='word_1_45' title='bbox 1021 1186 1181 1251; x_wconf 91' lang='lat' dir='ltr'>naturalis</span> <span class='ocrx_word' id='word_1_46' title='bbox 1204 1205 1267 1248; x_wconf 93' lang='lat' dir='ltr'>non</span> <span class='ocrx_word' id='word_1_47' title='bbox 1292 1186 1378 1249; x_wconf 88' lang='lat' dir='ltr'>tollit</span> 
     </span>
     <span class='ocr_line' id='line_1_7' title="bbox 225 1290 1377 1374; baseline 0.002 -23"><span class='ocrx_word' id='word_1_48' title='bbox 225 1297 379 1352; x_wconf 87' lang='lat' dir='ltr'>naturam</span> <span class='ocrx_word' id='word_1_49' title='bbox 395 1291 549 1372; x_wconf 86' lang='lat' dir='ltr'>corporis,</span> <span class='ocrx_word' id='word_1_50' title='bbox 564 1290 643 1372; x_wconf 91' lang='lat' dir='ltr'>quia</span> <span class='ocrx_word' id='word_1_51' title='bbox 664 1301 791 1355; x_wconf 90' lang='lat' dir='ltr'>certum</span> <span class='ocrx_word' id='word_1_52' title='bbox 814 1301 865 1355; x_wconf 85' lang='lat' dir='ltr'>est</span> <span class='ocrx_word' id='word_1_53' title='bbox 887 1291 977 1373; x_wconf 90' lang='lat' dir='ltr'>quod</span> <span class='ocrx_word' id='word_1_54' title='bbox 1002 1301 1119 1355; x_wconf 87' lang='lat' dir='ltr'>natura</span> <span class='ocrx_word' id='word_1_55' title='bbox 1140 1290 1377 1374; x_wconf 84' lang='lat' dir='ltr'>praesupponit</span> 
     </span>
     <span class='ocr_line' id='line_1_8' title="bbox 225 1392 1376 1477; baseline 0.003 -22"><span class='ocrx_word' id='word_1_56' title='bbox 225 1413 364 1474; x_wconf 89' lang='lat' dir='ltr'>corpora</span> <span class='ocrx_word' id='word_1_57' title='bbox 381 1392 415 1456; x_wconf 90' lang='lat' dir='ltr'>in</span> <span class='ocrx_word' id='word_1_58' title='bbox 440 1394 598 1476; x_wconf 87' lang='lat' dir='ltr'>principio</span> <span class='ocrx_word' id='word_1_59' title='bbox 618 1394 799 1470; x_wconf 88' lang='lat' dir='ltr'>materiali;</span> <span class='ocrx_word' id='word_1_60' title='bbox 822 1395 917 1461; x_wconf 87' lang='lat' dir='ltr'>aliter</span> <span class='ocrx_word' id='word_1_61' title='bbox 940 1396 1027 1459; x_wconf 91' lang='lat' dir='ltr'>enim</span> <span class='ocrx_word' id='word_1_62' title='bbox 1046 1404 1158 1477; x_wconf 90' lang='lat' dir='ltr'>posset</span> <span class='ocrx_word' id='word_1_63' title='bbox 1177 1395 1221 1457; x_wconf 89' lang='lat' dir='ltr'>de</span> <span class='ocrx_word' id='word_1_64' title='bbox 1239 1414 1376 1477; x_wconf 89' lang='lat' dir='ltr'>corpore</span> 
     </span>
     <span class='ocr_line' id='line_1_9' title="bbox 224 1497 1376 1581; baseline 0.003 -22"><span class='ocrx_word' id='word_1_65' title='bbox 224 1497 293 1560; x_wconf 87' lang='lat' dir='ltr'>fieri</span> <span class='ocrx_word' id='word_1_66' title='bbox 314 1498 456 1579; x_wconf 86' lang='lat' dir='ltr'>spiritus,</span> <span class='ocrx_word' id='word_1_67' title='bbox 470 1507 508 1561; x_wconf 88' lang='lat' dir='ltr'>ut</span> <span class='ocrx_word' id='word_1_68' title='bbox 526 1500 665 1581; x_wconf 82' lang='lat' dir='ltr'>angelus</span> <span class='ocrx_word' id='word_1_69' title='bbox 687 1499 741 1563; x_wconf 90' lang='lat' dir='ltr'>vel</span> <span class='ocrx_word' id='word_1_70' title='bbox 763 1499 881 1572; x_wconf 87' lang='lat' dir='ltr'>anima,</span> <span class='ocrx_word' id='word_1_71' title='bbox 898 1519 955 1580; x_wconf 91' lang='lat' dir='ltr'>per</span> <span class='ocrx_word' id='word_1_72' title='bbox 978 1509 1128 1563; x_wconf 86' lang='lat' dir='ltr'>naturam</span> <span class='ocrx_word' id='word_1_73' title='bbox 1143 1520 1151 1576; x_wconf 92' lang='lat'>;</span> <span class='ocrx_word' id='word_1_74' title='bbox 1173 1499 1231 1561; x_wconf 88' lang='lat' dir='ltr'>sed</span> <span class='ocrx_word' id='word_1_75' title='bbox 1247 1499 1311 1561; x_wconf 92' lang='lat' dir='ltr'>hoc</span> <span class='ocrx_word' id='word_1_76' title='bbox 1326 1510 1376 1563; x_wconf 90' lang='lat' dir='ltr'>est</span> 
     </span>
     <span class='ocr_line' id='line_1_10' title="bbox 224 1600 1375 1687; baseline 0.003 -26"><span class='ocrx_word' id='word_1_77' title='bbox 224 1601 448 1684; x_wconf 83' lang='lat' dir='ltr'>impossibile3</span> <span class='ocrx_word' id='word_1_78' title='bbox 479 1624 559 1687; x_wconf 86' lang='lat' dir='ltr'>ergo</span> <span class='ocrx_word' id='word_1_79' title='bbox 579 1614 698 1666; x_wconf 90' lang='lat' dir='ltr'>natura</span> <span class='ocrx_word' id='word_1_80' title='bbox 720 1623 787 1666; x_wconf 95' lang='lat' dir='ltr'>non</span> <span class='ocrx_word' id='word_1_81' title='bbox 810 1603 916 1667; x_wconf 88' lang='lat' dir='ltr'>ausert</span> <span class='ocrx_word' id='word_1_82' title='bbox 938 1625 960 1667; x_wconf 91' lang='lat' dir='ltr'>a</span> <span class='ocrx_word' id='word_1_83' title='bbox 980 1604 1140 1687; x_wconf 91' lang='lat' dir='ltr'>principio</span> <span class='ocrx_word' id='word_1_84' title='bbox 1162 1600 1322 1665; x_wconf 88' lang='lat' dir='ltr'>materiali</span> <span class='ocrx_word' id='word_1_85' title='bbox 1344 1602 1375 1665; x_wconf 94' lang='lat' dir='ltr'>in</span> 
     </span>
     <span class='ocr_line' id='line_1_11' title="bbox 223 1704 1376 1791; baseline 0.001 -24"><span class='ocrx_word' id='word_1_86' title='bbox 223 1706 314 1786; x_wconf 91' lang='lat' dir='ltr'>quod</span> <span class='ocrx_word' id='word_1_87' title='bbox 330 1708 402 1788; x_wconf 89' lang='lat' dir='ltr'>agit</span> <span class='ocrx_word' id='word_1_88' title='bbox 414 1707 651 1772; x_wconf 88' lang='lat' dir='ltr'>dimensionem</span> <span class='ocrx_word' id='word_1_89' title='bbox 671 1708 825 1791; x_wconf 92' lang='lat' dir='ltr'>corporis,</span> <span class='ocrx_word' id='word_1_90' title='bbox 839 1728 900 1773; x_wconf 92' lang='lat' dir='ltr'>nec</span> <span class='ocrx_word' id='word_1_91' title='bbox 921 1717 1057 1789; x_wconf 86' lang='lat' dir='ltr'>generat</span> <span class='ocrx_word' id='word_1_92' title='bbox 1080 1727 1200 1771; x_wconf 90' lang='lat' dir='ltr'>novam</span> <span class='ocrx_word' id='word_1_93' title='bbox 1223 1726 1299 1789; x_wconf 88' lang='lat' dir='ltr'>cum</span> <span class='ocrx_word' id='word_1_94' title='bbox 1321 1704 1376 1768; x_wconf 90' lang='lat' dir='ltr'>illa</span> 
     </span>
     <span class='ocr_line' id='line_1_12' title="bbox 223 1809 1376 1895; baseline -0.001 -22"><span class='ocrx_word' id='word_1_95' title='bbox 223 1809 372 1873; x_wconf 87' lang='lat' dir='ltr'>sufficiat.</span> <span class='ocrx_word' id='word_1_96' title='bbox 418 1812 518 1875; x_wconf 88' lang='lat' dir='ltr'>Unde</span> <span class='ocrx_word' id='word_1_97' title='bbox 543 1831 663 1893; x_wconf 87' lang='lat' dir='ltr'>corpus</span> <span class='ocrx_word' id='word_1_98' title='bbox 689 1814 779 1893; x_wconf 91' lang='lat' dir='ltr'>quod</span> <span class='ocrx_word' id='word_1_99' title='bbox 807 1822 856 1877; x_wconf 88' lang='lat' dir='ltr'>est</span> <span class='ocrx_word' id='word_1_100' title='bbox 883 1832 990 1895; x_wconf 83' lang='lat' dir='ltr'>genus</span> <span class='ocrx_word' id='word_1_101' title='bbox 1019 1812 1210 1885; x_wconf 89' lang='lat' dir='ltr'>secundum,</span> <span class='ocrx_word' id='word_1_102' title='bbox 1235 1830 1295 1873; x_wconf 89' lang='lat' dir='ltr'>nec</span> <span class='ocrx_word' id='word_1_103' title='bbox 1324 1820 1376 1873; x_wconf 88' lang='lat' dir='ltr'>est</span> 
     </span>
     <span class='ocr_line' id='line_1_13' title="bbox 223 1914 1377 2000; baseline 0.002 -24"><span class='ocrx_word' id='word_1_104' title='bbox 223 1914 410 1995; x_wconf 86' lang='lat' dir='ltr'>generabile</span> <span class='ocrx_word' id='word_1_105' title='bbox 431 1936 491 1981; x_wconf 88' lang='lat' dir='ltr'>nec</span> <span class='ocrx_word' id='word_1_106' title='bbox 512 1917 736 2000; x_wconf 79' lang='lat' dir='ltr'>corruptibile,</span> <span class='ocrx_word' id='word_1_107' title='bbox 751 1919 810 1981; x_wconf 90' lang='lat' dir='ltr'>sed</span> <span class='ocrx_word' id='word_1_108' title='bbox 833 1918 1007 1981; x_wconf 82' lang='lat' dir='ltr'>creabatur</span> <span class='ocrx_word' id='word_1_109' title='bbox 1028 1916 1060 1979; x_wconf 94' lang='lat' dir='ltr'>in</span> <span class='ocrx_word' id='word_1_110' title='bbox 1084 1914 1254 1979; x_wconf 88' lang='lat' dir='ltr'>elementis</span> <span class='ocrx_word' id='word_1_111' title='bbox 1276 1924 1310 1978; x_wconf 89' lang='lat' dir='ltr'>et</span> <span class='ocrx_word' id='word_1_112' title='bbox 1333 1915 1377 1978; x_wconf 88' lang='lat' dir='ltr'>de</span> 
     </span>
     <span class='ocr_line' id='line_1_14' title="bbox 223 2018 1374 2104; baseline 0.002 -25"><span class='ocrx_word' id='word_1_113' title='bbox 223 2018 404 2097; x_wconf 85' lang='lat' dir='ltr'>elementis,</span> <span class='ocrx_word' id='word_1_114' title='bbox 420 2029 568 2085; x_wconf 87' lang='lat' dir='ltr'>remanet</span> <span class='ocrx_word' id='word_1_115' title='bbox 584 2021 617 2084; x_wconf 95' lang='lat' dir='ltr'>in</span> <span class='ocrx_word' id='word_1_116' title='bbox 641 2022 756 2085; x_wconf 86' lang='lat' dir='ltr'>mixtis</span> <span class='ocrx_word' id='word_1_117' title='bbox 776 2022 847 2087; x_wconf 90' lang='lat' dir='ltr'>sine</span> <span class='ocrx_word' id='word_1_118' title='bbox 867 2021 1077 2104; x_wconf 85' lang='lat' dir='ltr'>generatione</span> <span class='ocrx_word' id='word_1_119' title='bbox 1099 2030 1133 2082; x_wconf 91' lang='lat' dir='ltr'>et</span> <span class='ocrx_word' id='word_1_120' title='bbox 1154 2018 1374 2101; x_wconf 90' lang='lat' dir='ltr'>corruptione,</span> 
     </span>
     <span class='ocr_line' id='line_1_15' title="bbox 223 2122 1375 2207; baseline -0.001 -22"><span class='ocrx_word' id='word_1_121' title='bbox 223 2123 298 2186; x_wconf 90' lang='lat' dir='ltr'>licet</span> <span class='ocrx_word' id='word_1_122' title='bbox 316 2136 549 2206; x_wconf 85' lang='lat' dir='ltr'>augmentetur</span> <span class='ocrx_word' id='word_1_123' title='bbox 563 2125 615 2188; x_wconf 90' lang='lat' dir='ltr'>vel</span> <span class='ocrx_word' id='word_1_124' title='bbox 631 2127 853 2200; x_wconf 89' lang='lat' dir='ltr'>diminuatur;</span> <span class='ocrx_word' id='word_1_125' title='bbox 881 2124 961 2207; x_wconf 89' lang='lat' dir='ltr'>quia</span> <span class='ocrx_word' id='word_1_126' title='bbox 983 2133 1201 2205; x_wconf 91' lang='lat' dir='ltr'>augmentum</span> <span class='ocrx_word' id='word_1_127' title='bbox 1224 2131 1257 2184; x_wconf 92' lang='lat' dir='ltr'>et</span> <span class='ocrx_word' id='word_1_128' title='bbox 1279 2122 1375 2184; x_wconf 91' lang='lat' dir='ltr'>dimi·</span> 
     </span>
     <span class='ocr_line' id='line_1_16' title="bbox 223 2226 1373 2312; baseline -0.001 -23"><span class='ocrx_word' id='word_1_129' title='bbox 223 2228 317 2291; x_wconf 88' lang='lat' dir='ltr'>nutio</span> <span class='ocrx_word' id='word_1_130' title='bbox 346 2241 424 2291; x_wconf 90' lang='lat' dir='ltr'>sunt</span> <span class='ocrx_word' id='word_1_131' title='bbox 448 2230 533 2293; x_wconf 89' lang='lat' dir='ltr'>circa</span> <span class='ocrx_word' id='word_1_132' title='bbox 562 2232 794 2312; x_wconf 87' lang='lat' dir='ltr'>quantitatem,</span> <span class='ocrx_word' id='word_1_133' title='bbox 816 2249 882 2291; x_wconf 91' lang='lat' dir='ltr'>non</span> <span class='ocrx_word' id='word_1_134' title='bbox 906 2227 1078 2312; x_wconf 84' lang='lat' dir='ltr'>generatio</span> <span class='ocrx_word' id='word_1_135' title='bbox 1109 2246 1168 2290; x_wconf 90' lang='lat' dir='ltr'>nec</span> <span class='ocrx_word' id='word_1_136' title='bbox 1198 2226 1373 2308; x_wconf 77' lang='lat' dir='ltr'>corruptio</span> 
     </span>
     <span class='ocr_line' id='line_1_17' title="bbox 225 2330 1374 2415; baseline 0 -22"><span class='ocrx_word' id='word_1_137' title='bbox 225 2330 318 2395; x_wconf 92' lang='lat' dir='ltr'>Haec</span> <span class='ocrx_word' id='word_1_138' title='bbox 332 2343 410 2395; x_wconf 88' lang='lat' dir='ltr'>sunt</span> <span class='ocrx_word' id='word_1_139' title='bbox 426 2334 532 2414; x_wconf 90' lang='lat' dir='ltr'>magis</span> <span class='ocrx_word' id='word_1_140' title='bbox 547 2334 713 2397; x_wconf 87' lang='lat' dir='ltr'>verificata</span> <span class='ocrx_word' id='word_1_141' title='bbox 728 2334 761 2396; x_wconf 94' lang='lat' dir='ltr'>in</span> <span class='ocrx_word' id='word_1_142' title='bbox 777 2333 960 2415; x_wconf 81' lang='lat' dir='ltr'>prioribus3</span> <span class='ocrx_word' id='word_1_143' title='bbox 987 2333 1044 2396; x_wconf 85' lang='lat' dir='ltr'>sed</span> <span class='ocrx_word' id='word_1_144' title='bbox 1068 2351 1155 2397; x_wconf 92' lang='lat' dir='ltr'>nunc</span> <span class='ocrx_word' id='word_1_145' title='bbox 1177 2351 1264 2413; x_wconf 91' lang='lat' dir='ltr'>quae</span> <span class='ocrx_word' id='word_1_146' title='bbox 1285 2330 1374 2394; x_wconf 91' lang='lat' dir='ltr'>dicta</span> 
     </span>
     <span class='ocr_line' id='line_1_18' title="bbox 223 2434 1373 2520; baseline -0.001 -23"><span class='ocrx_word' id='word_1_147' title='bbox 223 2446 301 2499; x_wconf 89' lang='lat' dir='ltr'>sunt</span> <span class='ocrx_word' id='word_1_148' title='bbox 337 2436 509 2499; x_wconf 84' lang='lat' dir='ltr'>sufficiant.</span> <span class='ocrx_word' id='word_1_149' title='bbox 569 2436 783 2520; x_wconf 83' lang='lat' dir='ltr'>Quapropter</span> <span class='ocrx_word' id='word_1_150' title='bbox 818 2457 897 2501; x_wconf 92' lang='lat' dir='ltr'>cum</span> <span class='ocrx_word' id='word_1_151' title='bbox 928 2437 1074 2500; x_wconf 86' lang='lat' dir='ltr'>medium</span> <span class='ocrx_word' id='word_1_152' title='bbox 1105 2437 1147 2499; x_wconf 88' lang='lat' dir='ltr'>sit</span> <span class='ocrx_word' id='word_1_153' title='bbox 1178 2434 1373 2518; x_wconf 91' lang='lat' dir='ltr'>principium</span> 
     </span>
     <span class='ocr_line' id='line_1_19' title="bbox 223 2540 1375 2624; baseline 0.002 -23"><span class='ocrx_word' id='word_1_154' title='bbox 223 2540 401 2613; x_wconf 85' lang='lat' dir='ltr'>materiale,</span> <span class='ocrx_word' id='word_1_155' title='bbox 417 2540 536 2621; x_wconf 91' lang='lat' dir='ltr'>inquo</span> <span class='ocrx_word' id='word_1_156' title='bbox 552 2552 584 2604; x_wconf 90' lang='lat' dir='ltr'>et</span> <span class='ocrx_word' id='word_1_157' title='bbox 601 2542 643 2604; x_wconf 91' lang='lat' dir='ltr'>de</span> <span class='ocrx_word' id='word_1_158' title='bbox 663 2542 757 2623; x_wconf 91' lang='lat' dir='ltr'>cujus</span> <span class='ocrx_word' id='word_1_159' title='bbox 780 2542 930 2624; x_wconf 87' lang='lat' dir='ltr'>potentia</span> <span class='ocrx_word' id='word_1_160' title='bbox 953 2561 1012 2624; x_wconf 91' lang='lat' dir='ltr'>per</span> <span class='ocrx_word' id='word_1_161' title='bbox 1033 2560 1136 2623; x_wconf 86' lang='lat' dir='ltr'>agens</span> <span class='ocrx_word' id='word_1_162' title='bbox 1158 2548 1192 2603; x_wconf 90' lang='lat' dir='ltr'>et</span> <span class='ocrx_word' id='word_1_163' title='bbox 1214 2558 1375 2621; x_wconf 84' lang='lat' dir='ltr'>generans</span> 
     </span>
     <span class='ocr_line' id='line_1_20' title="bbox 222 2643 1373 2727; baseline 0 -21"><span class='ocrx_word' id='word_1_164' title='bbox 222 2643 374 2706; x_wconf 90' lang='lat' dir='ltr'>educitur</span> <span class='ocrx_word' id='word_1_165' title='bbox 407 2645 545 2727; x_wconf 85' lang='lat' dir='ltr'>species,</span> <span class='ocrx_word' id='word_1_166' title='bbox 575 2665 641 2708; x_wconf 89' lang='lat' dir='ltr'>non</span> <span class='ocrx_word' id='word_1_167' title='bbox 679 2646 799 2727; x_wconf 88' lang='lat' dir='ltr'>poterit</span> <span class='ocrx_word' id='word_1_168' title='bbox 835 2645 918 2709; x_wconf 91' lang='lat' dir='ltr'>haec</span> <span class='ocrx_word' id='word_1_169' title='bbox 955 2647 1079 2727; x_wconf 90' lang='lat' dir='ltr'>species</span> <span class='ocrx_word' id='word_1_170' title='bbox 1117 2644 1238 2707; x_wconf 91' lang='lat' dir='ltr'>habere</span> <span class='ocrx_word' id='word_1_171' title='bbox 1274 2644 1373 2706; x_wconf 89' lang='lat' dir='ltr'>aliam</span> 
     </span>
     <span class='ocr_line' id='line_1_21' title="bbox 222 2737 1373 2831; baseline 0.003 -22"><span class='ocrx_word' id='word_1_172' title='bbox 222 2758 373 2811; x_wconf 85' lang='lat' dir='ltr'>naturam</span> <span class='ocrx_word' id='word_1_173' title='bbox 388 2747 593 2831; x_wconf 90' lang='lat' dir='ltr'>corporalem</span> <span class='ocrx_word' id='word_1_174' title='bbox 610 2770 630 2811; x_wconf 94' lang='lat' dir='ltr'>a</span> <span class='ocrx_word' id='word_1_175' title='bbox 646 2750 755 2813; x_wconf 92' lang='lat' dir='ltr'>medio</span> <span class='ocrx_word' id='word_1_176' title='bbox 771 2749 972 2814; x_wconf 88' lang='lat' dir='ltr'>distinctam.</span> <span class='ocrx_word' id='word_1_177' title='bbox 1019 2748 1065 2811; x_wconf 92' lang='lat' dir='ltr'>Et</span> <span class='ocrx_word' id='word_1_178' title='bbox 1087 2748 1150 2812; x_wconf 93' lang='lat' dir='ltr'>hoc</span> <span class='ocrx_word' id='word_1_179' title='bbox 1173 2737 1302 2811; x_wconf 80' lang='lat' dir='ltr'>certum&#39;</span> <span class='ocrx_word' id='word_1_180' title='bbox 1322 2756 1373 2812; x_wconf 88' lang='lat' dir='ltr'>est</span> 
     </span>
     <span class='ocr_line' id='line_1_22' title="bbox 223 2851 1372 2935; baseline 0.002 -22"><span class='ocrx_word' id='word_1_181' title='bbox 223 2871 282 2933; x_wconf 90' lang='lat' dir='ltr'>per</span> <span class='ocrx_word' id='word_1_182' title='bbox 311 2851 381 2923; x_wconf 73' lang='lat' dir='ltr'>hoc,</span> <span class='ocrx_word' id='word_1_183' title='bbox 409 2854 499 2933; x_wconf 90' lang='lat' dir='ltr'>quod</span> <span class='ocrx_word' id='word_1_184' title='bbox 529 2851 666 2917; x_wconf 84' lang='lat' dir='ltr'>effectus</span> <span class='ocrx_word' id='word_1_185' title='bbox 692 2853 879 2935; x_wconf 89' lang='lat' dir='ltr'>completus</span> <span class='ocrx_word' id='word_1_186' title='bbox 905 2853 1019 2918; x_wconf 88' lang='lat' dir='ltr'>similis</span> <span class='ocrx_word' id='word_1_187' title='bbox 1044 2852 1155 2934; x_wconf 86' lang='lat' dir='ltr'>agenti</span> <span class='ocrx_word' id='word_1_188' title='bbox 1180 2852 1315 2915; x_wconf 89' lang='lat' dir='ltr'>nomine</span> <span class='ocrx_word' id='word_1_189' title='bbox 1339 2862 1372 2916; x_wconf 90' lang='lat' dir='ltr'>et</span> 
     </span>
     <span class='ocr_line' id='line_1_23' title="bbox 222 2954 1372 3039; baseline 0 -20"><span class='ocrx_word' id='word_1_190' title='bbox 222 2954 411 3019; x_wconf 86' lang='lat' dir='ltr'>definitione</span> <span class='ocrx_word' id='word_1_191' title='bbox 441 2976 507 3020; x_wconf 91' lang='lat' dir='ltr'>non</span> <span class='ocrx_word' id='word_1_192' title='bbox 536 2956 639 3021; x_wconf 87' lang='lat' dir='ltr'>habet</span> <span class='ocrx_word' id='word_1_193' title='bbox 669 2976 787 3020; x_wconf 85' lang='lat' dir='ltr'>novam</span> <span class='ocrx_word' id='word_1_194' title='bbox 814 2957 1053 3021; x_wconf 90' lang='lat' dir='ltr'>dimensionem</span> <span class='ocrx_word' id='word_1_195' title='bbox 1075 2955 1289 3039; x_wconf 85' lang='lat' dir='ltr'>corporalem,</span> <span class='ocrx_word' id='word_1_196' title='bbox 1312 2956 1372 3019; x_wconf 91' lang='lat' dir='ltr'>sed</span> 
     </span>
     <span class='ocr_line' id='line_1_24' title="bbox 220 3060 1371 3145; baseline -0.001 -23"><span class='ocrx_word' id='word_1_197' title='bbox 220 3060 310 3123; x_wconf 90' lang='lat' dir='ltr'>illam</span> <span class='ocrx_word' id='word_1_198' title='bbox 338 3081 425 3142; x_wconf 90' lang='lat' dir='ltr'>quae</span> <span class='ocrx_word' id='word_1_199' title='bbox 451 3060 512 3125; x_wconf 83' lang='lat' dir='ltr'>fuit</span> <span class='ocrx_word' id='word_1_200' title='bbox 535 3061 636 3125; x_wconf 91' lang='lat' dir='ltr'>medii</span> <span class='ocrx_word' id='word_1_201' title='bbox 660 3062 731 3124; x_wconf 89' lang='lat' dir='ltr'>sive</span> <span class='ocrx_word' id='word_1_202' title='bbox 754 3063 901 3145; x_wconf 88' lang='lat' dir='ltr'>corporis</span> <span class='ocrx_word' id='word_1_203' title='bbox 932 3062 965 3124; x_wconf 90' lang='lat' dir='ltr'>in</span> <span class='ocrx_word' id='word_1_204' title='bbox 995 3081 1063 3143; x_wconf 90' lang='lat' dir='ltr'>quo</span> <span class='ocrx_word' id='word_1_205' title='bbox 1092 3071 1267 3144; x_wconf 86' lang='lat' dir='ltr'>generatur</span> <span class='ocrx_word' id='word_1_206' title='bbox 1295 3060 1371 3123; x_wconf 89' lang='lat' dir='ltr'>talis</span> 
     </span>
     <span class='ocr_line' id='line_1_25' title="bbox 221 3163 1371 3249; baseline 0 -22"><span class='ocrx_word' id='word_1_207' title='bbox 221 3163 358 3230; x_wconf 83' lang='lat' dir='ltr'>effectus</span> <span class='ocrx_word' id='word_1_208' title='bbox 388 3165 581 3248; x_wconf 89' lang='lat' dir='ltr'>completus,</span> <span class='ocrx_word' id='word_1_209' title='bbox 604 3166 741 3246; x_wconf 88' lang='lat' dir='ltr'>quando</span> <span class='ocrx_word' id='word_1_210' title='bbox 763 3186 865 3249; x_wconf 88' lang='lat' dir='ltr'>agens</span> <span class='ocrx_word' id='word_1_211' title='bbox 889 3164 1057 3229; x_wconf 74' lang='lat' dir='ltr'>invalescit</span> <span class='ocrx_word' id='word_1_212' title='bbox 1078 3184 1177 3247; x_wconf 89' lang='lat' dir='ltr'>super</span> <span class='ocrx_word' id='word_1_213' title='bbox 1198 3165 1315 3246; x_wconf 90' lang='lat' dir='ltr'>ipsum,</span> <span class='ocrx_word' id='word_1_214' title='bbox 1335 3173 1371 3227; x_wconf 90' lang='lat' dir='ltr'>et</span> 
     </span>
     <span class='ocr_line' id='line_1_26' title="bbox 220 3267 1371 3353; baseline -0.004 -19"><span class='ocrx_word' id='word_1_215' title='bbox 220 3270 308 3334; x_wconf 91' lang='lat' dir='ltr'>tollit</span> <span class='ocrx_word' id='word_1_216' title='bbox 322 3279 475 3333; x_wconf 87' lang='lat' dir='ltr'>naturam</span> <span class='ocrx_word' id='word_1_217' title='bbox 491 3268 676 3352; x_wconf 86' lang='lat' dir='ltr'>specificam</span> <span class='ocrx_word' id='word_1_218' title='bbox 691 3270 772 3352; x_wconf 86' lang='lat' dir='ltr'>ejus,</span> <span class='ocrx_word' id='word_1_219' title='bbox 792 3272 835 3333; x_wconf 90' lang='lat' dir='ltr'>de</span> <span class='ocrx_word' id='word_1_220' title='bbox 857 3269 952 3351; x_wconf 86' lang='lat' dir='ltr'>cujus</span> <span class='ocrx_word' id='word_1_221' title='bbox 974 3270 1124 3353; x_wconf 84' lang='lat' dir='ltr'>potentia</span> <span class='ocrx_word' id='word_1_222' title='bbox 1146 3268 1258 3332; x_wconf 88' lang='lat' dir='ltr'>educit</span> <span class='ocrx_word' id='word_1_223' title='bbox 1279 3267 1371 3330; x_wconf 88' lang='lat' dir='ltr'>illum</span> 
     </span>
     <span class='ocr_line' id='line_1_27' title="bbox 220 3372 1369 3458; baseline -0.002 -22"><span class='ocrx_word' id='word_1_224' title='bbox 220 3374 373 3437; x_wconf 80' lang='lat' dir='ltr'>effectum</span> <span class='ocrx_word' id='word_1_225' title='bbox 405 3374 621 3457; x_wconf 90' lang='lat' dir='ltr'>completum.</span> <span class='ocrx_word' id='word_1_226' title='bbox 684 3373 898 3458; x_wconf 87' lang='lat' dir='ltr'>Quapropter</span> <span class='ocrx_word' id='word_1_227' title='bbox 928 3374 1178 3438; x_wconf 90' lang='lat' dir='ltr'>concedendum</span> <span class='ocrx_word' id='word_1_228' title='bbox 1209 3383 1258 3436; x_wconf 88' lang='lat' dir='ltr'>est</span> <span class='ocrx_word' id='word_1_229' title='bbox 1289 3372 1369 3435; x_wconf 91' lang='lat' dir='ltr'>illud</span> 
     </span>
     <span class='ocr_line' id='line_1_28' title="bbox 219 3478 1370 3562; baseline -0.001 -21"><span class='ocrx_word' id='word_1_230' title='bbox 219 3478 308 3541; x_wconf 88' lang='lat' dir='ltr'>idem</span> <span class='ocrx_word' id='word_1_231' title='bbox 338 3479 381 3541; x_wconf 93' lang='lat' dir='ltr'>de</span> <span class='ocrx_word' id='word_1_232' title='bbox 409 3480 528 3561; x_wconf 88' lang='lat' dir='ltr'>specie,</span> <span class='ocrx_word' id='word_1_233' title='bbox 554 3500 640 3562; x_wconf 90' lang='lat' dir='ltr'>quae</span> <span class='ocrx_word' id='word_1_234' title='bbox 670 3489 720 3543; x_wconf 90' lang='lat' dir='ltr'>est</span> <span class='ocrx_word' id='word_1_235' title='bbox 749 3479 888 3545; x_wconf 79' lang='lat' dir='ltr'>effectus</span> <span class='ocrx_word' id='word_1_236' title='bbox 916 3478 1143 3560; x_wconf 88' lang='lat' dir='ltr'>incompletus,</span> <span class='ocrx_word' id='word_1_237' title='bbox 1173 3478 1297 3541; x_wconf 87' lang='lat' dir='ltr'>vadens</span> <span class='ocrx_word' id='word_1_238' title='bbox 1326 3479 1370 3540; x_wconf 90' lang='lat' dir='ltr'>ad</span> 
     </span>
     <span class='ocr_line' id='line_1_29' title="bbox 221 3580 870 3664; baseline 0.006 -19"><span class='ocrx_word' id='word_1_239' title='bbox 221 3580 374 3647; x_wconf 85' lang='lat' dir='ltr'>effectum</span> <span class='ocrx_word' id='word_1_240' title='bbox 398 3584 601 3664; x_wconf 89' lang='lat' dir='ltr'>completum</span> <span class='ocrx_word' id='word_1_241' title='bbox 625 3604 712 3649; x_wconf 91' lang='lat' dir='ltr'>nunc</span> <span class='ocrx_word' id='word_1_242' title='bbox 734 3585 870 3649; x_wconf 85' lang='lat' dir='ltr'>dictum.</span> 
     </span>
    </p>

    <p class='ocr_par' dir='ltr' id='par_1_4' title="bbox 218 3686 1371 4189">
     <span class='ocr_line' id='line_1_30' title="bbox 264 3686 1371 3771; baseline 0.002 -22"><span class='ocrx_word' id='word_1_243' title='bbox 264 3686 366 3769; x_wconf 89' lang='lat' dir='ltr'>Quod</span> <span class='ocrx_word' id='word_1_244' title='bbox 380 3698 494 3752; x_wconf 87' lang='lat' dir='ltr'>autem</span> <span class='ocrx_word' id='word_1_245' title='bbox 508 3688 571 3751; x_wconf 90' lang='lat' dir='ltr'>dici</span> <span class='ocrx_word' id='word_1_246' title='bbox 588 3690 692 3770; x_wconf 91' lang='lat' dir='ltr'>possit</span> <span class='ocrx_word' id='word_1_247' title='bbox 712 3690 804 3771; x_wconf 92' lang='lat' dir='ltr'>quod</span> <span class='ocrx_word' id='word_1_248' title='bbox 828 3689 871 3752; x_wconf 94' lang='lat' dir='ltr'>ad</span> <span class='ocrx_word' id='word_1_249' title='bbox 891 3689 999 3753; x_wconf 91' lang='lat' dir='ltr'>minus</span> <span class='ocrx_word' id='word_1_250' title='bbox 1021 3688 1148 3770; x_wconf 86' lang='lat' dir='ltr'>species</span> <span class='ocrx_word' id='word_1_251' title='bbox 1168 3686 1371 3751; x_wconf 85' lang='lat' dir='ltr'>substantiae</span> 
     </span>
     <span class='ocr_line' id='line_1_31' title="bbox 220 3790 1370 3874; baseline -0.002 -19"><span class='ocrx_word' id='word_1_252' title='bbox 220 3812 398 3874; x_wconf 89' lang='lat' dir='ltr'>corporeae</span> <span class='ocrx_word' id='word_1_253' title='bbox 414 3812 488 3855; x_wconf 87' lang='lat' dir='ltr'>curn</span> <span class='ocrx_word' id='word_1_254' title='bbox 505 3793 546 3856; x_wconf 87' lang='lat' dir='ltr'>sit</span> <span class='ocrx_word' id='word_1_255' title='bbox 563 3793 651 3854; x_wconf 93' lang='lat' dir='ltr'>idem</span> <span class='ocrx_word' id='word_1_256' title='bbox 668 3792 699 3854; x_wconf 88' lang='lat' dir='ltr'>in</span> <span class='ocrx_word' id='word_1_257' title='bbox 715 3794 867 3869; x_wconf 89' lang='lat' dir='ltr'>essentia,</span> <span class='ocrx_word' id='word_1_258' title='bbox 883 3793 1025 3869; x_wconf 90' lang='lat' dir='ltr'>nomine,</span> <span class='ocrx_word' id='word_1_259' title='bbox 1040 3802 1076 3855; x_wconf 92' lang='lat' dir='ltr'>et</span> <span class='ocrx_word' id='word_1_260' title='bbox 1090 3790 1279 3854; x_wconf 84' lang='lat' dir='ltr'>definitione</span> <span class='ocrx_word' id='word_1_261' title='bbox 1294 3811 1370 3853; x_wconf 91' lang='lat' dir='ltr'>curn</span> 
     </span>
     <span class='ocr_line' id='line_1_32' title="bbox 219 3894 1370 3977; baseline -0.003 -17"><span class='ocrx_word' id='word_1_262' title='bbox 219 3917 259 3959; x_wconf 92' lang='lat' dir='ltr'>eo</span> <span class='ocrx_word' id='word_1_263' title='bbox 281 3897 375 3977; x_wconf 88' lang='lat' dir='ltr'>cujus</span> <span class='ocrx_word' id='word_1_264' title='bbox 397 3906 457 3971; x_wconf 89' lang='lat' dir='ltr'>est,</span> <span class='ocrx_word' id='word_1_265' title='bbox 479 3896 539 3959; x_wconf 88' lang='lat' dir='ltr'>erit</span> <span class='ocrx_word' id='word_1_266' title='bbox 561 3915 681 3977; x_wconf 88' lang='lat' dir='ltr'>corpus</span> <span class='ocrx_word' id='word_1_267' title='bbox 703 3907 737 3959; x_wconf 87' lang='lat' dir='ltr'>et</span> <span class='ocrx_word' id='word_1_268' title='bbox 762 3895 887 3959; x_wconf 89' lang='lat' dir='ltr'>habens</span> <span class='ocrx_word' id='word_1_269' title='bbox 912 3896 1032 3959; x_wconf 88' lang='lat' dir='ltr'>trinam</span> <span class='ocrx_word' id='word_1_270' title='bbox 1058 3894 1320 3966; x_wconf 84' lang='lat' dir='ltr'>dimensionem,¹</span> <span class='ocrx_word' id='word_1_271' title='bbox 1336 3904 1370 3957; x_wconf 91' lang='lat' dir='ltr'>et</span> 
     </span>
     <span class='ocr_line' id='line_1_33' title="bbox 219 3999 1367 4083; baseline -0.002 -20"><span class='ocrx_word' id='word_1_272' title='bbox 219 4001 328 4063; x_wconf 89' lang='lat' dir='ltr'>locum</span> <span class='ocrx_word' id='word_1_273' title='bbox 359 4021 419 4083; x_wconf 87' lang='lat' dir='ltr'>per</span> <span class='ocrx_word' id='word_1_274' title='bbox 444 4020 481 4061; x_wconf 89' lang='lat' dir='ltr'>se</span> <span class='ocrx_word' id='word_1_275' title='bbox 504 4001 680 4082; x_wconf 89' lang='lat' dir='ltr'>occupabit</span> <span class='ocrx_word' id='word_1_276' title='bbox 709 4000 794 4063; x_wconf 91' lang='lat' dir='ltr'>sicut</span> <span class='ocrx_word' id='word_1_277' title='bbox 823 4020 947 4082; x_wconf 84' lang='lat' dir='ltr'>agens3</span> <span class='ocrx_word' id='word_1_278' title='bbox 983 4000 1161 4062; x_wconf 88' lang='lat' dir='ltr'>dicendum</span> <span class='ocrx_word' id='word_1_279' title='bbox 1191 4009 1250 4071; x_wconf 87' lang='lat' dir='ltr'>est,</span> <span class='ocrx_word' id='word_1_280' title='bbox 1277 3999 1367 4080; x_wconf 91' lang='lat' dir='ltr'>quod</span> 
     </span>
     <span class='ocr_line' id='line_1_34' title="bbox 218 4104 1367 4189; baseline 0 -20"><span class='ocrx_word' id='word_1_281' title='bbox 218 4107 355 4169; x_wconf 88' lang='lat' dir='ltr'>habebit</span> <span class='ocrx_word' id='word_1_282' title='bbox 379 4105 460 4169; x_wconf 89' lang='lat' dir='ltr'>haec</span> <span class='ocrx_word' id='word_1_283' title='bbox 484 4104 610 4186; x_wconf 85' lang='lat' dir='ltr'>species</span> <span class='ocrx_word' id='word_1_284' title='bbox 634 4116 797 4187; x_wconf 90' lang='lat' dir='ltr'>quantum</span> <span class='ocrx_word' id='word_1_285' title='bbox 821 4114 932 4189; x_wconf 89' lang='lat' dir='ltr'>potest</span> <span class='ocrx_word' id='word_1_286' title='bbox 957 4106 999 4169; x_wconf 91' lang='lat' dir='ltr'>de</span> <span class='ocrx_word' id='word_1_287' title='bbox 1024 4105 1177 4168; x_wconf 90' lang='lat' dir='ltr'>omnibus</span> <span class='ocrx_word' id='word_1_288' title='bbox 1203 4104 1253 4167; x_wconf 92' lang='lat' dir='ltr'>his</span> <span class='ocrx_word' id='word_1_289' title='bbox 1265 4128 1274 4181; x_wconf 91' lang='lat'>;</span> <span class='ocrx_word' id='word_1_290' title='bbox 1309 4106 1367 4169; x_wconf 90' lang='lat' dir='ltr'>sed</span> 
     </span>
    </p>
   </div>
   <div class='ocr_carea' id='block_1_3' title="bbox 94 4197 1367 4294">
    <p class='ocr_par' dir='ltr' id='par_1_5' title="bbox 94 4197 1367 4294">
     <span class='ocr_line' id='line_1_35' title="bbox 94 4197 1367 4294; baseline -0.002 -22"><span class='ocrx_word' id='word_1_291' title='bbox 94 4197 101 4220; x_wconf 79' lang='lat'><em>&#39;</em></span> <span class='ocrx_word' id='word_1_292' title='bbox 219 4212 297 4292; x_wconf 90' lang='lat' dir='ltr'>quia</span> <span class='ocrx_word' id='word_1_293' title='bbox 313 4210 407 4272; x_wconf 90' lang='lat' dir='ltr'>nimis</span> <span class='ocrx_word' id='word_1_294' title='bbox 426 4218 476 4273; x_wconf 91' lang='lat' dir='ltr'>est</span> <span class='ocrx_word' id='word_1_295' title='bbox 490 4211 554 4274; x_wconf 93' lang='lat' dir='ltr'>sub</span> <span class='ocrx_word' id='word_1_296' title='bbox 569 4229 641 4274; x_wconf 88' lang='lat' dir='ltr'>esse</span> <span class='ocrx_word' id='word_1_297' title='bbox 657 4211 865 4294; x_wconf 90' lang='lat' dir='ltr'>incompleto,</span> <span class='ocrx_word' id='word_1_298' title='bbox 881 4229 942 4273; x_wconf 90' lang='lat' dir='ltr'>nec</span> <span class='ocrx_word' id='word_1_299' title='bbox 957 4230 1017 4293; x_wconf 89' lang='lat' dir='ltr'>per</span> <span class='ocrx_word' id='word_1_300' title='bbox 1031 4228 1068 4271; x_wconf 86' lang='lat' dir='ltr'>se</span> <span class='ocrx_word' id='word_1_301' title='bbox 1084 4210 1237 4285; x_wconf 86' lang='lat' dir='ltr'>existens,</span> <span class='ocrx_word' id='word_1_302' title='bbox 1253 4208 1311 4272; x_wconf 90' lang='lat' dir='ltr'>sed</span> <span class='ocrx_word' id='word_1_303' title='bbox 1333 4208 1367 4271; x_wconf 92' lang='lat' dir='ltr'>in</span> 
     </span>
    </p>
   </div>
   <div class='ocr_carea' id='block_1_4' title="bbox 218 4313 1367 4399">
    <p class='ocr_par' dir='ltr' id='par_1_6' title="bbox 218 4313 1367 4399">
     <span class='ocr_line' id='line_1_36' title="bbox 218 4313 1367 4399; baseline -0.002 -22"><span class='ocrx_word' id='word_1_304' title='bbox 218 4314 283 4378; x_wconf 89' lang='lat' dir='ltr'>alio</span> <span class='ocrx_word' id='word_1_305' title='bbox 298 4315 389 4397; x_wconf 93' lang='lat' dir='ltr'>quod</span> <span class='ocrx_word' id='word_1_306' title='bbox 406 4314 568 4397; x_wconf 90' lang='lat' dir='ltr'>perillam</span> <span class='ocrx_word' id='word_1_307' title='bbox 591 4315 793 4379; x_wconf 89' lang='lat' dir='ltr'>assimilatur</span> <span class='ocrx_word' id='word_1_308' title='bbox 814 4314 934 4399; x_wconf 88' lang='lat' dir='ltr'>agenti,</span> <span class='ocrx_word' id='word_1_309' title='bbox 951 4334 1088 4378; x_wconf 89' lang='lat' dir='ltr'>manens</span> <span class='ocrx_word' id='word_1_310' title='bbox 1111 4313 1144 4376; x_wconf 91' lang='lat' dir='ltr'>in</span> <span class='ocrx_word' id='word_1_311' title='bbox 1165 4324 1284 4377; x_wconf 90' lang='lat' dir='ltr'>natura</span> <span class='ocrx_word' id='word_1_312' title='bbox 1305 4333 1367 4375; x_wconf 89' lang='lat' dir='ltr'>sua</span> 
     </span>
    </p>
   </div>
   <div class='ocr_carea' id='block_1_5' title="bbox 218 4417 1366 4606">
    <p class='ocr_par' dir='ltr' id='par_1_7' title="bbox 218 4417 1366 4606">
     <span class='ocr_line' id='line_1_37' title="bbox 218 4417 1366 4503; baseline -0.001 -21"><span class='ocrx_word' id='word_1_313' title='bbox 218 4419 370 4503; x_wconf 84' lang='lat' dir='ltr'>specifica</span> <span class='ocrx_word' id='word_1_314' title='bbox 384 4419 554 4501; x_wconf 87' lang='lat' dir='ltr'>corporali,</span> <span class='ocrx_word' id='word_1_315' title='bbox 564 4417 692 4501; x_wconf 89' lang='lat' dir='ltr'>replens</span> <span class='ocrx_word' id='word_1_316' title='bbox 708 4419 818 4484; x_wconf 91' lang='lat' dir='ltr'>locum</span> <span class='ocrx_word' id='word_1_317' title='bbox 834 4419 991 4503; x_wconf 87' lang='lat' dir='ltr'>praecise,</span> <span class='ocrx_word' id='word_1_318' title='bbox 1003 4420 1093 4500; x_wconf 90' lang='lat' dir='ltr'>quod</span> <span class='ocrx_word' id='word_1_319' title='bbox 1110 4418 1186 4481; x_wconf 90' lang='lat' dir='ltr'>ideo</span> <span class='ocrx_word' id='word_1_320' title='bbox 1200 4417 1366 4499; x_wconf 86' lang='lat' dir='ltr'>praevalet</span> 
     </span>
     <span class='ocr_line' id='line_1_38' title="bbox 218 4522 1366 4606; baseline -0.002 -19"><span class='ocrx_word' id='word_1_321' title='bbox 218 4526 249 4588; x_wconf 93' lang='lat' dir='ltr'>in</span> <span class='ocrx_word' id='word_1_322' title='bbox 271 4527 334 4589; x_wconf 92' lang='lat' dir='ltr'>hac</span> <span class='ocrx_word' id='word_1_323' title='bbox 357 4533 461 4606; x_wconf 87' lang='lat' dir='ltr'>parte,</span> <span class='ocrx_word' id='word_1_324' title='bbox 481 4535 518 4587; x_wconf 91' lang='lat' dir='ltr'>ut</span> <span class='ocrx_word' id='word_1_325' title='bbox 540 4524 570 4587; x_wconf 91' lang='lat' dir='ltr'>ei</span> <span class='ocrx_word' id='word_1_326' title='bbox 593 4524 685 4587; x_wconf 91' lang='lat' dir='ltr'>locus</span> <span class='ocrx_word' id='word_1_327' title='bbox 707 4526 891 4589; x_wconf 87' lang='lat' dir='ltr'>ascribatur</span> <span class='ocrx_word' id='word_1_328' title='bbox 912 4534 947 4589; x_wconf 89' lang='lat' dir='ltr'>et</span> <span class='ocrx_word' id='word_1_329' title='bbox 968 4525 1054 4589; x_wconf 89' lang='lat' dir='ltr'>trina</span> <span class='ocrx_word' id='word_1_330' title='bbox 1077 4523 1236 4588; x_wconf 88' lang='lat' dir='ltr'>dimensio</span> <span class='ocrx_word' id='word_1_331' title='bbox 1257 4522 1366 4598; x_wconf 88' lang='lat' dir='ltr'>simul,</span> 
     </span>
    </p>
   </div>
   <div class='ocr_carea' id='block_1_6' title="bbox 521 4680 1022 4733">
    <p class='ocr_par' dir='ltr' id='par_1_8' title="bbox 521 4680 1022 4733">
     <span class='ocr_line' id='line_1_39' title="bbox 521 4680 1022 4733; baseline -0.004 -2"><span class='ocrx_word' id='word_1_332' title='bbox 521 4680 530 4709; x_wconf 90' lang='lat'>¹</span> <span class='ocrx_word' id='word_1_333' title='bbox 546 4681 588 4731; x_wconf 78' lang='lat' dir='ltr'>Cf.</span> <span class='ocrx_word' id='word_1_334' title='bbox 601 4680 663 4730; x_wconf 75' lang='lat' dir='ltr'>Part</span> <span class='ocrx_word' id='word_1_335' title='bbox 675 4680 695 4730; x_wconf 91' lang='lat'>1.</span> <span class='ocrx_word' id='word_1_336' title='bbox 708 4681 748 4733; x_wconf 82' lang='lat' dir='ltr'>cb.</span> <span class='ocrx_word' id='word_1_337' title='bbox 761 4680 798 4729; x_wconf 78' lang='lat' dir='ltr'>rii.</span> <span class='ocrx_word' id='word_1_338' title='bbox 810 4681 840 4730; x_wconf 81' lang='lat' dir='ltr'>os</span> <span class='ocrx_word' id='word_1_339' title='bbox 848 4680 900 4731; x_wconf 74' lang='lat' dir='ltr'>ruis</span> <span class='ocrx_word' id='word_1_340' title='bbox 910 4682 1022 4731; x_wconf 65' lang='lat' dir='ltr'>eume.</span> 
     </span>
    </p>
   </div>
   <div class='ocr_carea' id='block_1_7' title="bbox 0 0 1776 5359">
    <p class='ocr_par' dir='ltr' id='par_1_9' title="bbox 0 0 1776 5359">
     <span class='ocr_line' id='line_1_40' title="bbox 0 0 1776 5359; baseline 0 3"><span class='ocrx_word' id='word_1_341' title='bbox 0 0 1776 5359; x_wconf 95' lang='lat' dir='ltr'> </span> 
     </span>
    </p>
   </div>
  </div>
 </body>
</html>
