<?xml version="1.0" encoding="UTF-8"?>
<!DOCTYPE html PUBLIC "-//W3C//DTD XHTML 1.0 Transitional//EN"
    "http://www.w3.org/TR/xhtml1/DTD/xhtml1-transitional.dtd">
<html xmlns="http://www.w3.org/1999/xhtml" xml:lang="en" lang="en">
 <head>
  <title>
</title>
<meta http-equiv="Content-Type" content="text/html;charset=utf-8" />
  <meta name='ocr-system' content='tesseract 3.04.00' />
  <meta name='ocr-capabilities' content='ocr_page ocr_carea ocr_par ocr_line ocrx_word'/>
</head>
<body>
  <div class='ocr_page' id='page_1' title='image "./opusmajusrogerb02bridgoog/opusmajusrogerb02bridgoog_0480.png"; bbox 0 0 3542 5359; ppageno 0'>
   <div class='ocr_carea' id='block_1_1' title="bbox 528 609 1375 686">
    <p class='ocr_par' dir='ltr' id='par_1_1' title="bbox 528 609 1375 686">
     <span class='ocr_line' id='line_1_1' title="bbox 528 609 1375 686; baseline -0.002 -17"><span class='ocrx_word' id='word_1_1' title='bbox 528 611 643 670; x_wconf 80' lang='lat' dir='ltr'><em>PARS</em></span> <span class='ocrx_word' id='word_1_2' title='bbox 668 610 892 670; x_wconf 82' lang='lat' dir='ltr'><em>SECUNDA:</em></span> <span class='ocrx_word' id='word_1_3' title='bbox 928 609 1016 669; x_wconf 79' lang='lat' dir='ltr'><strong>cAP.</strong></span> <span class='ocrx_word' id='word_1_4' title='bbox 1042 609 1083 667; x_wconf 93' lang='lat' dir='ltr'><strong>II.</strong></span> <span class='ocrx_word' id='word_1_5' title='bbox 1318 609 1375 686; x_wconf 88' lang='lat'><strong>461</strong></span> 
     </span>
    </p>
   </div>
   <div class='ocr_carea' id='block_1_2' title="bbox 222 771 1544 3983">
    <p class='ocr_par' dir='ltr' id='par_1_2' title="bbox 222 771 1478 3882">
     <span class='ocr_line' id='line_1_2' title="bbox 227 771 1378 856; baseline -0.002 -18"><span class='ocrx_word' id='word_1_6' title='bbox 227 781 279 838; x_wconf 86' lang='lat' dir='ltr'><strong>est</strong></span> <span class='ocrx_word' id='word_1_7' title='bbox 302 773 393 855; x_wconf 92' lang='lat' dir='ltr'><strong>quod</strong></span> <span class='ocrx_word' id='word_1_8' title='bbox 421 793 568 856; x_wconf 90' lang='lat' dir='ltr'><strong>appareo</strong></span> <span class='ocrx_word' id='word_1_9' title='bbox 591 773 720 851; x_wconf 83' lang='lat' dir='ltr'><strong>latine,</strong></span> <span class='ocrx_word' id='word_1_10' title='bbox 742 783 776 838; x_wconf 91' lang='lat' dir='ltr'><strong>et</strong></span> <span class='ocrx_word' id='word_1_11' title='bbox 798 774 853 837; x_wconf 90' lang='lat' dir='ltr'><strong>dia</strong></span> <span class='ocrx_word' id='word_1_12' title='bbox 876 773 966 837; x_wconf 89' lang='lat' dir='ltr'><strong>idem</strong></span> <span class='ocrx_word' id='word_1_13' title='bbox 989 783 1039 838; x_wconf 92' lang='lat' dir='ltr'><strong>est</strong></span> <span class='ocrx_word' id='word_1_14' title='bbox 1066 774 1155 855; x_wconf 92' lang='lat' dir='ltr'><strong>quod</strong></span> <span class='ocrx_word' id='word_1_15' title='bbox 1182 774 1249 837; x_wconf 91' lang='lat' dir='ltr'><strong>duo</strong></span> <span class='ocrx_word' id='word_1_16' title='bbox 1261 771 1285 834; x_wconf 88' lang='lat'><strong>¹.</strong></span> <span class='ocrx_word' id='word_1_17' title='bbox 1332 773 1378 837; x_wconf 89' lang='lat' dir='ltr'><strong>Et</strong></span> 
     </span>
     <span class='ocr_line' id='line_1_3' title="bbox 227 877 1377 962; baseline 0.002 -23"><span class='ocrx_word' id='word_1_18' title='bbox 227 877 359 959; x_wconf 92' lang='lat' dir='ltr'><strong>phonos</strong></span> <span class='ocrx_word' id='word_1_19' title='bbox 378 887 429 942; x_wconf 89' lang='lat' dir='ltr'><strong>est</strong></span> <span class='ocrx_word' id='word_1_20' title='bbox 448 898 558 955; x_wconf 89' lang='lat' dir='ltr'><strong>sonus,</strong></span> <span class='ocrx_word' id='word_1_21' title='bbox 577 880 666 942; x_wconf 90' lang='lat' dir='ltr'><strong>unde</strong></span> <span class='ocrx_word' id='word_1_22' title='bbox 685 879 890 962; x_wconf 90' lang='lat' dir='ltr'><strong>diaphonum</strong></span> <span class='ocrx_word' id='word_1_23' title='bbox 909 879 1002 960; x_wconf 85' lang='lat' dir='ltr'>quasi</span> <span class='ocrx_word' id='word_1_24' title='bbox 1026 877 1166 960; x_wconf 88' lang='lat' dir='ltr'><strong>duplicis</strong></span> <span class='ocrx_word' id='word_1_25' title='bbox 1186 878 1377 942; x_wconf 90' lang='lat' dir='ltr'><strong>sonoritatis</strong></span> 
     </span>
     <span class='ocr_line' id='line_1_4' title="bbox 227 982 1377 1064; baseline 0 -20"><span class='ocrx_word' id='word_1_26' title='bbox 227 990 297 1045; x_wconf 91' lang='lat' dir='ltr'><strong>tam</strong></span> <span class='ocrx_word' id='word_1_27' title='bbox 320 982 445 1046; x_wconf 89' lang='lat' dir='ltr'><strong>scilicet</strong></span> <span class='ocrx_word' id='word_1_28' title='bbox 468 983 591 1046; x_wconf 90' lang='lat' dir='ltr'><strong>inimo</strong></span> <span class='ocrx_word' id='word_1_29' title='bbox 613 1002 713 1064; x_wconf 90' lang='lat' dir='ltr'><strong>quarn</strong></span> <span class='ocrx_word' id='word_1_30' title='bbox 738 985 770 1046; x_wconf 91' lang='lat' dir='ltr'><strong>in</strong></span> <span class='ocrx_word' id='word_1_31' title='bbox 792 1004 934 1046; x_wconf 90' lang='lat' dir='ltr'><strong>summo.</strong></span> <span class='ocrx_word' id='word_1_32' title='bbox 979 983 1143 1048; x_wconf 88' lang='lat' dir='ltr'>Lucidum</span> <span class='ocrx_word' id='word_1_33' title='bbox 1160 1004 1238 1045; x_wconf 90' lang='lat' dir='ltr'><strong>vero</strong></span> <span class='ocrx_word' id='word_1_34' title='bbox 1256 983 1377 1046; x_wconf 93' lang='lat' dir='ltr'><strong>dicitur</strong></span> 
     </span>
     <span class='ocr_line' id='line_1_5' title="bbox 228 1085 1377 1168; baseline 0.003 -21"><span class='ocrx_word' id='word_1_35' title='bbox 228 1085 412 1167; x_wconf 83' lang='lat' dir='ltr'>dupliciter,</span> <span class='ocrx_word' id='word_1_36' title='bbox 433 1085 486 1150; x_wconf 88' lang='lat' dir='ltr'><strong>vel</strong></span> <span class='ocrx_word' id='word_1_37' title='bbox 508 1086 598 1150; x_wconf 89' lang='lat' dir='ltr'><strong>idem</strong></span> <span class='ocrx_word' id='word_1_38' title='bbox 621 1088 711 1168; x_wconf 91' lang='lat' dir='ltr'><strong>quod</strong></span> <span class='ocrx_word' id='word_1_39' title='bbox 735 1086 836 1151; x_wconf 90' lang='lat' dir='ltr'><strong>habet</strong></span> <span class='ocrx_word' id='word_1_40' title='bbox 859 1086 971 1150; x_wconf 91' lang='lat' dir='ltr'><strong>lumen</strong></span> <span class='ocrx_word' id='word_1_41' title='bbox 995 1087 1144 1153; x_wconf 86' lang='lat' dir='ltr'><strong>innatum</strong></span> <span class='ocrx_word' id='word_1_42' title='bbox 1175 1089 1260 1149; x_wconf 90' lang='lat' dir='ltr'><strong>sicut</strong></span> <span class='ocrx_word' id='word_1_43' title='bbox 1283 1086 1377 1168; x_wconf 85' lang='lat' dir='ltr'><strong>ignis,</strong></span> 
     </span>
     <span class='ocr_line' id='line_1_6' title="bbox 227 1189 1377 1272; baseline 0.002 -20"><span class='ocrx_word' id='word_1_44' title='bbox 227 1191 337 1266; x_wconf 88' lang='lat' dir='ltr'><strong>carbo,</strong></span> <span class='ocrx_word' id='word_1_45' title='bbox 359 1189 503 1270; x_wconf 88' lang='lat' dir='ltr'><strong>flamma,</strong></span> <span class='ocrx_word' id='word_1_46' title='bbox 525 1199 559 1255; x_wconf 93' lang='lat' dir='ltr'><strong>et</strong></span> <span class='ocrx_word' id='word_1_47' title='bbox 581 1189 706 1268; x_wconf 88' lang='lat' dir='ltr'><strong>stellae,</strong></span> <span class='ocrx_word' id='word_1_48' title='bbox 723 1191 776 1254; x_wconf 89' lang='lat' dir='ltr'><strong>vel</strong></span> <span class='ocrx_word' id='word_1_49' title='bbox 798 1191 891 1272; x_wconf 92' lang='lat' dir='ltr'><strong>quod</strong></span> <span class='ocrx_word' id='word_1_50' title='bbox 913 1213 979 1255; x_wconf 92' lang='lat' dir='ltr'><strong>non</strong></span> <span class='ocrx_word' id='word_1_51' title='bbox 1003 1191 1046 1254; x_wconf 94' lang='lat' dir='ltr'><strong>de</strong></span> <span class='ocrx_word' id='word_1_52' title='bbox 1067 1211 1103 1255; x_wconf 92' lang='lat' dir='ltr'><strong>se</strong></span> <span class='ocrx_word' id='word_1_53' title='bbox 1126 1190 1222 1268; x_wconf 81' lang='lat' dir='ltr'><strong>lucet,</strong></span> <span class='ocrx_word' id='word_1_54' title='bbox 1244 1191 1301 1254; x_wconf 99' lang='grc' dir='ltr'>5εά</span> <span class='ocrx_word' id='word_1_55' title='bbox 1326 1201 1377 1254; x_wconf 93' lang='lat' dir='ltr'><strong>est</strong></span> 
     </span>
     <span class='ocr_line' id='line_1_7' title="bbox 228 1293 1375 1378; baseline 0 -21"><span class='ocrx_word' id='word_1_56' title='bbox 228 1293 374 1357; x_wconf 89' lang='lat' dir='ltr'><strong>medium</strong></span> <span class='ocrx_word' id='word_1_57' title='bbox 390 1294 424 1356; x_wconf 91' lang='lat' dir='ltr'><strong>in</strong></span> <span class='ocrx_word' id='word_1_58' title='bbox 440 1293 513 1359; x_wconf 91' lang='lat' dir='ltr'><strong>luce</strong></span> <span class='ocrx_word' id='word_1_59' title='bbox 527 1315 586 1377; x_wconf 94' lang='lat' dir='ltr'><strong>per</strong></span> <span class='ocrx_word' id='word_1_60' title='bbox 600 1296 692 1377; x_wconf 93' lang='lat' dir='ltr'><strong>quod</strong></span> <span class='ocrx_word' id='word_1_61' title='bbox 710 1296 837 1372; x_wconf 88' lang='lat' dir='ltr'>transit,</span> <span class='ocrx_word' id='word_1_62' title='bbox 853 1304 890 1359; x_wconf 92' lang='lat' dir='ltr'><strong>ut</strong></span> <span class='ocrx_word' id='word_1_63' title='bbox 910 1316 996 1378; x_wconf 88' lang='lat' dir='ltr'><strong>aqua</strong></span> <span class='ocrx_word' id='word_1_64' title='bbox 1015 1293 1068 1358; x_wconf 87' lang='lat' dir='ltr'><strong>vel</strong></span> <span class='ocrx_word' id='word_1_65' title='bbox 1090 1315 1152 1372; x_wconf 91' lang='lat' dir='ltr'><strong>aer,</strong></span> <span class='ocrx_word' id='word_1_66' title='bbox 1166 1295 1218 1357; x_wconf 93' lang='lat' dir='ltr'><strong>vel</strong></span> <span class='ocrx_word' id='word_1_67' title='bbox 1239 1315 1326 1377; x_wconf 89' lang='lat' dir='ltr'><strong>aqua</strong></span> <span class='ocrx_word' id='word_1_68' title='bbox 1342 1305 1375 1358; x_wconf 93' lang='lat' dir='ltr'><strong>et</strong></span> 
     </span>
     <span class='ocr_line' id='line_1_8' title="bbox 228 1398 1375 1484; baseline 0 -24"><span class='ocrx_word' id='word_1_69' title='bbox 228 1399 314 1481; x_wconf 85' lang='lat' dir='ltr'><strong>ignis</strong></span> <span class='ocrx_word' id='word_1_70' title='bbox 329 1399 363 1462; x_wconf 95' lang='lat' dir='ltr'><strong>in</strong></span> <span class='ocrx_word' id='word_1_71' title='bbox 379 1420 439 1462; x_wconf 93' lang='lat' dir='ltr'><strong>sua</strong></span> <span class='ocrx_word' id='word_1_72' title='bbox 454 1400 603 1484; x_wconf 89' lang='lat' dir='ltr'><strong>sphaera,</strong></span> <span class='ocrx_word' id='word_1_73' title='bbox 618 1410 652 1464; x_wconf 93' lang='lat' dir='ltr'><strong>et</strong></span> <span class='ocrx_word' id='word_1_74' title='bbox 674 1399 771 1464; x_wconf 91' lang='lat' dir='ltr'><strong>orbes</strong></span> <span class='ocrx_word' id='word_1_75' title='bbox 790 1399 1008 1483; x_wconf 90' lang='lat' dir='ltr'><strong>planetarum.</strong></span> <span class='ocrx_word' id='word_1_76' title='bbox 1055 1399 1155 1464; x_wconf 88' lang='lat' dir='ltr'><strong>Unde</strong></span> <span class='ocrx_word' id='word_1_77' title='bbox 1177 1398 1375 1464; x_wconf 89' lang='lat' dir='ltr'><strong>Aristoteles</strong></span> 
     </span>
     <span class='ocr_line' id='line_1_9' title="bbox 227 1501 1376 1588; baseline 0.003 -23"><span class='ocrx_word' id='word_1_78' title='bbox 227 1503 306 1568; x_wconf 89' lang='lat' dir='ltr'><strong>dicit</strong></span> <span class='ocrx_word' id='word_1_79' title='bbox 320 1506 466 1569; x_wconf 90' lang='lat' dir='ltr'><strong>secundo</strong></span> <span class='ocrx_word' id='word_1_80' title='bbox 480 1505 657 1570; x_wconf 85' lang='lat' dir='ltr'><strong>deAnima</strong></span> <span class='ocrx_word' id='word_1_81' title='bbox 671 1501 761 1588; x_wconf 89' lang='lat' dir='ltr'><strong>quod</strong></span> <span class='ocrx_word' id='word_1_82' title='bbox 776 1505 868 1569; x_wconf 91' lang='lat' dir='ltr'><strong>color</strong></span> <span class='ocrx_word' id='word_1_83' title='bbox 878 1515 929 1570; x_wconf 90' lang='lat' dir='ltr'><strong>est</strong></span> <span class='ocrx_word' id='word_1_84' title='bbox 940 1506 1082 1569; x_wconf 92' lang='lat' dir='ltr'><strong>motivus</strong></span> <span class='ocrx_word' id='word_1_85' title='bbox 1090 1506 1178 1568; x_wconf 93' lang='lat' dir='ltr'><strong>visus</strong></span> <span class='ocrx_word' id='word_1_86' title='bbox 1194 1506 1376 1568; x_wconf 88' lang='lat' dir='ltr'><strong>secundum</strong></span> 
     </span>
     <span class='ocr_line' id='line_1_10' title="bbox 227 1607 1376 1684; baseline 0.001 -14"><span class='ocrx_word' id='word_1_87' title='bbox 227 1617 338 1671; x_wconf 90' lang='lat' dir='ltr'><strong>actum</strong></span> <span class='ocrx_word' id='word_1_88' title='bbox 350 1608 458 1684; x_wconf 92' lang='lat' dir='ltr'><strong>lucidi,</strong></span> <span class='ocrx_word' id='word_1_89' title='bbox 468 1609 500 1672; x_wconf 95' lang='lat' dir='ltr'><strong>id</strong></span> <span class='ocrx_word' id='word_1_90' title='bbox 514 1619 573 1683; x_wconf 89' lang='lat' dir='ltr'><strong>est,</strong></span> <span class='ocrx_word' id='word_1_91' title='bbox 584 1608 683 1672; x_wconf 89' lang='lat' dir='ltr'><strong>medii</strong></span> <span class='ocrx_word' id='word_1_92' title='bbox 700 1607 875 1672; x_wconf 89' lang='lat' dir='ltr'><strong>illuminati</strong></span> <span class='ocrx_word' id='word_1_93' title='bbox 892 1620 929 1673; x_wconf 89' lang='lat' dir='ltr'><strong>ut</strong></span> <span class='ocrx_word' id='word_1_94' title='bbox 940 1611 1024 1672; x_wconf 89' lang='lat' dir='ltr'><strong>aeris</strong></span> <span class='ocrx_word' id='word_1_95' title='bbox 1034 1608 1087 1673; x_wconf 90' lang='lat' dir='ltr'><strong>vel</strong></span> <span class='ocrx_word' id='word_1_96' title='bbox 1098 1608 1242 1674; x_wconf 89' lang='lat' dir='ltr'><strong>alterius.</strong></span> <span class='ocrx_word' id='word_1_97' title='bbox 1282 1608 1328 1672; x_wconf 91' lang='lat' dir='ltr'><strong>Et</strong></span> <span class='ocrx_word' id='word_1_98' title='bbox 1344 1609 1376 1671; x_wconf 78' lang='lat' dir='ltr'><strong>In</strong></span> 
     </span>
     <span class='ocr_line' id='line_1_11' title="bbox 228 1711 1377 1796; baseline 0.003 -24"><span class='ocrx_word' id='word_1_99' title='bbox 228 1712 337 1791; x_wconf 85' lang='lat' dir='ltr'><strong>primo</strong></span> <span class='ocrx_word' id='word_1_100' title='bbox 349 1713 684 1796; x_wconf 85' lang='lat' dir='ltr'><strong>Meteorologicorum</strong></span> <span class='ocrx_word' id='word_1_101' title='bbox 695 1712 776 1776; x_wconf 90' lang='lat' dir='ltr'><strong>dicit</strong></span> <span class='ocrx_word' id='word_1_102' title='bbox 787 1715 878 1796; x_wconf 91' lang='lat' dir='ltr'><strong>quod</strong></span> <span class='ocrx_word' id='word_1_103' title='bbox 892 1713 977 1796; x_wconf 87' lang='lat' dir='ltr'><strong>ignis</strong></span> <span class='ocrx_word' id='word_1_104' title='bbox 988 1722 1038 1777; x_wconf 88' lang='lat' dir='ltr'><strong>est</strong></span> <span class='ocrx_word' id='word_1_105' title='bbox 1050 1711 1178 1778; x_wconf 90' lang='lat' dir='ltr'><strong>lucidus</strong></span> <span class='ocrx_word' id='word_1_106' title='bbox 1192 1714 1224 1776; x_wconf 96' lang='lat' dir='ltr'><strong>in</strong></span> <span class='ocrx_word' id='word_1_107' title='bbox 1236 1712 1377 1796; x_wconf 89' lang='lat' dir='ltr'><strong>sphaera</strong></span> 
     </span>
     <span class='ocr_line' id='line_1_12' title="bbox 227 1817 1377 1900; baseline 0.003 -23"><span class='ocrx_word' id='word_1_108' title='bbox 227 1835 295 1892; x_wconf 92' lang='lat' dir='ltr'><strong>sua,</strong></span> <span class='ocrx_word' id='word_1_109' title='bbox 310 1819 369 1881; x_wconf 90' lang='lat' dir='ltr'><strong>sed</strong></span> <span class='ocrx_word' id='word_1_110' title='bbox 387 1826 499 1881; x_wconf 92' lang='lat' dir='ltr'><strong>tamen</strong></span> <span class='ocrx_word' id='word_1_111' title='bbox 515 1838 580 1882; x_wconf 92' lang='lat' dir='ltr'><strong>non</strong></span> <span class='ocrx_word' id='word_1_112' title='bbox 597 1818 699 1882; x_wconf 89' lang='lat' dir='ltr'><strong>habet</strong></span> <span class='ocrx_word' id='word_1_113' title='bbox 714 1817 820 1882; x_wconf 88' lang='lat' dir='ltr'><strong>lucem</strong></span> <span class='ocrx_word' id='word_1_114' title='bbox 843 1818 949 1883; x_wconf 87' lang='lat' dir='ltr'>fixam</span> <span class='ocrx_word' id='word_1_115' title='bbox 974 1818 1030 1882; x_wconf 90' lang='lat' dir='ltr'><strong>sed</strong></span> <span class='ocrx_word' id='word_1_116' title='bbox 1049 1827 1283 1892; x_wconf 86' lang='lat' dir='ltr'><strong>transeuntem,</strong></span> <span class='ocrx_word' id='word_1_117' title='bbox 1299 1819 1377 1900; x_wconf 91' lang='lat' dir='ltr'><strong>quia</strong></span> 
     </span>
     <span class='ocr_line' id='line_1_13' title="bbox 225 1920 1375 1987; baseline 0.001 -4"><span class='ocrx_word' id='word_1_118' title='bbox 225 1920 408 1985; x_wconf 89' lang='lat' dir='ltr'><strong>nonhabet</strong></span> <span class='ocrx_word' id='word_1_119' title='bbox 424 1921 531 1985; x_wconf 91' lang='lat' dir='ltr'><strong>lucem</strong></span> <span class='ocrx_word' id='word_1_120' title='bbox 557 1921 660 1986; x_wconf 89' lang='lat' dir='ltr'><strong>fixam</strong></span> <span class='ocrx_word' id='word_1_121' title='bbox 676 1923 739 1985; x_wconf 92' lang='lat' dir='ltr'><strong>nisi</strong></span> <span class='ocrx_word' id='word_1_122' title='bbox 760 1923 794 1986; x_wconf 92' lang='lat' dir='ltr'><strong>in</strong></span> <span class='ocrx_word' id='word_1_123' title='bbox 814 1923 957 1987; x_wconf 87' lang='lat' dir='ltr'>carbone</span> <span class='ocrx_word' id='word_1_124' title='bbox 977 1931 1010 1985; x_wconf 88' lang='lat' dir='ltr'><strong>et</strong></span> <span class='ocrx_word' id='word_1_125' title='bbox 1033 1921 1177 1987; x_wconf 88' lang='lat' dir='ltr'><strong>flamma.</strong></span> <span class='ocrx_word' id='word_1_126' title='bbox 1224 1923 1375 1986; x_wconf 89' lang='lat' dir='ltr'><strong>Densum</strong></span> 
     </span>
     <span class='ocr_line' id='line_1_14' title="bbox 226 2025 1377 2110; baseline 0.002 -24"><span class='ocrx_word' id='word_1_127' title='bbox 226 2045 305 2087; x_wconf 92' lang='lat' dir='ltr'><strong>vero</strong></span> <span class='ocrx_word' id='word_1_128' title='bbox 319 2028 500 2108; x_wconf 90' lang='lat' dir='ltr'><strong>opponitur</strong></span> <span class='ocrx_word' id='word_1_129' title='bbox 513 2029 669 2092; x_wconf 86' lang='lat' dir='ltr'><strong>omnibus</strong></span> <span class='ocrx_word' id='word_1_130' title='bbox 684 2028 765 2106; x_wconf 61' lang='lat' dir='ltr'><strong>istis</strong></span> <span class='ocrx_word' id='word_1_131' title='bbox 780 2029 838 2092; x_wconf 90' lang='lat' dir='ltr'><strong>sed</strong></span> <span class='ocrx_word' id='word_1_132' title='bbox 857 2028 964 2110; x_wconf 92' lang='lat' dir='ltr'><strong>primo</strong></span> <span class='ocrx_word' id='word_1_133' title='bbox 980 2034 1013 2090; x_wconf 89' lang='lat' dir='ltr'><strong>et</strong></span> <span class='ocrx_word' id='word_1_134' title='bbox 1029 2047 1087 2110; x_wconf 92' lang='lat' dir='ltr'><strong>per</strong></span> <span class='ocrx_word' id='word_1_135' title='bbox 1106 2047 1142 2088; x_wconf 90' lang='lat' dir='ltr'><strong>se</strong></span> <span class='ocrx_word' id='word_1_136' title='bbox 1158 2025 1377 2090; x_wconf 87' lang='lat' dir='ltr'>contrariatur</span> 
     </span>
     <span class='ocr_line' id='line_1_15' title="bbox 226 2128 1376 2215; baseline 0.002 -26"><span class='ocrx_word' id='word_1_137' title='bbox 226 2147 308 2202; x_wconf 88' lang='lat' dir='ltr'><strong>raro,</strong></span> <span class='ocrx_word' id='word_1_138' title='bbox 324 2132 402 2211; x_wconf 90' lang='lat' dir='ltr'><strong>quia</strong></span> <span class='ocrx_word' id='word_1_139' title='bbox 424 2133 564 2196; x_wconf 91' lang='lat' dir='ltr'><strong>densum</strong></span> <span class='ocrx_word' id='word_1_140' title='bbox 586 2133 748 2215; x_wconf 89' lang='lat' dir='ltr'><strong>estquod</strong></span> <span class='ocrx_word' id='word_1_141' title='bbox 771 2131 873 2196; x_wconf 92' lang='lat' dir='ltr'><strong>habet</strong></span> <span class='ocrx_word' id='word_1_142' title='bbox 893 2141 1004 2214; x_wconf 89' lang='lat' dir='ltr'><strong>partes</strong></span> <span class='ocrx_word' id='word_1_143' title='bbox 1026 2131 1210 2213; x_wconf 86' lang='lat' dir='ltr'><strong>propinque</strong></span> <span class='ocrx_word' id='word_1_144' title='bbox 1228 2128 1376 2210; x_wconf 91' lang='lat' dir='ltr'><strong>jacentes</strong></span> 
     </span>
     <span class='ocr_line' id='line_1_16' title="bbox 226 2233 1374 2320; baseline 0.002 -27"><span class='ocrx_word' id='word_1_145' title='bbox 226 2240 260 2294; x_wconf 91' lang='lat' dir='ltr'><strong>et</strong></span> <span class='ocrx_word' id='word_1_146' title='bbox 275 2235 442 2298; x_wconf 85' lang='lat' dir='ltr'><strong>mediante</strong></span> <span class='ocrx_word' id='word_1_147' title='bbox 458 2257 531 2301; x_wconf 88' lang='lat' dir='ltr'><strong>raro</strong></span> <span class='ocrx_word' id='word_1_148' title='bbox 546 2237 726 2320; x_wconf 89' lang='lat' dir='ltr'><strong>apponitur</strong></span> <span class='ocrx_word' id='word_1_149' title='bbox 739 2236 822 2301; x_wconf 92' lang='lat' dir='ltr'><strong>aliis.</strong></span> <span class='ocrx_word' id='word_1_150' title='bbox 868 2235 904 2298; x_wconf 92' lang='lat' dir='ltr'><strong>Si</strong></span> <span class='ocrx_word' id='word_1_151' title='bbox 917 2237 1018 2299; x_wconf 92' lang='lat' dir='ltr'><strong>etiam</strong></span> <span class='ocrx_word' id='word_1_152' title='bbox 1033 2235 1178 2298; x_wconf 90' lang='lat' dir='ltr'><strong>medium</strong></span> <span class='ocrx_word' id='word_1_153' title='bbox 1193 2235 1237 2296; x_wconf 92' lang='lat' dir='ltr'><strong>sit</strong></span> <span class='ocrx_word' id='word_1_154' title='bbox 1248 2233 1374 2315; x_wconf 85' lang='lat' dir='ltr'><strong>duplex</strong></span> 
     </span>
     <span class='ocr_line' id='line_1_17' title="bbox 225 2336 1376 2422; baseline 0.003 -24"><span class='ocrx_word' id='word_1_155' title='bbox 225 2336 259 2398; x_wconf 89' lang='lat' dir='ltr'><strong>in</strong></span> <span class='ocrx_word' id='word_1_156' title='bbox 289 2347 407 2401; x_wconf 87' lang='lat' dir='ltr'><strong>natura</strong></span> <span class='ocrx_word' id='word_1_157' title='bbox 437 2351 471 2404; x_wconf 89' lang='lat' dir='ltr'><strong>et</strong></span> <span class='ocrx_word' id='word_1_158' title='bbox 500 2341 620 2422; x_wconf 90' lang='lat' dir='ltr'><strong>specie,</strong></span> <span class='ocrx_word' id='word_1_159' title='bbox 635 2351 669 2404; x_wconf 90' lang='lat' dir='ltr'><strong>et</strong></span> <span class='ocrx_word' id='word_1_160' title='bbox 699 2351 812 2404; x_wconf 89' lang='lat' dir='ltr'><strong>tamen</strong></span> <span class='ocrx_word' id='word_1_161' title='bbox 849 2340 1025 2404; x_wconf 90' lang='lat' dir='ltr'><strong>conveniat</strong></span> <span class='ocrx_word' id='word_1_162' title='bbox 1057 2340 1089 2403; x_wconf 94' lang='lat' dir='ltr'><strong>in</strong></span> <span class='ocrx_word' id='word_1_163' title='bbox 1126 2338 1376 2420; x_wconf 89' lang='lat' dir='ltr'><strong>diaphaneitate</strong></span> 
     </span>
     <span class='ocr_line' id='line_1_18' title="bbox 225 2440 1375 2528; baseline 0.002 -26"><span class='ocrx_word' id='word_1_164' title='bbox 225 2440 388 2518; x_wconf 89' lang='lat' dir='ltr'><strong>ordinata,</strong></span> <span class='ocrx_word' id='word_1_165' title='bbox 401 2453 437 2505; x_wconf 96' lang='lat' dir='ltr'><strong>ut</strong></span> <span class='ocrx_word' id='word_1_166' title='bbox 448 2444 567 2507; x_wconf 90' lang='lat' dir='ltr'><strong>accidit</strong></span> <span class='ocrx_word' id='word_1_167' title='bbox 580 2444 613 2505; x_wconf 95' lang='lat' dir='ltr'><strong>in</strong></span> <span class='ocrx_word' id='word_1_168' title='bbox 625 2443 767 2508; x_wconf 87' lang='lat' dir='ltr'><strong>confinio</strong></span> <span class='ocrx_word' id='word_1_169' title='bbox 782 2444 866 2507; x_wconf 90' lang='lat' dir='ltr'><strong>aeris</strong></span> <span class='ocrx_word' id='word_1_170' title='bbox 879 2455 914 2508; x_wconf 91' lang='lat' dir='ltr'><strong>et</strong></span> <span class='ocrx_word' id='word_1_171' title='bbox 930 2445 1026 2528; x_wconf 75' lang='lat' dir='ltr'><strong>igniS,</strong></span> <span class='ocrx_word' id='word_1_172' title='bbox 1037 2444 1080 2507; x_wconf 90' lang='lat' dir='ltr'><strong>ad</strong></span> <span class='ocrx_word' id='word_1_173' title='bbox 1094 2443 1156 2507; x_wconf 93' lang='lat' dir='ltr'><strong>hoc</strong></span> <span class='ocrx_word' id='word_1_174' title='bbox 1169 2453 1219 2506; x_wconf 90' lang='lat' dir='ltr'><strong>est</strong></span> <span class='ocrx_word' id='word_1_175' title='bbox 1231 2443 1375 2506; x_wconf 90' lang='lat' dir='ltr'><strong>incessus</strong></span> 
     </span>
     <span class='ocr_line' id='line_1_19' title="bbox 226 2546 1374 2630; baseline 0.003 -26"><span class='ocrx_word' id='word_1_176' title='bbox 226 2552 352 2619; x_wconf 81' lang='lat' dir='ltr'><strong>rectus3</strong></span> <span class='ocrx_word' id='word_1_177' title='bbox 378 2546 465 2608; x_wconf 90' lang='lat' dir='ltr'><strong>unde</strong></span> <span class='ocrx_word' id='word_1_178' title='bbox 488 2566 604 2609; x_wconf 90' lang='lat' dir='ltr'><strong>omnes</strong></span> <span class='ocrx_word' id='word_1_179' title='bbox 626 2548 708 2610; x_wconf 93' lang='lat' dir='ltr'><strong>radii</strong></span> <span class='ocrx_word' id='word_1_180' title='bbox 735 2549 791 2630; x_wconf 91' lang='lat' dir='ltr'><strong>qui</strong></span> <span class='ocrx_word' id='word_1_181' title='bbox 814 2557 987 2611; x_wconf 87' lang='lat' dir='ltr'><strong>transeunt</strong></span> <span class='ocrx_word' id='word_1_182' title='bbox 1013 2569 1033 2612; x_wconf 91' lang='lat' dir='ltr'><strong>a</strong></span> <span class='ocrx_word' id='word_1_183' title='bbox 1060 2547 1200 2630; x_wconf 87' lang='lat' dir='ltr'><strong>sphaera</strong></span> <span class='ocrx_word' id='word_1_184' title='bbox 1227 2548 1313 2628; x_wconf 88' lang='lat' dir='ltr'><strong>ignis</strong></span> <span class='ocrx_word' id='word_1_185' title='bbox 1341 2547 1374 2608; x_wconf 91' lang='lat' dir='ltr'><strong>in</strong></span> 
     </span>
     <span class='ocr_line' id='line_1_20' title="bbox 225 2646 1375 2729; baseline 0.005 -19"><span class='ocrx_word' id='word_1_186' title='bbox 225 2646 401 2729; x_wconf 89' lang='lat' dir='ltr'><strong>sphaeram</strong></span> <span class='ocrx_word' id='word_1_187' title='bbox 431 2651 516 2712; x_wconf 92' lang='lat' dir='ltr'><strong>aeris</strong></span> <span class='ocrx_word' id='word_1_188' title='bbox 545 2660 660 2714; x_wconf 88' lang='lat' dir='ltr'><strong>tenent</strong></span> <span class='ocrx_word' id='word_1_189' title='bbox 698 2653 861 2716; x_wconf 87' lang='lat' dir='ltr'><strong>incessum</strong></span> <span class='ocrx_word' id='word_1_190' title='bbox 902 2663 1037 2727; x_wconf 92' lang='lat' dir='ltr'><strong>rectum,</strong></span> <span class='ocrx_word' id='word_1_191' title='bbox 1074 2663 1108 2716; x_wconf 92' lang='lat' dir='ltr'><strong>et</strong></span> <span class='ocrx_word' id='word_1_192' title='bbox 1145 2673 1211 2716; x_wconf 92' lang='lat' dir='ltr'><strong>non</strong></span> <span class='ocrx_word' id='word_1_193' title='bbox 1249 2652 1375 2717; x_wconf 83' lang='lat' dir='ltr'><strong>faciunt</strong></span> 
     </span>
     <span class='ocr_line' id='line_1_21' title="bbox 224 2752 1375 2837; baseline 0.007 -24"><span class='ocrx_word' id='word_1_194' title='bbox 224 2752 395 2836; x_wconf 85' lang='lat' dir='ltr'><strong>angulum,</strong></span> <span class='ocrx_word' id='word_1_195' title='bbox 413 2753 496 2817; x_wconf 92' lang='lat' dir='ltr'><strong>sicut</strong></span> <span class='ocrx_word' id='word_1_196' title='bbox 512 2754 645 2818; x_wconf 83' lang='lat' dir='ltr'><strong>inferius</strong></span> <span class='ocrx_word' id='word_1_197' title='bbox 661 2756 894 2837; x_wconf 87' lang='lat' dir='ltr'><strong>explanabitur</strong></span> <span class='ocrx_word' id='word_1_198' title='bbox 909 2778 970 2821; x_wconf 92' lang='lat' dir='ltr'><strong>suo</strong></span> <span class='ocrx_word' id='word_1_199' title='bbox 994 2758 1078 2821; x_wconf 91' lang='lat' dir='ltr'><strong>loco.</strong></span> <span class='ocrx_word' id='word_1_200' title='bbox 1124 2757 1170 2822; x_wconf 89' lang='lat' dir='ltr'><strong>Et</strong></span> <span class='ocrx_word' id='word_1_201' title='bbox 1194 2759 1239 2822; x_wconf 87' lang='lat' dir='ltr'><strong>sic</strong></span> <span class='ocrx_word' id='word_1_202' title='bbox 1260 2768 1310 2822; x_wconf 91' lang='lat' dir='ltr'><strong>est</strong></span> <span class='ocrx_word' id='word_1_203' title='bbox 1332 2761 1375 2823; x_wconf 93' lang='lat' dir='ltr'><strong>de</strong></span> 
     </span>
     <span class='ocr_line' id='line_1_22' title="bbox 224 2857 1373 2940; baseline 0.001 -17"><span class='ocrx_word' id='word_1_204' title='bbox 224 2858 418 2940; x_wconf 89' lang='lat' dir='ltr'><strong>corporibus</strong></span> <span class='ocrx_word' id='word_1_205' title='bbox 433 2857 641 2923; x_wconf 88' lang='lat' dir='ltr'><strong>coelestibus.</strong></span> <span class='ocrx_word' id='word_1_206' title='bbox 686 2859 776 2924; x_wconf 89' lang='lat' dir='ltr'><strong>Nam</strong></span> <span class='ocrx_word' id='word_1_207' title='bbox 791 2862 888 2926; x_wconf 89' lang='lat' dir='ltr'><strong>orbes</strong></span> <span class='ocrx_word' id='word_1_208' title='bbox 904 2861 1072 2930; x_wconf 85' lang='lat' dir='ltr'><strong>coelestes,</strong></span> <span class='ocrx_word' id='word_1_209' title='bbox 1084 2861 1160 2924; x_wconf 93' lang='lat' dir='ltr'><strong>licet</strong></span> <span class='ocrx_word' id='word_1_210' title='bbox 1170 2861 1237 2925; x_wconf 91' lang='lat' dir='ltr'><strong>sint</strong></span> <span class='ocrx_word' id='word_1_211' title='bbox 1252 2862 1373 2926; x_wconf 91' lang='lat' dir='ltr'><strong>diversi</strong></span> 
     </span>
     <span class='ocr_line' id='line_1_23' title="bbox 225 2962 1373 3049; baseline 0.004 -26"><span class='ocrx_word' id='word_1_212' title='bbox 225 2962 258 3025; x_wconf 92' lang='lat' dir='ltr'><strong>in</strong></span> <span class='ocrx_word' id='word_1_213' title='bbox 275 2972 392 3027; x_wconf 91' lang='lat' dir='ltr'><strong>natura</strong></span> <span class='ocrx_word' id='word_1_214' title='bbox 408 2971 442 3026; x_wconf 93' lang='lat' dir='ltr'><strong>et</strong></span> <span class='ocrx_word' id='word_1_215' title='bbox 460 2963 578 3044; x_wconf 89' lang='lat' dir='ltr'><strong>specie,</strong></span> <span class='ocrx_word' id='word_1_216' title='bbox 593 2973 706 3028; x_wconf 89' lang='lat' dir='ltr'><strong>tamen</strong></span> <span class='ocrx_word' id='word_1_217' title='bbox 718 2967 915 3029; x_wconf 90' lang='lat' dir='ltr'><strong>conveniunt</strong></span> <span class='ocrx_word' id='word_1_218' title='bbox 932 2966 964 3028; x_wconf 91' lang='lat' dir='ltr'><strong>in</strong></span> <span class='ocrx_word' id='word_1_219' title='bbox 980 2965 1238 3049; x_wconf 89' lang='lat' dir='ltr'><strong>diaphaneitate,</strong></span> <span class='ocrx_word' id='word_1_220' title='bbox 1254 2975 1373 3029; x_wconf 92' lang='lat' dir='ltr'><strong>utnon</strong></span> 
     </span>
     <span class='ocr_line' id='line_1_24' title="bbox 226 3066 1374 3152; baseline 0.002 -23"><span class='ocrx_word' id='word_1_221' title='bbox 226 3067 427 3150; x_wconf 90' lang='lat' dir='ltr'><strong>impediatur</strong></span> <span class='ocrx_word' id='word_1_222' title='bbox 464 3066 610 3132; x_wconf 85' lang='lat' dir='ltr'><strong>incessus</strong></span> <span class='ocrx_word' id='word_1_223' title='bbox 647 3079 756 3132; x_wconf 89' lang='lat' dir='ltr'><strong>rectus</strong></span> <span class='ocrx_word' id='word_1_224' title='bbox 785 3071 897 3152; x_wconf 91' lang='lat' dir='ltr'><strong>quoad</strong></span> <span class='ocrx_word' id='word_1_225' title='bbox 927 3070 1088 3152; x_wconf 90' lang='lat' dir='ltr'><strong>judicium</strong></span> <span class='ocrx_word' id='word_1_226' title='bbox 1119 3091 1233 3133; x_wconf 91' lang='lat' dir='ltr'><strong>sensus</strong></span> <span class='ocrx_word' id='word_1_227' title='bbox 1263 3071 1374 3134; x_wconf 89' lang='lat' dir='ltr'><strong>nostri.</strong></span> 
     </span>
     <span class='ocr_line' id='line_1_25' title="bbox 225 3169 1373 3256; baseline 0.003 -22"><span class='ocrx_word' id='word_1_228' title='bbox 225 3169 262 3235; x_wconf 89' lang='lat' dir='ltr'><strong>Si</strong></span> <span class='ocrx_word' id='word_1_229' title='bbox 277 3181 390 3234; x_wconf 89' lang='lat' dir='ltr'><strong>autem</strong></span> <span class='ocrx_word' id='word_1_230' title='bbox 406 3171 473 3234; x_wconf 89' lang='lat' dir='ltr'><strong>sint</strong></span> <span class='ocrx_word' id='word_1_231' title='bbox 489 3172 598 3236; x_wconf 90' lang='lat' dir='ltr'><strong>media</strong></span> <span class='ocrx_word' id='word_1_232' title='bbox 614 3173 763 3237; x_wconf 89' lang='lat' dir='ltr'><strong>diversae</strong></span> <span class='ocrx_word' id='word_1_233' title='bbox 779 3174 1035 3256; x_wconf 89' lang='lat' dir='ltr'><strong>diaphaneitatis</strong></span> <span class='ocrx_word' id='word_1_234' title='bbox 1050 3173 1253 3248; x_wconf 86' lang='lat' dir='ltr'><strong>sensibiliter,</strong></span> <span class='ocrx_word' id='word_1_235' title='bbox 1269 3185 1307 3238; x_wconf 91' lang='lat' dir='ltr'><strong>ut</strong></span> <span class='ocrx_word' id='word_1_236' title='bbox 1323 3183 1373 3239; x_wconf 93' lang='lat' dir='ltr'><strong>est</strong></span> 
     </span>
     <span class='ocr_line' id='line_1_26' title="bbox 222 3274 1373 3362; baseline 0.004 -24"><span class='ocrx_word' id='word_1_237' title='bbox 222 3274 352 3339; x_wconf 89' lang='lat' dir='ltr'><strong>coelum</strong></span> <span class='ocrx_word' id='word_1_238' title='bbox 376 3286 410 3339; x_wconf 93' lang='lat' dir='ltr'><strong>et</strong></span> <span class='ocrx_word' id='word_1_239' title='bbox 432 3276 527 3358; x_wconf 85' lang='lat' dir='ltr'><strong>ignis,</strong></span> <span class='ocrx_word' id='word_1_240' title='bbox 548 3276 699 3341; x_wconf 90' lang='lat' dir='ltr'><strong>similiter</strong></span> <span class='ocrx_word' id='word_1_241' title='bbox 720 3298 777 3341; x_wconf 89' lang='lat' dir='ltr'><strong>aer</strong></span> <span class='ocrx_word' id='word_1_242' title='bbox 797 3287 832 3340; x_wconf 92' lang='lat' dir='ltr'><strong>et</strong></span> <span class='ocrx_word' id='word_1_243' title='bbox 854 3299 949 3361; x_wconf 88' lang='lat' dir='ltr'><strong>aqua,</strong></span> <span class='ocrx_word' id='word_1_244' title='bbox 974 3289 1052 3343; x_wconf 91' lang='lat' dir='ltr'><strong>tunc</strong></span> <span class='ocrx_word' id='word_1_245' title='bbox 1074 3280 1102 3342; x_wconf 92' lang='lat' dir='ltr'><strong>si</strong></span> <span class='ocrx_word' id='word_1_246' title='bbox 1126 3280 1253 3362; x_wconf 91' lang='lat' dir='ltr'><strong>species</strong></span> <span class='ocrx_word' id='word_1_247' title='bbox 1282 3281 1373 3344; x_wconf 91' lang='lat' dir='ltr'><strong>venit</strong></span> 
     </span>
     <span class='ocr_line' id='line_1_27' title="bbox 222 3381 1372 3466; baseline 0.003 -22"><span class='ocrx_word' id='word_1_248' title='bbox 222 3381 536 3463; x_wconf 87' lang='lat' dir='ltr'><strong>perpendiculariter</strong></span> <span class='ocrx_word' id='word_1_249' title='bbox 557 3401 657 3466; x_wconf 90' lang='lat' dir='ltr'><strong>super</strong></span> <span class='ocrx_word' id='word_1_250' title='bbox 679 3402 719 3446; x_wconf 90' lang='lat' dir='ltr'><strong>ea</strong></span> <span class='ocrx_word' id='word_1_251' title='bbox 740 3383 850 3446; x_wconf 89' lang='lat' dir='ltr'><strong>adhuc</strong></span> <span class='ocrx_word' id='word_1_252' title='bbox 880 3382 919 3448; x_wconf 84' lang='lat' dir='ltr'><strong>fit</strong></span> <span class='ocrx_word' id='word_1_253' title='bbox 948 3384 1092 3449; x_wconf 87' lang='lat' dir='ltr'><strong>incessus</strong></span> <span class='ocrx_word' id='word_1_254' title='bbox 1115 3393 1229 3458; x_wconf 89' lang='lat' dir='ltr'><strong>rectus,</strong></span> <span class='ocrx_word' id='word_1_255' title='bbox 1254 3405 1313 3448; x_wconf 91' lang='lat' dir='ltr'><strong>nec</strong></span> <span class='ocrx_word' id='word_1_256' title='bbox 1335 3383 1372 3448; x_wconf 90' lang='lat' dir='ltr'><strong>fit</strong></span> 
     </span>
     <span class='ocr_line' id='line_1_28' title="bbox 222 3484 1372 3572; baseline 0.005 -25"><span class='ocrx_word' id='word_1_257' title='bbox 222 3484 373 3568; x_wconf 86' lang='lat' dir='ltr'><strong>angulus.</strong></span> <span class='ocrx_word' id='word_1_258' title='bbox 419 3485 520 3550; x_wconf 89' lang='lat' dir='ltr'><strong>Unde</strong></span> <span class='ocrx_word' id='word_1_259' title='bbox 549 3506 664 3550; x_wconf 89' lang='lat' dir='ltr'><strong>omnes</strong></span> <span class='ocrx_word' id='word_1_260' title='bbox 694 3487 787 3566; x_wconf 91' lang='lat' dir='ltr'><strong>radii,</strong></span> <span class='ocrx_word' id='word_1_261' title='bbox 816 3488 873 3570; x_wconf 93' lang='lat' dir='ltr'><strong>qui</strong></span> <span class='ocrx_word' id='word_1_262' title='bbox 904 3488 1027 3552; x_wconf 91' lang='lat' dir='ltr'><strong>cadunt</strong></span> <span class='ocrx_word' id='word_1_263' title='bbox 1057 3487 1372 3572; x_wconf 64' lang='lat' dir='ltr'><strong>perpendiculariter</strong></span> 
     </span>
     <span class='ocr_line' id='line_1_29' title="bbox 222 3588 1373 3668; baseline 0.006 -23"><span class='ocrx_word' id='word_1_264' title='bbox 222 3603 322 3666; x_wconf 89' lang='lat' dir='ltr'><strong>super</strong></span> <span class='ocrx_word' id='word_1_265' title='bbox 350 3605 488 3668; x_wconf 88' lang='lat' dir='ltr'><strong>corpora</strong></span> <span class='ocrx_word' id='word_1_266' title='bbox 518 3588 643 3664; x_wconf 89' lang='lat' dir='ltr'><strong>mundi,</strong></span> <span class='ocrx_word' id='word_1_267' title='bbox 673 3588 737 3652; x_wconf 89' lang='lat' dir='ltr'><strong>hoc</strong></span> <span class='ocrx_word' id='word_1_268' title='bbox 767 3599 828 3662; x_wconf 90' lang='lat' dir='ltr'><strong>est,</strong></span> <span class='ocrx_word' id='word_1_269' title='bbox 861 3590 894 3651; x_wconf 95' lang='lat' dir='ltr'><strong>in</strong></span> <span class='ocrx_word' id='word_1_270' title='bbox 930 3599 1080 3653; x_wconf 91' lang='lat' dir='ltr'><strong>centrum</strong></span> <span class='ocrx_word' id='word_1_271' title='bbox 1111 3591 1233 3667; x_wconf 91' lang='lat' dir='ltr'><strong>mundi,</strong></span> <span class='ocrx_word' id='word_1_272' title='bbox 1257 3598 1373 3653; x_wconf 91' lang='lat' dir='ltr'><strong>tenent</strong></span> 
     </span>
     <span class='ocr_line' id='line_1_30' title="bbox 222 3689 871 3778; baseline 0.008 -27"><span class='ocrx_word' id='word_1_273' title='bbox 222 3689 387 3753; x_wconf 88' lang='lat' dir='ltr'><strong>incessum</strong></span> <span class='ocrx_word' id='word_1_274' title='bbox 402 3700 526 3755; x_wconf 82' lang='lat' dir='ltr'><strong>rectum</strong></span> <span class='ocrx_word' id='word_1_275' title='bbox 542 3693 575 3756; x_wconf 94' lang='lat' dir='ltr'><strong>in</strong></span> <span class='ocrx_word' id='word_1_276' title='bbox 593 3692 657 3756; x_wconf 87' lang='lat' dir='ltr'><strong>illis</strong></span> <span class='ocrx_word' id='word_1_277' title='bbox 672 3694 871 3778; x_wconf 82' lang='lat' dir='ltr'><strong>corporibus</strong></span> 
     </span>
     <span class='ocr_line' id='line_1_31' title="bbox 267 3791 1478 3882; baseline 0.008 -27"><span class='ocrx_word' id='word_1_278' title='bbox 267 3791 335 3855; x_wconf 90' lang='lat' dir='ltr'><strong>Sed</strong></span> <span class='ocrx_word' id='word_1_279' title='bbox 371 3795 504 3875; x_wconf 90' lang='lat' dir='ltr'><strong>quando</strong></span> <span class='ocrx_word' id='word_1_280' title='bbox 539 3797 665 3880; x_wconf 87' lang='lat' dir='ltr'><strong>species</strong></span> <span class='ocrx_word' id='word_1_281' title='bbox 702 3818 768 3860; x_wconf 91' lang='lat' dir='ltr'><strong>non</strong></span> <span class='ocrx_word' id='word_1_282' title='bbox 803 3797 894 3861; x_wconf 89' lang='lat' dir='ltr'><strong>cadit</strong></span> <span class='ocrx_word' id='word_1_283' title='bbox 928 3797 1242 3880; x_wconf 88' lang='lat' dir='ltr'><strong>perpendiculariter</strong></span> <span class='ocrx_word' id='word_1_284' title='bbox 1272 3819 1373 3882; x_wconf 89' lang='lat' dir='ltr'><strong>super</strong></span> <span class='ocrx_word' id='word_1_285' title='bbox 1388 3830 1409 3864; x_wconf 79' lang='lat'><strong>2.</strong></span> <span class='ocrx_word' id='word_1_286' title='bbox 1429 3815 1478 3864; x_wconf 86' lang='lat' dir='ltr'><strong>Re-</strong></span> 
     </span>
    </p>

    <p class='ocr_par' dir='ltr' id='par_1_3' title="bbox 222 3881 1544 3983">
     <span class='ocr_line' id='line_1_32' title="bbox 222 3881 1544 3983; baseline 0.006 -25"><span class='ocrx_word' id='word_1_287' title='bbox 222 3915 341 3980; x_wconf 86' lang='lat' dir='ltr'><strong>corpus</strong></span> <span class='ocrx_word' id='word_1_288' title='bbox 353 3898 534 3961; x_wconf 89' lang='lat' dir='ltr'><strong>secundum</strong></span> <span class='ocrx_word' id='word_1_289' title='bbox 544 3900 692 3963; x_wconf 89' lang='lat' dir='ltr'><strong>diversae</strong></span> <span class='ocrx_word' id='word_1_290' title='bbox 703 3899 959 3983; x_wconf 87' lang='lat' dir='ltr'><strong>diaphaneitatis</strong></span> <span class='ocrx_word' id='word_1_291' title='bbox 970 3922 991 3964; x_wconf 92' lang='lat' dir='ltr'><strong>a</strong></span> <span class='ocrx_word' id='word_1_292' title='bbox 1005 3901 1121 3983; x_wconf 92' lang='lat' dir='ltr'><strong>primo,</strong></span> <span class='ocrx_word' id='word_1_293' title='bbox 1134 3910 1212 3963; x_wconf 93' lang='lat' dir='ltr'><strong>tunc</strong></span> <span class='ocrx_word' id='word_1_294' title='bbox 1226 3911 1373 3966; x_wconf 91' lang='lat' dir='ltr'><strong>mutatur</strong></span> <span class='ocrx_word' id='word_1_295' title='bbox 1386 3881 1479 3930; x_wconf 72' lang='lat' dir='ltr'><strong>rmcted</strong></span> <span class='ocrx_word' id='word_1_296' title='bbox 1487 3898 1544 3946; x_wconf 73' lang='lat'><strong>¹³7⁵</strong></span> 
     </span>
    </p>
   </div>
   <div class='ocr_carea' id='block_1_3' title="bbox 1386 3947 1512 3998">
    <p class='ocr_par' dir='ltr' id='par_1_4' title="bbox 1386 3947 1512 3998">
     <span class='ocr_line' id='line_1_33' title="bbox 1386 3947 1512 3998; baseline 0.032 -4"><span class='ocrx_word' id='word_1_297' title='bbox 1386 3947 1457 3995; x_wconf 87' lang='lat' dir='ltr'><strong>when</strong></span> <span class='ocrx_word' id='word_1_298' title='bbox 1469 3948 1512 3998; x_wconf 87' lang='lat' dir='ltr'><strong>the</strong></span> 
     </span>
    </p>
   </div>
   <div class='ocr_carea' id='block_1_4' title="bbox 222 4000 1544 4086">
    <p class='ocr_par' dir='ltr' id='par_1_5' title="bbox 222 4000 1544 4086">
     <span class='ocr_line' id='line_1_34' title="bbox 222 4000 1544 4086; baseline 0.006 -24"><span class='ocrx_word' id='word_1_299' title='bbox 222 4001 375 4076; x_wconf 78' lang='lat' dir='ltr'><strong>incessuS,</strong></span> <span class='ocrx_word' id='word_1_300' title='bbox 389 4021 450 4064; x_wconf 91' lang='lat' dir='ltr'><strong>nec</strong></span> <span class='ocrx_word' id='word_1_301' title='bbox 467 4000 504 4065; x_wconf 86' lang='lat' dir='ltr'><strong>fit</strong></span> <span class='ocrx_word' id='word_1_302' title='bbox 520 4013 629 4066; x_wconf 88' lang='lat' dir='ltr'><strong>rectus</strong></span> <span class='ocrx_word' id='word_1_303' title='bbox 644 4003 677 4066; x_wconf 93' lang='lat' dir='ltr'><strong>in</strong></span> <span class='ocrx_word' id='word_1_304' title='bbox 692 4024 831 4086; x_wconf 89' lang='lat' dir='ltr'><strong>corpore</strong></span> <span class='ocrx_word' id='word_1_305' title='bbox 847 4005 994 4069; x_wconf 88' lang='lat' dir='ltr'><strong>secundo</strong></span> <span class='ocrx_word' id='word_1_306' title='bbox 1009 4005 1190 4068; x_wconf 88' lang='lat' dir='ltr'><strong>secundum</strong></span> <span class='ocrx_word' id='word_1_307' title='bbox 1207 4006 1369 4070; x_wconf 90' lang='lat' dir='ltr'><strong>incessum</strong></span> <span class='ocrx_word' id='word_1_308' title='bbox 1385 4013 1505 4063; x_wconf 78' lang='lat' dir='ltr'><strong>directim</strong></span> <span class='ocrx_word' id='word_1_309' title='bbox 1521 4016 1544 4062; x_wconf 80' lang='lat' dir='ltr'><strong>is</strong></span> 
     </span>
    </p>
   </div>
   <div class='ocr_carea' id='block_1_5' title="bbox 221 4079 1541 4194">
    <p class='ocr_par' dir='ltr' id='par_1_6' title="bbox 221 4079 1541 4194">
     <span class='ocr_line' id='line_1_35' title="bbox 221 4079 1541 4194; baseline 0.009 -27"><span class='ocrx_word' id='word_1_310' title='bbox 221 4125 320 4187; x_wconf 92' lang='lat' dir='ltr'><strong>quem</strong></span> <span class='ocrx_word' id='word_1_311' title='bbox 344 4106 460 4169; x_wconf 89' lang='lat' dir='ltr'><strong>habuit</strong></span> <span class='ocrx_word' id='word_1_312' title='bbox 482 4106 515 4169; x_wconf 95' lang='lat' dir='ltr'><strong>in</strong></span> <span class='ocrx_word' id='word_1_313' title='bbox 538 4108 659 4189; x_wconf 92' lang='lat' dir='ltr'><strong>primo,</strong></span> <span class='ocrx_word' id='word_1_314' title='bbox 676 4109 736 4172; x_wconf 90' lang='lat' dir='ltr'><strong>sed</strong></span> <span class='ocrx_word' id='word_1_315' title='bbox 758 4109 791 4172; x_wconf 93' lang='lat' dir='ltr'><strong>in</strong></span> <span class='ocrx_word' id='word_1_316' title='bbox 815 4110 962 4193; x_wconf 83' lang='lat' dir='ltr'><strong>ingressu</strong></span> <span class='ocrx_word' id='word_1_317' title='bbox 986 4109 1105 4192; x_wconf 91' lang='lat' dir='ltr'><strong>speciei</strong></span> <span class='ocrx_word' id='word_1_318' title='bbox 1129 4109 1162 4172; x_wconf 92' lang='lat' dir='ltr'><strong>in</strong></span> <span class='ocrx_word' id='word_1_319' title='bbox 1183 4130 1302 4192; x_wconf 87' lang='lat' dir='ltr'><strong>corpus</strong></span> <span class='ocrx_word' id='word_1_320' title='bbox 1321 4079 1541 4194; x_wconf 55' lang='lat' dir='ltr'><strong>se·{&#39;1?,¹‡{¹¹¹,{²,¹¹d</strong></span> 
     </span>
    </p>
   </div>
   <div class='ocr_carea' id='block_1_6' title="bbox 221 4210 1522 4340">
    <p class='ocr_par' dir='ltr' id='par_1_7' title="bbox 221 4210 1522 4340">
     <span class='ocr_line' id='line_1_36' title="bbox 221 4210 1522 4340; baseline 0.002 -68"><span class='ocrx_word' id='word_1_321' title='bbox 221 4210 367 4273; x_wconf 86' lang='lat' dir='ltr'><strong>cundum</strong></span> <span class='ocrx_word' id='word_1_322' title='bbox 395 4210 510 4292; x_wconf 90' lang='lat' dir='ltr'><strong>incipit</strong></span> <span class='ocrx_word' id='word_1_323' title='bbox 536 4210 701 4277; x_wconf 88' lang='lat' dir='ltr'><strong>declinare</strong></span> <span class='ocrx_word' id='word_1_324' title='bbox 727 4215 771 4278; x_wconf 90' lang='lat' dir='ltr'><strong>ab</strong></span> <span class='ocrx_word' id='word_1_325' title='bbox 797 4215 924 4279; x_wconf 83' lang='lat' dir='ltr'><strong>incessu</strong></span> <span class='ocrx_word' id='word_1_326' title='bbox 951 4225 1042 4278; x_wconf 90' lang='lat' dir='ltr'><strong>recto</strong></span> <span class='ocrx_word' id='word_1_327' title='bbox 1067 4215 1111 4278; x_wconf 93' lang='lat' dir='ltr'><strong>ad</strong></span> <span class='ocrx_word' id='word_1_328' title='bbox 1137 4216 1292 4278; x_wconf 89' lang='lat' dir='ltr'><strong>dextram</strong></span> <span class='ocrx_word' id='word_1_329' title='bbox 1318 4215 1370 4278; x_wconf 94' lang='lat' dir='ltr'><strong>vel</strong></span> <span class='ocrx_word' id='word_1_330' title='bbox 1384 4211 1481 4340; x_wconf 42' lang='grc' dir='ltr'><strong>ἓξὲξ</strong></span> <span class='ocrx_word' id='word_1_331' title='bbox 1491 4226 1522 4326; x_wconf 59' lang='grc' dir='ltr'><strong>10ῐῖ</strong></span> 
     </span>
    </p>
   </div>
   <div class='ocr_carea' id='block_1_7' title="bbox 221 4313 1503 4402">
    <p class='ocr_par' dir='ltr' id='par_1_8' title="bbox 221 4313 1503 4402">
     <span class='ocr_line' id='line_1_37' title="bbox 221 4313 1503 4402; baseline 0.005 -26"><span class='ocrx_word' id='word_1_332' title='bbox 221 4314 401 4393; x_wconf 88' lang='lat' dir='ltr'><strong>sinistram,</strong></span> <span class='ocrx_word' id='word_1_333' title='bbox 416 4324 450 4378; x_wconf 90' lang='lat' dir='ltr'><strong>et</strong></span> <span class='ocrx_word' id='word_1_334' title='bbox 471 4313 549 4379; x_wconf 82' lang='lat' dir='ltr'><strong>iacit</strong></span> <span class='ocrx_word' id='word_1_335' title='bbox 568 4316 747 4399; x_wconf 82' lang='lat' dir='ltr'><strong>angulum3</strong></span> <span class='ocrx_word' id='word_1_336' title='bbox 769 4328 803 4382; x_wconf 89' lang='lat' dir='ltr'><strong>et</strong></span> <span class='ocrx_word' id='word_1_337' title='bbox 825 4318 889 4381; x_wconf 89' lang='lat' dir='ltr'><strong>hoc</strong></span> <span class='ocrx_word' id='word_1_338' title='bbox 904 4328 955 4381; x_wconf 89' lang='lat' dir='ltr'><strong>est</strong></span> <span class='ocrx_word' id='word_1_339' title='bbox 971 4319 1103 4400; x_wconf 90' lang='lat' dir='ltr'><strong>proprie</strong></span> <span class='ocrx_word' id='word_1_340' title='bbox 1119 4316 1235 4383; x_wconf 84' lang='lat' dir='ltr'><strong>fractio</strong></span> <span class='ocrx_word' id='word_1_341' title='bbox 1251 4340 1370 4402; x_wconf 78' lang='lat' dir='ltr'><strong>speciei</strong></span> <span class='ocrx_word' id='word_1_342' title='bbox 1385 4342 1503 4392; x_wconf 78' lang='lat' dir='ltr'><strong>medium.</strong></span> 
     </span>
    </p>
   </div>
   <div class='ocr_carea' id='block_1_8' title="bbox 220 4492 1373 4720">
    <p class='ocr_par' dir='ltr' id='par_1_9' title="bbox 220 4492 1373 4720">
     <span class='ocr_line' id='line_1_38' title="bbox 253 4492 1373 4559; baseline 0.007 -19"><span class='ocrx_word' id='word_1_343' title='bbox 253 4492 262 4522; x_wconf 89' lang='lat'><strong>¹</strong></span> <span class='ocrx_word' id='word_1_344' title='bbox 279 4493 335 4540; x_wconf 82' lang='lat' dir='ltr'><strong>The</strong></span> <span class='ocrx_word' id='word_1_345' title='bbox 347 4494 418 4541; x_wconf 82' lang='lat' dir='ltr'><strong>habit</strong></span> <span class='ocrx_word' id='word_1_346' title='bbox 434 4493 465 4542; x_wconf 81' lang='lat' dir='ltr'><strong>oi</strong></span> <span class='ocrx_word' id='word_1_347' title='bbox 476 4495 589 4558; x_wconf 75' lang='lat' dir='ltr'><strong>spelling</strong></span> <span class='ocrx_word' id='word_1_348' title='bbox 603 4495 645 4545; x_wconf 78' lang='lat' dir='ltr'><strong>dia</strong></span> <span class='ocrx_word' id='word_1_349' title='bbox 655 4513 685 4546; x_wconf 89' lang='grc'><strong>55</strong></span> <span class='ocrx_word' id='word_1_350' title='bbox 702 4497 760 4559; x_wconf 78' lang='lat' dir='ltr'><strong>dye,</strong></span> <span class='ocrx_word' id='word_1_351' title='bbox 772 4497 824 4545; x_wconf 79' lang='lat' dir='ltr'><strong>end</strong></span> <span class='ocrx_word' id='word_1_352' title='bbox 839 4497 885 4545; x_wconf 88' lang='lat' dir='ltr'><strong>the</strong></span> <span class='ocrx_word' id='word_1_353' title='bbox 902 4497 1098 4558; x_wconf 78' lang='lat' dir='ltr'><strong>pronunciation</strong></span> <span class='ocrx_word' id='word_1_354' title='bbox 1117 4496 1148 4545; x_wconf 82' lang='lat' dir='ltr'><strong>oi</strong></span> <span class='ocrx_word' id='word_1_355' title='bbox 1159 4499 1203 4546; x_wconf 88' lang='lat' dir='ltr'><strong>the</strong></span> <span class='ocrx_word' id='word_1_356' title='bbox 1221 4497 1309 4546; x_wconf 81' lang='lat' dir='ltr'><strong>Greek</strong></span> <span class='ocrx_word' id='word_1_357' title='bbox 1319 4517 1333 4546; x_wconf 90' lang='lat' dir='ltr'><strong>u</strong></span> <span class='ocrx_word' id='word_1_358' title='bbox 1344 4515 1373 4548; x_wconf 85' lang='grc'><strong>55</strong></span> 
     </span>
     <span class='ocr_line' id='line_1_39' title="bbox 220 4571 1373 4636; baseline 0.003 -14"><span class='ocrx_word' id='word_1_359' title='bbox 220 4573 266 4622; x_wconf 85' lang='lat' dir='ltr'><strong>the</strong></span> <span class='ocrx_word' id='word_1_360' title='bbox 286 4571 377 4620; x_wconf 78' lang='lat' dir='ltr'><strong>Italian</strong></span> <span class='ocrx_word' id='word_1_361' title='bbox 397 4573 413 4635; x_wconf 90' lang='lat' dir='ltr'><strong>i,</strong></span> <span class='ocrx_word' id='word_1_362' title='bbox 434 4589 494 4635; x_wconf 82' lang='lat' dir='ltr'><strong>may</strong></span> <span class='ocrx_word' id='word_1_363' title='bbox 511 4575 614 4636; x_wconf 82' lang='lat' dir='ltr'><strong>explain</strong></span> <span class='ocrx_word' id='word_1_364' title='bbox 635 4575 686 4624; x_wconf 82' lang='lat' dir='ltr'><strong>this</strong></span> <span class='ocrx_word' id='word_1_365' title='bbox 706 4591 787 4626; x_wconf 86' lang='lat' dir='ltr'><strong>error.</strong></span> <span class='ocrx_word' id='word_1_366' title='bbox 829 4575 917 4624; x_wconf 80' lang='lat' dir='ltr'><strong>Becon</strong></span> <span class='ocrx_word' id='word_1_367' title='bbox 936 4575 1070 4624; x_wconf 88' lang='lat' dir='ltr'><strong>corrected</strong></span> <span class='ocrx_word' id='word_1_368' title='bbox 1090 4591 1163 4625; x_wconf 81' lang='lat' dir='ltr'><strong>some</strong></span> <span class='ocrx_word' id='word_1_369' title='bbox 1180 4577 1210 4625; x_wconf 84' lang='lat' dir='ltr'><strong>os</strong></span> <span class='ocrx_word' id='word_1_370' title='bbox 1225 4577 1265 4626; x_wconf 78' lang='lat' dir='ltr'><strong>his</strong></span> <span class='ocrx_word' id='word_1_371' title='bbox 1285 4577 1373 4626; x_wconf 86' lang='lat' dir='ltr'><strong>Greek</strong></span> 
     </span>
     <span class='ocr_line' id='line_1_40' title="bbox 220 4651 1349 4720; baseline 0.004 -20"><span class='ocrx_word' id='word_1_372' title='bbox 220 4651 343 4701; x_wconf 64' lang='lat' dir='ltr'><strong>misuka</strong></span> <span class='ocrx_word' id='word_1_373' title='bbox 354 4651 382 4699; x_wconf 92' lang='lat' dir='ltr'><strong>in</strong></span> <span class='ocrx_word' id='word_1_374' title='bbox 394 4652 436 4701; x_wconf 84' lang='lat' dir='ltr'><strong>bis</strong></span> <span class='ocrx_word' id='word_1_375' title='bbox 452 4653 518 4702; x_wconf 83' lang='lat' dir='ltr'><strong>later</strong></span> <span class='ocrx_word' id='word_1_376' title='bbox 527 4654 655 4718; x_wconf 70' lang='lat' dir='ltr'><strong>wdtings,</strong></span> <span class='ocrx_word' id='word_1_377' title='bbox 668 4669 698 4704; x_wconf 82' lang='grc'><strong>55</strong></span> <span class='ocrx_word' id='word_1_378' title='bbox 714 4655 803 4703; x_wconf 79' lang='lat' dir='ltr'><strong>lhave</strong></span> <span class='ocrx_word' id='word_1_379' title='bbox 814 4654 905 4704; x_wconf 76' lang='lat' dir='ltr'><strong>before</strong></span> <span class='ocrx_word' id='word_1_380' title='bbox 916 4653 1061 4706; x_wconf 84' lang='lat' dir='ltr'><strong>remarked.</strong></span> <span class='ocrx_word' id='word_1_381' title='bbox 1097 4655 1150 4705; x_wconf 87' lang='lat' dir='ltr'><strong>See</strong></span> <span class='ocrx_word' id='word_1_382' title='bbox 1161 4656 1213 4706; x_wconf 91' lang='lat' dir='ltr'><strong>vol.</strong></span> <span class='ocrx_word' id='word_1_383' title='bbox 1226 4656 1242 4706; x_wconf 86' lang='lat' dir='ltr'><strong>i.</strong></span> <span class='ocrx_word' id='word_1_384' title='bbox 1256 4671 1280 4719; x_wconf 92' lang='lat' dir='ltr'><strong>p.</strong></span> <span class='ocrx_word' id='word_1_385' title='bbox 1293 4672 1349 4720; x_wconf 77' lang='lat'><strong>²39·</strong></span> 
     </span>
    </p>
   </div>
   <div class='ocr_carea' id='block_1_9' title="bbox 0 0 1776 5359">
    <p class='ocr_par' dir='ltr' id='par_1_10' title="bbox 0 0 1776 5359">
     <span class='ocr_line' id='line_1_41' title="bbox 0 0 1776 5359; baseline 0 1"><span class='ocrx_word' id='word_1_386' title='bbox 0 0 1776 5359; x_wconf 95' lang='lat' dir='ltr'><strong> </strong></span> 
     </span>
    </p>
   </div>
  </div>
 </body>
</html>
