3542 5359
357 592 418 674 338
570 591 726 652 OPERIS
749 589 938 660 MAJORIS
963 589 1077 648 PARS
1098 585 1298 648 SEPTIMA.

359 759 507 823 maxime
521 755 665 821 delectat
674 755 893 838 extinguitur.
928 754 1007 818 Non
1024 753 1167 817 multum
1178 751 1262 818 loci¹
1276 752 1387 829 babet,
1399 751 1513 833 itaque

358 864 426 928 cito
438 860 563 944 implet,
574 870 608 925 et
619 860 732 925 taedio
743 869 804 938 est,
815 870 850 924 et
862 868 940 942 post
952 857 1097 940 primum
1112 859 1274 939 impetum
1288 864 1428 930 maroet3
1449 873 1509 918 nec

358 967 391 1030 id
408 986 551 1048 unquam
568 974 695 1029 certum
712 974 763 1028 est
779 963 873 1046 cujus
889 965 922 1028 in
939 972 1032 1026 motu
1050 974 1168 1027 natura
1182 973 1241 1026 est.
1272 961 1327 1026 Ita
1342 983 1384 1025 ne
1399 967 1510 1044 potest

359 1073 494 1155 quidem
507 1069 574 1134 ulla
589 1069 660 1151 ejus
674 1089 747 1134 esse
761 1068 956 1144 substantia,
965 1068 1057 1150 quod
1069 1068 1159 1130 venit
1169 1068 1329 1132 transitve
1344 1064 1512 1132 celerrime

357 1176 393 1237 in
409 1175 483 1258 ipso
498 1195 559 1239 usu
574 1176 624 1239 sui
645 1174 836 1258 periturum.
882 1174 936 1238 Eo
956 1173 1042 1236 enim
1067 1172 1218 1256 pervenit
1237 1173 1293 1235 ubi
1317 1171 1454 1248 desinat,
1476 1179 1511 1234 et

359 1280 440 1343 dum
458 1276 597 1363 incipit²
612 1289 743 1361 spectat
757 1278 801 1343 ad
818 1275 939 1342 finem?

404 1385 499 1462 Item,
515 1385 611 1468 ‘quid
628 1385 719 1467 quod
730 1395 799 1447 tam
815 1383 913 1447 bonis
927 1403 1028 1467 quam
1043 1383 1138 1448 malis
1148 1383 1304 1466 voluptas
1319 1382 1429 1447 inest?
1452 1397 1513 1443 nec

359 1489 469 1553 minus
484 1499 598 1570 turpes
612 1489 757 1552 dedecus
773 1509 869 1553 suum
886 1509 988 1570 quam
1007 1489 1167 1554 honestos
1188 1489 1320 1574 egregia
1335 1487 1512 1552 delectant.

361 1591 509 1676 Ideoque
543 1603 779 1677 praeceperunt
809 1602 938 1657 veteres
975 1593 1137 1677 optimam
1174 1595 1266 1677 sequi
1300 1595 1413 1667 vitam,
1445 1611 1512 1655 non

356 1697 639 1780 jucundissimam,
665 1708 701 1762 ut
724 1711 833 1763 rectae
855 1718 894 1763 ac
917 1698 1026 1761 bonae
1047 1698 1229 1764 voluntatis
1261 1719 1326 1765 non
1356 1700 1427 1763 dux
1451 1697 1510 1760 sed

359 1825 470 1868 comes
494 1806 537 1866 sit
559 1805 724 1887 voluptas.
771 1803 899 1867 Natura
918 1803 1006 1866 enim
1034 1805 1118 1868 duce
1144 1807 1305 1869 utendum
1330 1815 1402 1869 est:
1425 1803 1512 1866 hanc

359 1910 445 1972 ratio
459 1908 623 1984 observat,
638 1908 723 1972 hanc
739 1908 888 1972 consulit.
936 1909 1029 1972 Idem
1053 1917 1103 1973 est
1126 1929 1206 1992 ergo
1224 1912 1322 1974 beate
1343 1909 1460 1979 vivere,
1476 1915 1513 1969 et

357 2014 540 2077 secundum
557 2025 717 2079 naturam.
763 2013 841 2076 Hoc
856 2013 936 2096 quid
960 2013 1002 2077 sit
1020 2012 1089 2094 jam
1109 2015 1265 2095 aperiam.
1312 2013 1348 2077 Si
1365 2011 1513 2094 corporis

358 2119 456 2183 dotes
477 2130 511 2184 et
533 2129 613 2202 apta
635 2127 773 2182 naturae
795 2117 1065 2181 conservabimus
1085 2118 1260 2200 diligenter
1281 2129 1314 2182 et
1332 2115 1510 2201 impavide,

292 2250 299 2263 ·
357 2234 517 2306 tanquam
541 2225 573 2287 in
597 2225 686 2287 diem
709 2223 789 2286 data
812 2231 845 2286 et
868 2219 1007 2304 fugacia,
1030 2222 1056 2286 si
1084 2243 1150 2286 non
1172 2222 1368 2288 subierimus
1394 2240 1510 2286 eorum

359 2329 551 2393 servitutem
584 2347 643 2391 nec
674 2347 735 2392 nos
763 2326 870 2390 aliena
903 2327 1107 2408 possederint
1130 2328 1156 2392 si
1180 2329 1308 2412 corpori
1327 2324 1436 2414 [grata
1459 2321 1509 2412 et]

359 2432 545 2497 adventicia
561 2454 601 2496 eo
617 2431 712 2496 nobis
732 2432 806 2496 loco
826 2429 957 2503 fuerint,
972 2452 1041 2514 quo
1060 2443 1137 2497 sunt
1155 2435 1188 2496 in
1205 2433 1320 2497 castris
1335 2430 1460 2496 auxilia
1475 2441 1511 2496 et

358 2547 549 2602 armaturae
573 2532 713 2625 [levesl;
743 2536 887 2599 serviant
910 2537 982 2614 ista,
1004 2555 1069 2600 non
1092 2537 1277 2620 imperent3
1307 2537 1353 2600 ita
1374 2537 1510 2600 demum

358 2642 452 2706 utilia
468 2651 545 2706 sunt
562 2641 674 2704 menti.
720 2639 936 2722 Incorruptus
945 2641 995 2703 vir
1010 2639 1054 2705 sit
1069 2641 1215 2705 extemis
1230 2649 1264 2706 et
1281 2639 1511 2723 insuperabilis

359 2728 560 2829 miratorque
576 2754 705 2809 tantum
716 2745 774 2810 sui.
785 2743 892 2807 fidens
903 2744 1013 2807 animo
1028 2755 1128 2828 atque
1141 2746 1173 2808 in
1189 2754 1366 2828 utrumque
1376 2755 1513 2826 paratus

358 2851 479 2915 artifex
494 2852 592 2916 vitae.
638 2849 776 2913 Fiducia
796 2848 867 2929 ejus
884 2867 951 2910 non
974 2848 1046 2912 sine
1064 2849 1200 2913 scientia
1215 2849 1267 2928 sit,
1282 2849 1422 2913 scientia
1444 2868 1512 2912 non

359 2953 430 3018 sine
443 2953 647 3030 constantia3
671 2962 827 3017 maneant
843 2951 889 3015 illi
904 2952 1005 3016 semel
1023 2940 1156 3035 placita.¹
1167 2975 1226 3019 nec
1243 2952 1308 3017 ulla
1326 2953 1358 3016 in
1370 2953 1511 3018 decretis

358 3057 430 3140 ejus
445 3058 544 3122 litura
559 3059 611 3122 sit.
645 3056 852 3138 Intelligitur,
864 3058 965 3120 etiam
983 3057 1010 3120 si
1027 3079 1093 3121 non
1109 3058 1270 3139 adjecero,
1285 3057 1511 3140 compositum

358 3164 616 3244 ordinatumque
642 3161 710 3227 fore
733 3162 836 3226 talem
867 3161 982 3237 virum,
1013 3172 1047 3226 et
1077 3162 1109 3225 in
1141 3163 1181 3225 iis
1213 3181 1298 3244 quae
1327 3171 1406 3246 aget
1433 3181 1508 3224 cum

359 3268 516 3331 comitate
540 3265 752 3348 magnificum
776 3313 783 3327 .
809 3313 816 3328 .
841 3314 848 3329 .
871 3266 905 3329 in
934 3287 970 3330 se
993 3267 1206 3330 revertatur³.
1253 3267 1342 3330 Nam
1366 3267 1511 3331 mundus

359 3388 491 3451 quoque
514 3381 632 3435 cuncta
653 3370 891 3452 complectens,
916 3379 1087 3452 rectorque
1103 3372 1242 3435 universi
1265 3371 1358 3434 Deus
1387 3370 1420 3432 in
1450 3391 1510 3435 ex·

358 3475 478 3538 teriora
493 3475 627 3557 quidem
642 3475 760 3547 tendit,
773 3477 831 3539 sed
847 3485 960 3539 tamen
978 3475 1010 3538 in
1026 3484 1134 3538 totum
1151 3474 1297 3557 undique
1313 3475 1345 3538 in
1362 3495 1398 3538 se
1415 3475 1510 3540 redit.

362 3578 458 3642 Idem
482 3589 595 3643 nostra
612 3599 705 3642 mens
720 3578 838 3655 laciat;
862 3599 938 3641 cum
963 3577 1097 3643 secuta⁴
1121 3600 1237 3642 sensus
1257 3600 1334 3644 suos
1355 3599 1415 3660 per
1438 3577 1512 3641 illos

357 3702 394 3746 se
414 3682 456 3745 ad
473 3692 612 3746 externa
634 3683 829 3764 porrexerit,
852 3693 886 3745 et
910 3682 1040 3745 illorum
1064 3691 1098 3746 et
1121 3683 1169 3745 sui
1194 3693 1313 3765 potens
1335 3684 1389 3746 sit.
1435 3681 1512 3746 Hoc

358 3785 460 3848 modo
492 3806 558 3848 una
588 3783 747 3850 efficietur
775 3786 891 3850 visae
920 3795 1071 3869 potestas
1100 3807 1236 3850 concors
1267 3787 1338 3866 sibi,
1361 3794 1395 3849 et
1424 3785 1512 3849 ratio

358 3887 416 3951 illa
433 3898 523 3953 certa
538 3900 699 3968 nascetur,
715 3911 781 3953 non
798 3890 961 3954 dissidens
981 3911 1040 3955 nec
1057 3891 1223 3955 haesitans
1240 3891 1272 3953 in
1288 3889 1512 3972 opinionibus,

359 4039 367 4056 .
383 4040 391 4055 .
407 4039 415 4056 .
433 4013 519 4076 quae
536 4013 612 4056 cum
634 4015 670 4056 se
692 3995 855 4076 disposuit
876 4003 909 4057 et
926 3995 1075 4077 partibus
1090 3995 1157 4058 suis
1172 3994 1347 4066 consensit,
1363 4003 1396 4056 et
1412 4003 1448 4056 ut
1464 3992 1512 4056 ita

358 4094 466 4160 dicam
488 4098 664 4175 concinuit,
684 4117 854 4162 summum
875 4098 1001 4162 bonum
1023 4099 1145 4181 tetigit.
1191 4097 1282 4162 Nihil
1306 4098 1393 4160 enirn
1418 4095 1510 4179 pravi

358 4200 439 4262 nihil
462 4200 578 4265 lubrici
601 4212 759 4286 superest,
775 4202 857 4266 nihil
882 4203 913 4264 in
935 4224 1002 4285 quo
1016 4203 1136 4268 arietet
1158 4213 1217 4268 aut
1238 4201 1339 4266 labet.
1385 4200 1512 4266 Omnia

358 4301 456 4367 saciet
486 4325 531 4367 ex
571 4305 710 4387 imperio
741 4325 803 4369 suo
842 4305 990 4388 nihilque
1032 4306 1241 4389 inopinatum
1283 4305 1421 4383 accidet,
1451 4306 1512 4369 scd

390 4481 398 4508 ¹
416 4482 475 4530 laeti
488 4483 529 4530 lor
539 4483 597 4544 loci,
611 4483 689 4533 MSS.
1141 4483 1151 4512 ¹
1167 4485 1273 4547 decipit,
1286 4483 1319 4535 0.

389 4557 398 4586 ³
415 4567 565 4609 revertatur.
599 4561 661 4609 Tuis
672 4570 798 4611 sentence
810 4563 832 4611 is
843 4577 908 4624 very
921 4561 1083 4626 imperiectly
1094 4563 1253 4612 transcribed
1265 4563 1292 4611 in
1304 4561 1336 4612 D.
1346 4562 1397 4612 and
1409 4561 1440 4612 0.

389 4635 398 4665 ¹
417 4646 565 4698 consecuta,
576 4638 623 4700 lor,
638 4655 695 4688 cum
707 4648 807 4702 secuta,
818 4639 850 4690 0.
860 4649 886 4689 et
901 4641 931 4688 D.
