3542 5359
369 625 427 686 118
605 625 760 684 OPERIS
785 625 973 695 MAJORIS
998 625 1111 684 PARS
1136 624 1307 698 QUINTA.

368 809 440 853 esse
476 787 575 851 lunae
612 798 732 864 motus,
767 799 801 851 et
838 788 959 853 accidit
997 808 1086 853 error
1123 790 1186 852 iste
1223 810 1267 852 ex
1301 789 1523 872 intemperata

368 887 593 972 longitudine:
617 907 693 950 nam
718 909 762 950 ex
786 897 972 969 temperata
996 909 1060 951 nou
1084 887 1122 952 fit
1145 890 1199 952 ita.
1246 889 1347 953 Unde
1367 889 1521 952 baculum

368 992 472 1054 fixum
498 993 530 1053 in
558 1011 645 1073 aqua
669 993 820 1055 videmus
845 1013 976 1075 semper
1002 993 1179 1074 quiescere,
1203 1003 1237 1057 et
1264 1002 1392 1057 motum
1417 1013 1523 1075 aquae

368 1095 567 1160 transeuntis
598 1096 807 1179 percipimus.
861 1095 997 1161 Accidit
1023 1108 1136 1160 autem
1161 1118 1251 1160 error
1276 1098 1464 1180 praedictus
1490 1098 1522 1159 in

369 1209 463 1264 motu
487 1198 584 1263 lunae
607 1220 682 1263 cum
704 1201 808 1263 nubes
829 1199 949 1264 fuerint
971 1200 1096 1264 multae
1113 1212 1146 1265 et
1167 1203 1349 1277 continuae,
1364 1202 1522 1283 quoniam

369 1324 434 1367 non
455 1304 744 1387 comprehenditur
766 1315 877 1369 motus
902 1304 963 1368 nisi
991 1326 1050 1388 per
1072 1306 1293 1369 accessionem
1318 1305 1455 1387 alicujus
1480 1307 1523 1368 ad

369 1409 459 1471 aliud
476 1408 528 1471 vel
543 1428 716 1472 recessum.
764 1407 850 1472 Cum
866 1419 979 1472 autem
995 1410 1144 1490 paucitas
1160 1420 1194 1474 et
1210 1411 1387 1473 diminutio
1403 1408 1524 1473 fuerint

371 1513 507 1575 nubium
546 1522 664 1584 motus,
705 1531 880 1593 possumus
918 1513 1102 1576 discernere
1139 1523 1267 1578 motum
1306 1534 1418 1577 earum
1466 1534 1526 1597 per

370 1635 538 1679 accessum
555 1616 598 1678 ad
615 1616 754 1679 invicem
771 1617 862 1679 etad
879 1615 1009 1680 stellam
1025 1638 1083 1699 per
1099 1638 1272 1682 recessum.
1318 1618 1364 1681 Et
1379 1619 1454 1682 ideo
1467 1638 1526 1700 per

371 1718 571 1782 contrarium
602 1739 676 1782 cum
707 1719 835 1783 coelum
867 1719 964 1784 suerit
993 1721 1137 1785 nubibus
1160 1734 1365 1805 coopertum,
1390 1733 1525 1806 propter

373 1823 654 1887 continuationem
668 1844 781 1886 earum
798 1835 832 1888 et
843 1824 1089 1888 multitudinem
1102 1846 1168 1889 non
1180 1828 1385 1890 decernimus
1397 1837 1525 1892 motum

373 1927 404 1989 in
436 1928 504 2006 eis;
535 1937 568 1990 et
591 1937 704 1990 tamen
736 1929 850 1992 lunam
882 1930 1034 1994 videmus
1065 1931 1190 1994 moveri
1223 1942 1315 1994 motu
1349 1929 1527 2010 celerrimo,

371 2041 507 2116 propter
533 2031 597 2096 hoc
621 2035 711 2115 quod
741 2034 919 2117 pertransit
940 2034 1097 2099 velociter
1119 2044 1230 2116 partes
1252 2037 1398 2100 diversas
1422 2036 1527 2111 nubis,

371 2146 443 2198 tum
467 2145 602 2218 propter
626 2148 753 2201 motum
776 2139 946 2219 proprium
970 2150 1042 2202 tum
1065 2150 1201 2221 propter
1225 2149 1351 2202 motum
1376 2140 1525 2203 nubium.

373 2239 419 2302 Et
441 2241 577 2322 quando
601 2241 715 2305 videns
736 2242 828 2304 vadit
851 2242 883 2303 in
907 2251 1035 2324 partem
1057 2244 1089 2306 in
1111 2264 1177 2325 qua
1200 2254 1251 2308 est
1271 2243 1349 2308 luna
1369 2245 1421 2306 vel
1442 2245 1527 2306 aliae

372 2343 497 2420 stellae,
512 2345 643 2408 videtur
659 2345 688 2406 ei
704 2346 794 2427 quod
812 2344 928 2409 stellae
944 2357 1138 2410 moveantur
1153 2356 1232 2410 ante
1250 2349 1334 2411 sein
1350 2358 1478 2429 partem
1494 2348 1527 2409 in

372 2468 472 2531 quam
488 2449 600 2526 vadit3
622 2449 779 2530 quoniam
800 2450 833 2512 in
854 2448 921 2512 fine
940 2463 1049 2514 motus
1065 2452 1116 2514 sui
1131 2451 1271 2515 eandem
1287 2452 1478 2516 distantiam
1495 2461 1528 2514 et

373 2553 514 2615 eundem
531 2553 630 2616 situm
644 2553 772 2635 judicat
789 2574 824 2616 se
840 2553 970 2630 habere,
986 2556 1069 2618 sicut
1085 2556 1118 2619 in
1135 2557 1293 2639 principio
1314 2564 1434 2619 motus.
1481 2555 1529 2618 Et

373 2657 450 2738 quia
466 2656 520 2734 sic,
536 2657 702 2721 concludit
718 2658 822 2721 virtus
845 2658 1033 2723 distinctiva
1052 2661 1217 2724 mediante
1231 2661 1312 2739 visu,
1326 2661 1416 2743 quod
1432 2658 1529 2724 stella

374 2766 546 2820 moveatur
572 2767 649 2821 ante
673 2758 789 2821 faciem
808 2758 951 2822 videntis
972 2759 1005 2821 in
1027 2770 1156 2841 partem
1179 2760 1221 2823 ad
1248 2780 1350 2841 quam
1378 2769 1530 2823 movetur

374 2857 510 2936 videns;
543 2867 577 2920 et
607 2858 759 2921 similiter
790 2859 817 2920 si
845 2858 952 2940 fugiat
977 2859 1093 2922 videns
1120 2861 1152 2921 in
1177 2871 1306 2940 partem
1331 2860 1528 2923 contrau'am

373 2962 538 3025 videbitur
561 2963 590 3024 ei
612 2963 702 3044 quod
724 2961 823 3026 stella
846 2972 1013 3044 sequatur.
1060 2961 1153 3025 Sicut
1176 2963 1202 3025 si
1225 2963 1344 3027 viderit
1361 2964 1530 3027 hominem

373 3075 452 3128 ante
472 3085 507 3127 se
527 3066 584 3147 qui
600 3084 731 3148 semper
752 3066 873 3129 habeat
899 3068 1042 3129 eundem
1066 3067 1166 3129 situm
1189 3068 1232 3130 ad
1254 3069 1373 3149 ipsum,
1396 3087 1529 3131 necesse

375 3169 533 3250 estquod
553 3167 684 3250 aequali
707 3180 799 3232 motu
822 3180 1017 3234 moveantur
1036 3172 1068 3234 in
1084 3179 1212 3253 partem
1228 3172 1382 3248 eandem,
1398 3183 1432 3234 et
1453 3173 1528 3235 ideo

375 3273 529 3334 aestimat
543 3273 660 3334 videns
683 3274 773 3355 quod
793 3272 908 3337 stellae
930 3284 1126 3338 moveantur
1144 3275 1176 3338 in
1199 3286 1327 3358 partem
1350 3296 1455 3353 suam,
1472 3285 1531 3338 aut

375 3375 587 3459 procedendo
603 3387 661 3440 aut
677 3377 920 3458 subsequendo.
965 3377 1055 3441 Nam
1070 3379 1154 3443 situs
1165 3379 1237 3460 ejus
1250 3391 1399 3463 respectu
1415 3380 1531 3443 stellae

376 3487 538 3560 quantum
555 3480 597 3542 ad
612 3479 772 3561 judicium
789 3481 876 3544 visus
893 3491 943 3545 est
959 3481 1058 3545 idem.

389 3595 394 3608 ⁶
420 3582 467 3646 Et
493 3603 591 3647 cansa
618 3584 717 3666 hujus
740 3595 791 3647 est
818 3585 977 3649 distantia
1001 3588 1221 3651 immoderata
1247 3587 1334 3651 inter
1360 3588 1469 3670 ipsum
1496 3599 1531 3652 et

376 3685 515 3764 stellam,
545 3697 679 3769 propter
709 3709 810 3770 quam
841 3710 908 3752 non
938 3691 1077 3774 percipit
1113 3711 1149 3754 se
1184 3710 1243 3772 per
1274 3703 1404 3755 motum
1433 3712 1530 3756 suum

280 3779 286 3791 ’
376 3789 521 3873 elongari
543 3792 595 3856 vel
616 3794 884 3877 appropinquare
901 3795 1028 3873 stellae,
1047 3806 1081 3860 et
1106 3795 1181 3858 ideo
1202 3795 1330 3876 judicat
1353 3817 1390 3860 se
1409 3796 1532 3860 habere

376 3914 508 3977 semper
523 3896 624 3958 situm
637 3898 791 3961 eundem.
837 3898 884 3961 Et
899 3901 1019 3985 eodem
1036 3900 1137 3962 modo
1152 3901 1279 3976 accidit,
1290 3900 1380 3981 quod
1396 3901 1532 3982 quando

377 3997 427 4062 sol
452 4008 502 4061 est
527 3999 559 4062 in
582 4001 719 4065 meridie
742 4012 776 4064 et
798 4001 900 4065 homo
919 4003 1012 4066 vadit
1033 4002 1076 4065 ad
1101 4003 1216 4081 oriens,
1243 4024 1374 4086 semper
1401 4004 1532 4067 videtur

375 4103 466 4184 quod
490 4101 540 4167 sol
563 4104 604 4167 sit
629 4105 663 4166 in
687 4103 758 4186 ejus
781 4106 907 4168 directo
920 4127 927 4183 ;
958 4116 992 4169 et
1017 4107 1045 4169 si
1072 4105 1180 4189 plures
1204 4106 1355 4170 homines
1381 4117 1472 4170 stent
1498 4108 1532 4170 in

377 4208 495 4270 eadem
520 4207 606 4271 linea
632 4209 718 4273 inter
744 4209 851 4272 oriens
878 4219 912 4272 et
936 4210 1101 4289 occidens,
1124 4211 1200 4274 licet
1228 4211 1369 4273 multum
1395 4211 1533 4290 distent,

378 4321 489 4373 tamen
505 4311 554 4373 sol
571 4322 709 4395 apparet
725 4313 757 4375 in
773 4313 899 4376 directo
915 4313 1091 4395 cujuslibet
1107 4334 1230 4378 eorum.
1275 4314 1321 4377 Et
1337 4314 1400 4379 hoc
1416 4335 1532 4378 verum

378 4423 429 4476 est
454 4424 588 4496 propter
609 4415 860 4480 immoderatam
885 4417 1076 4481 distantiam
1100 4429 1134 4482 et
1156 4417 1234 4481 solis
1260 4418 1531 4500 magnitudinem.

378 4515 424 4579 Et
455 4517 592 4582 umbrae
622 4519 753 4582 illorum
789 4520 962 4583 hominum
992 4522 1147 4586 videntur
1177 4522 1461 4603 aequidistantes3
1498 4532 1533 4586 et

377 4617 530 4684 similiter
553 4623 635 4685 radii
657 4623 735 4686 solis
755 4624 923 4686 venientes
942 4626 986 4688 ad
1005 4645 1064 4689 eos
1086 4625 1241 4688 videntur
1260 4627 1535 4707 aequidistantes,
