3542 5359
417 611 743 671 PERSPECTJVAE
767 615 881 673 Pras
910 615 1066 674 ruam
1080 639 1090 673 .·
1116 616 1225 677 msa
1251 617 1276 677 1.
1373 632 1431 694 145

160 837 166 850 .
279 790 342 853 erit
367 791 453 868 solis,
478 792 544 855 alia
572 793 635 856 erit
664 793 802 876 alicujus
832 795 950 860 stellae
979 797 1152 861 existentis
1182 818 1287 881 prope
1316 798 1430 862 solem.

280 893 347 958 Sed
367 895 464 960 stella
484 895 553 960 fixa
569 917 640 961 esse
662 916 728 962 non
749 908 861 982 potest
882 901 962 982 quia
984 901 1034 965 sol
1053 901 1197 965 occultat
1216 923 1282 978 eas,
1298 921 1357 966 nec
1380 912 1430 966 est

278 998 397 1081 aliquis
413 1001 454 1064 de
469 1000 620 1083 planetis
636 1004 792 1084 quoniam
809 1003 964 1087 planetae
983 1005 1110 1069 distant
1124 1006 1303 1088 aliquando
1324 1007 1432 1070 minus

280 1101 459 1186 aliquando
489 1103 574 1188 plus.
629 1105 696 1170 Sed
728 1107 890 1190 imagines
920 1109 1045 1173 habent
1074 1130 1205 1193 semper
1234 1110 1431 1174 uniformem

279 1207 480 1271 distantiam.
519 1207 693 1274 Praeterea
704 1212 747 1274 ad
760 1211 872 1275 lumen
883 1211 981 1276 lunae
995 1212 1081 1277 sicut
1097 1214 1176 1278 solis
1191 1215 1311 1279 accidit
1324 1237 1332 1292 ;
1352 1215 1430 1277 item

280 1313 324 1376 ad
350 1311 460 1375 lumen
490 1313 648 1377 candelae
660 1335 667 1390 ;
696 1316 786 1397 quod
818 1317 991 1400 negligunt
1021 1319 1175 1401 experiri.
1220 1318 1433 1402 Quapropter

280 1435 346 1478 non
370 1424 421 1478 est
443 1416 540 1480 stella
562 1437 648 1499 quae
670 1429 816 1501 apparet,
840 1420 899 1484 sed
922 1430 973 1484 est
994 1422 1123 1502 duplex
1144 1423 1257 1505 imago
1278 1422 1358 1486 solis
1379 1422 1432 1488 vel

280 1520 378 1583 lunae
399 1519 449 1583 vel
472 1521 631 1586 candelae
654 1525 696 1587 de
717 1523 842 1606 duplici
864 1523 1000 1608 speculo
1024 1524 1156 1591 reflexa.
1203 1526 1292 1589 Nam
1319 1547 1431 1608 super·

280 1623 370 1688 ficies
392 1645 500 1707 aquae
522 1636 572 1690 est
594 1626 780 1709 specularis,
796 1638 829 1692 et
850 1629 894 1692 ab
915 1628 971 1694 illa
988 1628 1025 1694 fit
1047 1651 1111 1694 una
1134 1631 1246 1715 imago
1270 1640 1303 1695 et
1325 1631 1390 1695 alia
1412 1652 1432 1694 a

280 1727 426 1811 speculo.
473 1730 519 1792 Et
547 1733 744 1796 aestimatur
769 1735 860 1815 quod
884 1733 939 1796 illa
968 1754 1055 1817 quae
1081 1735 1124 1798 ab
1149 1756 1237 1818 aqua
1263 1734 1301 1799 fit
1328 1735 1434 1817 major

281 1843 390 1897 estet
414 1835 604 1908 sensibilior,
625 1839 782 1920 quoniam
807 1839 917 1901 radius
941 1839 997 1920 qui
1021 1837 1099 1904 facit
1126 1839 1226 1903 aliam
1253 1840 1433 1924 imaginem

282 1939 423 2002 multum
453 1939 644 2006 debilitatur
673 1953 808 2024 propter
838 1942 911 2017 hoc,
942 1943 1033 2026 quod
1064 1945 1171 2026 primo
1205 1943 1367 2028 frangitur
1400 1945 1434 2008 in

281 2042 453 2125 superficie
475 2063 591 2125 aquae,
608 2046 727 2109 deinde
749 2045 929 2111 reflectitur
950 2068 970 2110 a
992 2047 1136 2130 speculo,
1153 2048 1252 2112 tertio
1273 2047 1436 2132 frangitur

282 2149 324 2211 ad
341 2147 548 2230 superficiem
565 2149 657 2214 aeris.
689 2149 756 2214 Sed
771 2150 906 2215 reflexio
921 2163 955 2216 et
971 2151 1088 2216 fractio
1103 2151 1244 2216 multum
1260 2152 1435 2216 debilitant

281 2253 437 2336 speciem,
455 2263 491 2316 ut
511 2273 575 2318 non
592 2255 698 2337 possit
716 2255 915 2321 sufficienter
930 2266 1175 2339 repraesentare
1190 2277 1280 2332 rem;
1307 2266 1341 2320 et
1356 2257 1433 2321 ideo

282 2367 333 2421 est
359 2357 471 2440 imago
499 2358 556 2422 illa
585 2359 725 2423 debilior
755 2369 789 2423 et
819 2361 925 2424 minor
950 2371 985 2424 et
1015 2361 1122 2423 minus
1151 2360 1322 2424 sensibilis.
1367 2359 1435 2424 Sed

284 2463 456 2526 intentioni
487 2481 581 2526 meae
609 2464 800 2526 dominatur
828 2465 920 2547 quod
950 2464 1063 2546 imago
1094 2464 1201 2546 major
1231 2463 1269 2527 fit
1298 2483 1357 2546 per
1386 2484 1435 2527 re-

284 2565 461 2629 flexionem
488 2587 508 2629 a
534 2566 692 2650 speculo;
726 2569 804 2650 quia
829 2568 999 2651 speculum
1027 2569 1166 2631 densum
1196 2578 1248 2632 est
1274 2577 1308 2632 et
1334 2567 1436 2630 habet

286 2670 460 2753 plumbum
476 2691 520 2734 ex
535 2671 639 2736 altera
654 2673 705 2735 sui
720 2681 815 2756 parte
834 2672 925 2754 quod
942 2672 1083 2754 impedit
1098 2672 1275 2735 transitum
1296 2672 1415 2752 speciei
1428 2695 1436 2745 3

284 2784 320 2839 et
342 2775 418 2838 ideo
443 2774 613 2856 speculum
638 2774 740 2840 habet
765 2778 853 2839 unde
880 2777 1017 2858 recipiat
1041 2776 1221 2858 imaginem
1246 2786 1281 2839 et
1308 2775 1436 2839 reddat.

289 2878 377 2944 Nam
411 2900 498 2963 aqua
528 2888 664 2964 propter
692 2881 742 2943 sui
772 2880 941 2944 raritatem
972 2880 1074 2944 habet
1104 2881 1212 2943 minus
1241 2881 1285 2943 de
1319 2891 1437 2942 natura

285 2983 418 3065 speculi,
436 2993 471 3048 et
494 2984 570 3048 ideo
588 2983 732 3048 debilem
754 2985 864 3049 reddit
881 2985 1071 3068 imaginem.
1117 2984 1218 3067 Quod
1240 2993 1353 3047 autem
1377 2985 1436 3046 ob

285 3088 411 3170 jectum
437 3099 488 3153 est
510 3090 553 3152 de
579 3087 814 3168 fractionibus;
843 3089 1019 3153 dicendum
1051 3098 1102 3153 est
1130 3089 1220 3171 quod
1250 3086 1438 3152 debilitatio

286 3211 373 3273 quae
404 3193 524 3256 accidit
554 3213 614 3277 per
642 3213 698 3256 eas
729 3213 797 3257 non
831 3192 909 3257 facit
941 3193 1104 3257 minorem
1135 3193 1313 3276 imaginem
1336 3210 1438 3274 quam

287 3295 331 3359 ab
345 3317 441 3379 aqua,
455 3298 512 3362 sed
531 3296 691 3361 minorem
707 3318 808 3380 quam
824 3294 941 3363 fieret¹
963 3297 990 3361 si
1004 3297 1175 3382 speculum
1195 3305 1281 3362 esset
1299 3296 1332 3359 in
1353 3296 1439 3362 sicco

286 3410 383 3464 extra
402 3421 534 3484 aquam.

334 3504 542 3570 Aestimatur
562 3527 641 3571 vero
665 3527 686 3570 a
703 3506 805 3589 vulgo
827 3507 919 3589 quod
939 3505 1075 3571 omnino
1094 3527 1208 3570 verum
1230 3507 1274 3571 sit
1294 3506 1385 3588 quod
1407 3505 1438 3567 in
1452 3510 1552 3573 Imus·

287 3609 423 3693 speculo
438 3609 542 3676 fracto
557 3620 718 3695 apparent
732 3620 784 3674 tot
799 3609 961 3693 imagines
981 3621 1065 3693 quot
1081 3621 1157 3674 sunt
1177 3619 1288 3693 partes
1304 3608 1437 3674 fractae.
1450 3575 1592 3691 ξζῗὲῗζ.

295 3711 364 3778 Sed
394 3734 461 3777 non
491 3724 541 3780 est
571 3716 618 3778 ita
647 3715 711 3780 nisi
739 3717 874 3797 quando
900 3724 1012 3797 partes
1036 3714 1160 3779 fractae
1185 3734 1252 3778 non
1279 3713 1439 3796 recipiunt
1451 3722 1499 3757 ¹⁰¹·

291 3818 435 3882 eundem
464 3819 566 3883 situm
599 3821 659 3885 sed
690 3820 867 3883 diversum.
913 3817 949 3883 Si
984 3819 1072 3884 enim
1103 3819 1268 3884 retineant
1297 3819 1440 3882 eundem

290 3923 391 3986 situm
421 3944 520 4006 quem
551 3923 738 3989 habuerunt
767 3923 801 3988 in
830 3923 967 4007 speculo
998 3924 1139 4005 integro,
1172 3943 1237 3987 non
1269 3920 1443 4006 apparebit

290 4025 354 4089 nisi
373 4047 440 4091 una
462 4028 584 4113 imago,
599 4029 677 4111 quia
700 4027 824 4112 species
846 4029 982 4092 veniens
1004 4026 1043 4091 fit
1065 4048 1132 4092 una
1152 4037 1187 4092 et
1208 4035 1356 4090 remanet
1377 4046 1443 4089 una

291 4131 361 4194 sive
380 4131 477 4196 fuerit
497 4133 662 4216 integrum
683 4132 854 4216 speculum
876 4132 946 4196 sive
961 4131 1114 4209 fractum,
1128 4132 1312 4195 dummodo
1332 4139 1443 4213 partes

291 4235 453 4300 retineant
479 4239 579 4300 situm
603 4257 698 4302 suum
723 4238 885 4313 eundem3
915 4235 995 4319 quia
1017 4244 1159 4319 punctus
1182 4233 1371 4298 reflexionis
1393 4245 1443 4296 est

290 4359 385 4418 unus,
400 4351 434 4406 et
456 4362 541 4406 unus
560 4342 651 4407 locus
674 4352 725 4407 est
746 4341 779 4405 in
801 4361 901 4425 quem
920 4341 1019 4405 cadit.
1066 4339 1213 4422 Quando
1232 4356 1310 4402 vero
1332 4347 1444 4421 partes

290 4445 416 4529 speculi
433 4445 525 4511 fracti
542 4446 704 4530 recipiunt
719 4446 887 4510 diversum
902 4445 1014 4522 situm,
1025 4453 1105 4508 tunc
1120 4442 1246 4527 species
1261 4441 1444 4506 necessario

652 4641 661 4670 ¹
679 4642 762 4700 fieret,
776 4642 842 4703 Reg.
877 4642 904 4702 J.
915 4641 963 4690 has
975 4640 1079 4690 iaceret.

334 4751 418 4806 vob.
436 4751 472 4802 11.
846 4751 868 4801 L
