3542 5359
386 605 582 666 MORALIS
606 604 925 664 PHILOSOPHIA:
959 603 1074 663 PARS
1103 603 1267 664 TERTIA.
1345 619 1402 680 311

253 768 295 832 ab
305 788 410 832 uxore
422 767 617 852 Xanthippe
625 767 799 835 immunda
813 787 902 851 aqua
917 765 1176 850 perfunderetur.
1212 764 1405 832 Antistheni

254 882 360 937 mater
375 874 517 938 barbara
532 883 566 936 et
581 871 748 937 Thraessa
762 870 1000 954 objiciebatur:
1024 871 1193 954 respondit
1215 880 1249 934 et
1266 872 1405 934 deorum

254 988 392 1042 matrem
413 977 551 1040 Idaeam
565 995 648 1040 esse.

295 1081 393 1146 ‘Non
428 1090 479 1146 est
514 1080 548 1144 in
577 1079 686 1146 rixam
722 1077 1059 1162 colluctationemque
1086 1077 1286 1142 veniendum
1318 1123 1325 1140 .
1355 1125 1363 1142 .
1397 1085 1480 1152 ,Cap
1496 1099 1533 1150 ru

254 1182 421 1268 Quicquid
454 1183 573 1248 horum
605 1184 649 1248 ab
678 1182 905 1266 imprudentia
932 1181 1020 1248 fiet.
1044 1181 1341 1264 ..negligendum
1371 1191 1405 1248 et

253 1287 393 1352 honores
415 1287 620 1370 injuriaeque
643 1286 734 1368 vulgi
764 1287 798 1350 in
824 1286 1014 1370 promiscuo
1039 1283 1231 1362 habendae;
1264 1305 1325 1350 nec
1353 1284 1406 1350 his

253 1392 434 1458 dolendum
456 1410 518 1454 nec
540 1390 604 1455 illis
625 1391 842 1476 gaudendum
865 1437 874 1451 .
900 1436 907 1451 .
932 1438 939 1453 .
963 1390 1041 1454 Nou
1063 1397 1114 1454 est
1136 1398 1249 1454 autem
1271 1389 1405 1461 libertas

206 1580 222 1604 .
252 1496 333 1560 nihil
348 1496 429 1581 pati.
474 1495 630 1560 Libertas
644 1505 695 1560 cst
710 1496 858 1562 animum
875 1514 1098 1579 superponere
1114 1489 1259 1578 injuris.³

653 1750 881 1817 Carrrunuu
898 1750 1003 1816 X111.

296 1903 423 1970 Seneca
440 1904 526 1970 libro
542 1905 586 1968 ad
610 1902 768 1968 Helviam
790 1915 930 1968 matrem
950 1924 1046 1968 suam
1069 1905 1216 1970 scribens
1231 1903 1273 1968 de
1288 1922 1405 1968 conso·
1417 1920 1540 1971 Consola-

251 2009 377 2076 latione
407 2009 554 2094 loquitur
584 2008 625 2073 de
655 2010 812 2074 remediis
844 2030 911 2074 non
941 2007 1049 2073 solum
1080 2019 1197 2074 contra
1219 2008 1345 2073 luctum
1369 1987 1559 2115 etiiffiilyer

251 2115 402 2179 dolorem
427 2115 487 2178 sed
507 2125 623 2179 contra
645 2123 876 2198 paupertatem
894 2124 928 2179 et
948 2113 1085 2178 exilium
1108 2123 1142 2178 et
1166 2111 1404 2177 contumeliam
1418 2119 1495 2168 From

251 2229 285 2284 et
305 2219 411 2282 multa
430 2217 621 2300 hujusmodi
642 2218 788 2282 adversa
835 2217 926 2285 Male
942 2217 1041 2300 igitur
1059 2217 1233 2282 sustinenti
1256 2215 1403 2298 aliquam
1416 2181 1540 2308 {32⁰²}ss

250 2323 485 2388 adversitatem
524 2323 706 2387 remedium
743 2322 909 2405 proponit,
946 2323 1081 2398 dicens;
1119 2325 1254 2384 ‘omnes
1292 2320 1404 2403 itaque
1416 2265 1533 2430 irini&

250 2426 359 2492 luctus
389 2426 436 2492 illi
465 2447 543 2493 suos
571 2426 685 2490 omnia
714 2425 869 2510 lugubria
899 2426 1097 2493 admovebo.
1145 2426 1220 2490 Hoc
1246 2426 1308 2490 erit
1334 2445 1536 2496 noanem,

251 2531 343 2595 molli
367 2532 420 2596 via
439 2532 570 2610 mederi,
588 2531 648 2595 sed
670 2551 764 2598 urere
784 2551 824 2594 ac
849 2552 969 2598 secare.
1015 2531 1106 2614 Quid
1131 2535 1336 2613 consequar?
1366 2540 1402 2596 ut
1415 2537 1479 2605 Cap.
1493 2551 1515 2586 π.

249 2638 376 2718 pudeat
396 2636 545 2701 animum
568 2645 620 2701 tot
642 2635 846 2700 miseriarum
868 2636 1028 2701 victorem
1057 2655 1156 2720 aegre
1186 2634 1269 2698 ferre
1298 2654 1402 2698 unum

249 2740 371 2804 vulnus
390 2740 424 2803 in
446 2760 585 2824 corpore
606 2749 676 2806 tam
698 2739 902 2806 cicatricoso.
949 2739 1068 2804 Fleant
1089 2740 1201 2820 itaque
1219 2739 1345 2802 diutius
1368 2747 1402 2802 et

249 2854 386 2927 gemant
411 2864 552 2927 quorum
579 2839 761 2910 delicatas²
792 2852 921 2906 mentes
944 2842 1114 2906 enervavit
1138 2843 1238 2924 longa
1263 2841 1401 2906 felicitas

250 2949 338 3012 etad
355 2946 597 3011 levissimarum
613 2945 807 3029 injuriarum
823 2957 933 3011 motus
950 2945 1187 3022 conlabantur;
1209 2955 1245 3010 at
1260 2964 1400 3029 quorum

249 3072 367 3116 omnes
388 3052 463 3116 anni
490 3074 550 3137 per
579 3050 787 3118 calamitates
816 3052 1024 3126 transierunt,
1045 3051 1240 3136 gravissima
1268 3069 1401 3134 quoque

252 3151 357 3246 [forti]
374 3167 407 3221 et
422 3155 571 3222 inmobili
587 3156 774 3222 constantia
793 3158 969 3242 perferant.
1016 3155 1131 3222 Unum
1151 3154 1253 3219 habet
1267 3154 1402 3220 assidua

249 3261 424 3326 infelicitas
439 3261 574 3336 bonum,
588 3261 680 3342 quod
696 3281 780 3343 quos
794 3279 926 3345 semper
935 3269 1046 3338 vexat,
1059 3259 1235 3324 novissime
1250 3254 1401 3324 indurat.’

293 3364 606 3450 ‘Quemadmodum
618 3365 741 3430 tirones
757 3363 872 3429 leviter
886 3365 988 3430 saucii
1004 3375 1116 3428 tamen
1133 3361 1353 3432 vociferantur
1367 3371 1402 3427 et
1415 3370 1479 3436 cap.
1492 3385 1514 3432 3-

250 3491 368 3535 manus
391 3471 597 3535 medicorum
623 3469 729 3554 magis
757 3489 859 3554 quam
889 3469 1009 3534 ferrum
1033 3468 1174 3538 horrent.
1196 3478 1232 3534 at
1255 3468 1401 3534 veterani

249 3576 401 3662 quamvis
416 3572 561 3638 confossi
577 3573 740 3656 patienter
753 3594 794 3638 ac
808 3574 878 3638 sine
891 3573 1017 3657 gemitu
1034 3571 1125 3637 velut
1140 3571 1247 3637 aliena
1262 3592 1403 3655 corpora

249 3678 416 3748 exsaniari
436 3673 626 3762 patiuntur’
641 3727 648 3742 .
665 3723 676 3740 .
692 3723 701 3742 .
716 3687 750 3743 et
781 3678 857 3744 ideo
885 3685 1018 3744 enarrat
1048 3677 1146 3744 matri
1175 3677 1289 3744 omnia
1313 3674 1402 3743 mala

249 3802 337 3866 quae
352 3782 479 3848 fortiter
494 3800 593 3866 passa
608 3790 668 3857 est,
684 3791 721 3846 ut
736 3780 886 3846 dolorem
903 3779 960 3846 lilii
976 3781 1026 3848 sui
1042 3779 1154 3846 elidat.

294 3887 425 3952 Deinde
455 3886 527 3970 ipse
557 3884 684 3952 Seneca
713 3906 772 3969 per
800 3886 994 3970 exemplum
1017 3887 1067 3952 sui
1098 3886 1201 3968 ipsius
1223 3883 1295 3951 vult
1324 3903 1400 3950 eam

249 3991 419 4072 consolari,
433 3991 566 4066 dicens;
588 3989 747 4054 ‘Vincam
770 4001 882 4056 autem
907 4000 990 4075 puto
1010 3987 1162 4076 primum,
1176 3989 1205 4054 si
1223 3988 1400 4054 ostendero
1413 4007 1476 4074 erp.
1490 4023 1514 4070 4,
1527 4023 1549 4071 5·

248 4096 330 4160 nihil
352 4116 405 4159 me
419 4097 490 4182 pati
508 4103 645 4181 propter
664 4095 756 4178 quod
772 4095 842 4178 ipse
862 4095 929 4160 dici
948 4095 1075 4179 possim
1097 4094 1217 4158 miser.
1235 4092 1399 4157 ..Indico

249 4220 303 4266 me
325 4221 392 4265 non
414 4219 487 4264 esse
512 4198 677 4264 miserum.
721 4197 903 4280 Adjiciam,
926 4220 993 4282 quo
1016 4199 1161 4263 securior
1184 4197 1239 4271 sis,
1263 4217 1304 4262 ne
1330 4195 1400 4260 fieri

247 4305 384 4388 quidem
415 4324 470 4368 me
498 4323 597 4384 posse
627 4300 802 4368 miserum!
848 4303 895 4369 Et
924 4303 988 4369 hoc
1022 4302 1143 4389 probat
1173 4302 1230 4366 sic.
1288 4301 1400 4366 ‘Bona

248 4410 382 4496 quidem
399 4407 594 4472 condicione
611 4407 715 4492 geniti
729 4427 844 4472 sumus
858 4408 887 4471 si
903 4427 978 4472 eam
997 4427 1062 4474 non
1077 4405 1326 4472 deseruerimus.
1361 4404 1399 4469 Id

380 4571 389 4600 ¹
407 4571 528 4620 Extracts
540 4569 604 4620 from
616 4571 736 4634 dialem
746 4569 795 4620 Ad
803 4571 923 4621 Hefm'am
935 4571 1053 4632 Mamm,
1066 4578 1094 4620 to
1106 4585 1131 4633 p.
1142 4587 1198 4633 3¹9

381 4649 391 4680 ¹
406 4649 534 4711 dmum,
546 4649 623 4700 MSS.
