3542 5359
577 624 692 684 PARS
715 623 878 683 PRIMA:
915 621 1003 682 CAP.
1028 622 1048 680 I
1051 621 1083 680 V.
1351 635 1412 698 443

259 807 318 870 per
332 787 468 871 aliquod
482 787 637 871 spatium,
652 797 731 852 tunc
745 786 886 870 duplum
903 785 990 848 illius
1005 783 1136 849 virtutis
1152 793 1262 867 potest
1278 803 1412 848 movere

259 892 350 956 idem
373 892 497 956 mobile
520 913 579 976 per
593 892 735 975 duplum
755 891 842 955 illius
861 890 971 974 spatii,
991 890 1170 954 secundum
1195 886 1411 952 Aristotelem

259 997 403 1078 septimo
427 996 665 1079 Physicorum3
695 995 946 1060 concedendum
976 1004 1028 1059 cst
1053 993 1116 1058 hoc
1141 995 1173 1057 in
1197 1003 1290 1057 motu
1315 993 1410 1056 locali

259 1101 400 1165 naturali
415 1103 565 1186 gravium
581 1111 615 1165 et
627 1101 759 1176 levium,
770 1120 838 1165 non
854 1101 887 1163 in
897 1099 1060 1177 violent03
1087 1118 1164 1162 nam
1181 1097 1283 1161 homo
1296 1096 1412 1160 debilis

259 1205 412 1288 projiciet
426 1205 473 1270 ita
485 1207 584 1289 longe
598 1225 701 1269 unum
713 1205 826 1269 solium
843 1206 930 1268 sicut
941 1202 1044 1268 fortis.
1082 1201 1150 1268 Sed
1167 1222 1227 1265 nec
1243 1203 1275 1265 in
1290 1201 1410 1265 altera-

260 1311 351 1373 tione
365 1310 615 1374 concedendum
631 1319 691 1388 est,
701 1309 781 1391 quia
796 1309 948 1372 alteratio
963 1328 1029 1371 non
1044 1307 1176 1390 respicit
1191 1306 1410 1388 quantitatem

258 1434 318 1496 per
335 1434 380 1493 se,
399 1414 457 1477 sed
480 1412 621 1478 formam
640 1434 727 1496 quae
747 1414 848 1477 debet
870 1413 999 1476 intendi
1013 1411 1068 1475 vel
1088 1411 1212 1474 remitti
1236 1411 1269 1472 in
1292 1412 1410 1473 eadem

260 1518 459 1599 quantitate.
499 1519 544 1581 Et
559 1518 711 1582 similiter
719 1517 891 1600 generatio
906 1525 940 1581 et
955 1515 1131 1596 corruptio.
1171 1514 1271 1579 Unde
1291 1534 1410 1578 conce-

258 1622 405 1687 dendum
420 1633 481 1698 est,
496 1623 587 1704 quod
601 1623 629 1686 si
644 1621 758 1704 aliqua
773 1623 877 1685 virtus
895 1631 1010 1704 posset
1031 1619 1172 1684 alterare
1186 1618 1237 1683 vel
1253 1639 1411 1702 generare

258 1723 358 1789 aliam
381 1726 533 1806 sormam,
553 1737 632 1790 tunc
655 1725 759 1810 dupla
771 1727 876 1788 virtus
899 1733 1010 1807 potest
1031 1721 1139 1788 iacere
1162 1723 1302 1806 duplum
1325 1721 1410 1787 illius

258 1830 292 1892 in
307 1831 425 1894 eodem
441 1831 602 1912 subjecto,
619 1831 677 1894 sed
692 1851 760 1894 non
775 1831 809 1893 in
823 1830 929 1912 duplo
945 1829 1055 1912 spatio
1064 1827 1085 1890 ¹.

303 1934 436 1998 Deinde
454 1945 632 2016 quaeratur
645 1945 774 2017 quarto,
795 1954 838 1998 an
857 1934 967 1996 minus
985 1952 1086 2015 quam
1104 1930 1186 1995 illud
1208 1939 1320 2015 potest
1336 1951 1410 1994 esse
1422 1953 1445 2001 4
1457 1938 1518 1988 less

258 2038 423 2102 sufficiens
438 2038 625 2120 subjectum
641 2039 790 2103 actionis.
837 2037 883 2102 Et
903 2037 1080 2102 dicendum
1103 2044 1153 2099 est
1174 2036 1264 2117 quod
1281 2055 1356 2112 non,
1372 2043 1409 2098 ut
1421 2003 1546 2132 ffiffft

258 2151 309 2206 est
326 2143 359 2204 in
375 2151 449 2207 toto
461 2164 469 2221 ;
492 2145 550 2207 sed
566 2145 593 2207 si
606 2144 774 2207 dividatur
788 2164 809 2206 a
824 2150 907 2219 tot0,
919 2152 998 2205 tunc
1010 2151 1121 2224 potest
1135 2159 1207 2203 esse
1221 2139 1407 2221 subjectum
1420 2134 1475 2184 will
1485 2143 1529 2185 Ποῖ

257 2245 432 2311 sufficiens.
476 2246 534 2311 Ad
557 2247 621 2310 hoc
645 2249 733 2311 enim
754 2245 847 2329 quod
869 2244 994 2326 aliquid
1018 2244 1164 2328 patiatur
1184 2243 1228 2306 ab
1250 2242 1324 2318 alio,
1342 2263 1409 2307 non
1421 2201 1511 2250 suffice.

257 2351 433 2432 requiritur
455 2351 489 2414 in
512 2353 610 2416 rebus
634 2350 843 2434 generalibus
865 2350 927 2414 nisi
950 2349 1039 2430 quod
1063 2348 1277 2412 contrarietas
1300 2347 1353 2424 sit,
1376 2357 1409 2411 et

257 2455 348 2535 quod
363 2456 650 2538 approximentur.
695 2456 741 2519 Et
756 2456 786 2520 si
801 2454 932 2518 coelum
947 2465 998 2516 est
1018 2472 1129 2534 agens,
1145 2471 1211 2515 non
1227 2451 1410 2532 requiretur

257 2557 320 2620 nisi
347 2559 485 2623 materia
511 2561 670 2624 obediens
691 2569 725 2623 et
747 2558 1015 2643 approximatio;
1045 2557 1103 2620 sed
1128 2555 1210 2619 haec
1236 2556 1304 2620 duo
1331 2567 1409 2620 sunt

256 2661 320 2724 hic.
365 2661 402 2726 Si
418 2663 558 2742 dicatur,
573 2665 663 2746 quod
684 2663 849 2728 contraria
870 2672 951 2726 nata
973 2668 1050 2724 sunt
1066 2659 1135 2724 fieri
1156 2661 1243 2724 circa
1258 2661 1358 2738 idem,
1374 2671 1409 2726 et

255 2766 333 2830 ideo
353 2768 381 2830 si
405 2768 646 2832 determinatur
665 2768 719 2832 hic
741 2767 912 2851 quantitas
935 2765 1089 2849 patientis
1112 2765 1146 2828 in
1170 2765 1409 2846 magnitudine,

255 2871 408 2937 similiter
422 2874 456 2935 in
472 2874 656 2955 parvitate3
677 2873 853 2938 dicendum
869 2873 1026 2953 estquod
1046 2890 1132 2946 non3
1157 2870 1236 2951 quia
1250 2871 1409 2953 approxi-

257 2976 361 3040 matio
390 2996 456 3040 non
486 2976 632 3042 salvatur
660 2977 695 3040 in
718 2977 809 3041 omni
836 2971 1056 3040 extensione*
1077 2975 1327 3058 magnitudinis,
1348 2974 1407 3038 sed

256 3080 403 3144 salvatur
418 3082 453 3145 in
468 3082 560 3146 omni
580 3082 743 3146 divisione
757 3081 964 3162 quantitatis.
1011 3079 1057 3144 Et
1071 3079 1147 3143 ideo
1168 3099 1235 3142 non
1251 3079 1409 3161 sequitur,

257 3204 318 3249 nec
333 3196 467 3268 oportet
482 3187 573 3268 quod
585 3185 750 3250 contraria
764 3205 896 3268 semper
908 3182 1055 3248 serantur
1066 3183 1152 3247 circa
1164 3183 1263 3259 idem,
1273 3181 1408 3264 quando

255 3309 359 3353 unum
374 3291 462 3353 inest
476 3290 695 3355 determinate
710 3301 847 3373 propter
860 3289 961 3353 aliam
977 3307 1122 3367 causam,
1137 3297 1174 3350 ut
1190 3297 1240 3352 est
1255 3287 1319 3350 hic.

300 3393 432 3458 Deinde
446 3395 577 3478 quinto,
598 3414 641 3458 an
657 3394 820 3458 medietas
841 3395 913 3476 agit
936 3393 969 3455 in
991 3393 1216 3480 medietatem,
1230 3391 1282 3455 vel
1299 3400 1406 3457 totum
1421 3397 1512 3464 5.The

256 3499 326 3579 agit
357 3499 390 3562 in
421 3499 645 3563 medietatem.
691 3498 738 3562 Et
768 3498 948 3562 dicendum
980 3506 1031 3561 est
1057 3497 1147 3578 quod
1173 3507 1303 3572 totum3
1329 3496 1408 3578 quia
1420 3463 1560 3596 &aas

256 3602 363 3683 prima
378 3622 454 3683 pars
469 3622 535 3667 non
554 3614 669 3686 ageret
685 3603 718 3666 in
733 3603 876 3686 primaru
893 3611 1032 3684 partem,
1047 3602 1106 3664 sed
1124 3603 1314 3680 secundam,
1328 3601 1408 3682 quia
1421 3613 1454 3646 ⁰¹¹
1465 3597 1527 3646 ‘¹⁰¹¹

255 3706 401 3770 secunda
420 3709 451 3770 ei
473 3707 695 3791 conjungitur,
715 3727 776 3772 nec
798 3709 832 3770 in
853 3708 1043 3782 secundam,
1064 3706 1143 3788 quia
1164 3706 1309 3771 secunda
1333 3725 1408 3788 pars
1420 3662 1570 3793 ffipgfuon

256 3813 386 3893 agentis
408 3814 515 3896 magis
536 3815 566 3876 ei
584 3814 839 3896 appropinquat
888 3813 974 3877 Item
998 3813 1025 3876 si
1052 3811 1162 3894 prima
1183 3830 1260 3893 pars
1279 3810 1409 3893 agentis
1421 3793 1533 3844 ‘ssim'

255 3927 369 3998 ageret
399 3917 433 3978 in
464 3929 594 3998 partem
623 3918 776 3999 primam,
805 3927 839 3981 et
869 3918 1013 3981 secunda
1043 3917 1076 3979 in
1106 3916 1299 3990 secundam,
1328 3925 1409 3979 tunc

257 4020 362 4102 magis
378 4029 494 4104 ageret
513 4021 660 4085 secunda
680 4023 713 4085 in
733 4022 877 4106 primam
893 4040 995 4103 quarn
1018 4021 1051 4084 in
1073 4020 1265 4097 secundam,
1279 4019 1358 4100 quia
1378 4019 1408 4081 ei

256 4124 479 4206 conjungitur.
522 4124 559 4189 Si
582 4124 759 4207 objiciatur
780 4127 824 4190 de
845 4127 993 4208 septimo
1016 4123 1245 4206 Physicorum,
1267 4124 1357 4205 quod
1381 4123 1408 4187 si

254 4227 360 4293 virtus
379 4238 452 4292 tota
473 4230 544 4312 agit
564 4239 673 4294 totam
695 4231 872 4307 actionem,
888 4249 968 4314 ergo
991 4229 1152 4292 medietas
1175 4227 1410 4304 medietatem3

289 4447 298 4478 ¹
314 4448 401 4498 There
411 4449 435 4499 is
445 4450 510 4500 here
522 4466 539 4500 a
553 4451 662 4514 glimpse
679 4451 710 4500 oi
722 4452 768 4500 the
783 4451 854 4500 truth
872 4451 929 4501 that
945 4466 962 4501 a
978 4449 1054 4512 given
1071 4455 1178 4498 amount
1194 4448 1225 4497 ol
1237 4463 1338 4509 energy
1349 4463 1409 4511 may

255 4528 376 4577 manifest
388 4528 461 4578 itselt
468 4530 552 4579 either
562 4531 588 4579 in
599 4532 700 4593 change
711 4530 741 4579 οἱ
748 4531 860 4593 veloeity
869 4545 901 4580 or
911 4529 1046 4590 direction,
1057 4543 1087 4578 or
1095 4527 1195 4590 change
1205 4527 1235 4576 of
1242 4526 1410 4578 constitution

255 4606 285 4654 oi
292 4608 338 4655 the
349 4607 419 4669 body
430 4623 465 4657 on
476 4609 564 4658 which
574 4609 651 4659 work
661 4610 684 4659 is
695 4609 774 4658 done.

288 4684 300 4714 ¹
315 4687 478 4749 extensione,
492 4688 567 4752 Reg,
580 4687 785 4751 continuatione,
797 4687 830 4739 Ο.
