3542 5359
391 672 412 729 4
615 654 771 713 OPERIS
796 652 984 724 MAJORIS
1008 652 1123 712 PARS
1147 652 1320 726 QUINTA.

818 854 1045 921 Cnmnunuu
1070 856 1114 919 11.

434 998 488 1061 De
519 995 694 1062 virtutibus
723 996 853 1059 animae
889 995 1065 1061 sensitivae
1101 994 1318 1072 interioribus,
1348 1013 1435 1076 quae
1465 1005 1542 1058 sunt

389 1100 583 1185 imaginatio
600 1111 634 1166 et
648 1121 763 1165 sensus
779 1101 974 1164 communis.

218 1262 317 1339 rugans
329 1264 358 1312 or
432 1256 600 1339 Quoniam
619 1277 698 1321 vero
722 1256 813 1319 nervi
833 1256 946 1340 optici,
962 1256 995 1320 id
1014 1265 1074 1332 est,
1095 1256 1230 1320 concavi
1251 1253 1408 1319 facientes
1422 1253 1541 1331 visum,

216 1342 287 1441 31³³
279 1338 340 1457 ,22¹
387 1364 536 1426 oriuntur
549 1383 570 1425 a
585 1360 729 1438 cerebro,
745 1372 845 1442 atque
859 1370 1012 1425 auctores
1031 1359 1257 1443 perspectivae
1271 1360 1383 1423 virtuti
1403 1359 1541 1421 distinc-

216 1460 322 1522 ception.
386 1466 475 1531 tivae
512 1466 681 1531 mediante
710 1464 782 1528 visu
818 1464 987 1529 ascribunt
1014 1462 1140 1546 judicia
1170 1462 1320 1527 facienda
1349 1463 1392 1526 de
1420 1462 1538 1545 viginti

385 1570 557 1653 speciebus
574 1568 764 1647 visibilium,
785 1589 869 1651 quae
888 1577 1004 1652 postea
1025 1578 1211 1652 tangentur,
1227 1588 1288 1631 nec
1303 1568 1408 1637 ,scitur
1427 1577 1537 1631 utrum

386 1674 439 1736 illa
455 1675 559 1738 virtus
573 1674 764 1739 distinctiva
783 1675 826 1738 sit
848 1676 932 1737 inter
946 1674 1084 1738 virtutes
1104 1673 1236 1737 animae
1254 1692 1394 1755 quarum
1414 1692 1538 1754 organa

384 1791 462 1843 sunt
489 1780 521 1841 in
547 1777 682 1842 cerebro
713 1778 879 1855 distincta,
906 1778 1076 1861 multaque
1106 1776 1171 1842 alia
1202 1775 1336 1840 inferius
1365 1777 1538 1841 tractanda

385 1894 576 1966 supponunt
607 1881 877 1946 certificationem
904 1882 1064 1947 virtutum
1095 1881 1225 1946 animae
1254 1881 1437 1954 sensitivae‚
1461 1881 1536 1945 ideo

383 1997 517 2068 oportet
543 2007 563 2049 a
586 1986 736 2070 partibus
757 1986 880 2051 cerebri
903 1995 937 2050 et
958 1986 1135 2050 virtutibus
1158 1986 1289 2049 animae
1310 1984 1477 2059 inchoare,
1500 1995 1537 2049 ut

385 2090 589 2155 inveniamus
612 2112 651 2155 ea
676 2111 761 2172 quae
783 2092 825 2155 ad
848 2091 956 2153 visum
979 2099 1056 2154 sunt
1082 2089 1274 2154 necessaria.
1321 2088 1367 2151 Et
1385 2098 1536 2152 auctores

384 2196 608 2278 perspectivae
634 2194 716 2260 dant
738 2195 834 2259 nobis
856 2195 945 2258 viam
968 2195 1011 2258 ad
1034 2195 1106 2271 hoc,
1128 2194 1343 2258 ostendentes
1365 2194 1536 2275 quomodo

383 2319 402 2360 a
426 2300 586 2382 pelliculis
608 2301 731 2363 cerebri
753 2310 788 2364 et
811 2309 886 2364 cute
909 2299 1010 2363 cranii
1033 2300 1238 2364 descendunt
1261 2300 1352 2362 nervi
1374 2298 1536 2374 visualcs;

383 2405 442 2468 sed
458 2404 567 2469 nullus
583 2404 729 2488 explicat
744 2406 854 2467 omnia
870 2405 1054 2468 necessaria
1069 2405 1101 2467 in
1117 2403 1180 2466 hac
1197 2412 1300 2487 parte.
1346 2402 1432 2466 Dico
1448 2423 1535 2485 ergo,

382 2509 466 2571 sicut
490 2530 606 2573 omnes
632 2509 798 2573 naturales
825 2519 859 2573 et
885 2509 1004 2572 medici
1035 2518 1068 2573 et
1094 2508 1291 2592 perspectivi
1321 2510 1534 2585 concordant,

383 2613 472 2694 quod
495 2614 665 2678 cerebrum
690 2614 864 2678 involvitur
886 2613 1011 2695 duplici
1034 2612 1131 2697 pelle,
1147 2634 1286 2695 quarum
1310 2633 1375 2675 una
1398 2623 1535 2677 vocatur

375 2719 436 2799 pia
452 2728 564 2795 mater,
580 2738 666 2799 quae
688 2728 738 2781 est
759 2719 952 2782 immediate
971 2718 1144 2781 continens
1163 2720 1353 2793 cerebrum;
1379 2726 1413 2780 et
1430 2716 1534 2781 altera

381 2831 519 2885 vocatur
539 2821 626 2885 dura
649 2831 761 2897 mater,
784 2841 872 2903 quae
893 2821 1051 2885 adhaeret
1073 2821 1270 2885 concavitati
1296 2821 1380 2885 ossis
1406 2822 1533 2903 capitis,

381 2925 471 3007 quod
488 2926 633 2989 cranium
650 2935 795 2990 vocatur.
842 2926 931 2988 Nam
946 2926 1029 2988 haec
1050 2924 1163 2988 durior
1182 2934 1243 3001 est,
1259 2933 1296 2988 ut
1312 2924 1442 2989 resistat
1457 2925 1531 3000 ossi,

382 3038 414 3092 et
429 3028 495 3091 alia
510 3043 560 3093 est
576 3028 707 3093 mollior
727 3038 761 3093 et
781 3030 913 3092 suavior
933 3038 1070 3113 propter
1092 3027 1266 3092 mollitiem
1289 3030 1422 3104 cerebri,
1437 3028 1531 3109 cujus

380 3132 567 3196 substantia
604 3141 655 3196 est
693 3132 892 3209 medullaris,
930 3143 964 3196 et
998 3142 1165 3210 unctuosa,
1204 3132 1237 3195 in
1270 3153 1336 3215 qua
1373 3131 1529 3215 phlegma

379 3235 576 3311 dominatur,
598 3246 632 3299 et
648 3234 748 3299 habet
764 3246 831 3299 tres
849 3235 1089 3309 distinctiones,
1104 3256 1191 3317 quae
1206 3247 1366 3300 vocantur
1381 3234 1529 3314 thalami,

378 3348 411 3402 et
427 3337 617 3412 cellulae,et
632 3348 752 3422 partes.
798 3339 844 3402 Et
856 3340 1036 3404 divisiones
1052 3342 1085 3402 in
1102 3340 1208 3424 prima
1219 3340 1337 3403 cellula
1352 3348 1429 3403 sunt
1443 3342 1530 3405 duae

377 3443 535 3506 virtutes:
559 3452 593 3506 et
614 3452 664 3507 est
684 3463 750 3506 una
771 3463 886 3507 sensus
906 3445 1091 3508 communis
1112 3444 1145 3506 in
1166 3444 1320 3508 anteriori
1343 3444 1414 3526 ejus
1436 3456 1529 3527 parte

378 3546 569 3620 consistens,
593 3557 629 3611 ut
651 3546 824 3611 Avicenna
846 3549 927 3612 dicit
950 3549 1056 3630 primo
1072 3549 1114 3611 de
1137 3548 1270 3627 Anima,
1294 3549 1350 3631 qui
1374 3559 1424 3613 est
1445 3550 1529 3613 sicut

378 3650 451 3713 sons
466 3659 615 3734 respectu
627 3672 782 3715 sensuum
798 3653 1053 3735 particularium,
1069 3662 1102 3716 et
1114 3654 1197 3717 sicut
1213 3664 1361 3717 centrum
1379 3664 1527 3737 respectu

377 3752 537 3817 linearum
569 3757 764 3820 exeuntium
796 3758 839 3819 ab
866 3758 986 3820 eodem
1011 3766 1136 3840 puncto
1162 3759 1205 3821 ad
1231 3757 1526 3822 circumferentiam

376 3859 556 3921 secundum
589 3859 805 3924 Aristotelem
836 3862 982 3925 secundo
1011 3862 1054 3925 de
1079 3858 1238 3938 Anima¹,
1260 3862 1317 3945 qui
1336 3860 1463 3943 judicat
1485 3864 1528 3927 de

376 3961 510 4043 singulis
525 3964 734 4028 sensibilibus
750 3963 1009 4046 particularibus.
1055 3964 1086 4027 N
1089 3985 1143 4027 am
1161 3985 1228 4028 non
1245 3965 1431 4047 completur
1441 3966 1526 4049 judi-

376 4065 461 4128 cium
474 4067 517 4130 de
526 4067 645 4131 visibili
655 4078 834 4152 antequam
845 4070 971 4151 species
986 4069 1098 4133 veniat
1107 4069 1150 4132 ad
1162 4089 1293 4133 sensum
1307 4090 1526 4146 communem,

377 4180 410 4231 et
425 4170 471 4231 sic
487 4170 529 4233 de
543 4172 678 4236 audibili
693 4182 727 4237 et
742 4172 821 4250 aliis,
838 4182 874 4236 ut
891 4183 984 4256 patet
998 4193 1043 4235 ex
1060 4171 1125 4236 fine
1141 4174 1185 4237 de
1201 4172 1308 4238 Sensu
1324 4183 1357 4237 et
1375 4172 1526 4249 Sensato‚

408 4294 416 4321 ¹
432 4298 495 4346 This
508 4298 601 4347 should
613 4300 646 4347 be
657 4302 731 4349 inno.
759 4300 782 4349 It
794 4300 817 4348 is
829 4301 854 4347 in
867 4300 913 4349 the
922 4300 991 4349 third
1000 4300 1068 4348 book
1078 4300 1133 4349 that
1140 4309 1207 4350 most
1216 4301 1246 4349 oi
1253 4300 1399 4349 Aristocle’s
1411 4301 1526 4349 remarks

376 4391 408 4421 on
422 4376 518 4425 Sensus
526 4379 668 4427 communis
677 4394 722 4426 are
734 4386 762 4426 to
770 4380 803 4426 be
811 4378 901 4436 found,
914 4378 976 4440 Cap.
991 4393 1002 4425 1
1015 4380 1066 4427 and
1078 4394 1094 4425 ο
1106 4394 1112 4437 ;
1130 4378 1160 4428 cf.
1169 4380 1226 4427 also
1233 4378 1272 4426 De
1282 4378 1381 4427 Somno
1392 4384 1416 4426 et
1425 4379 1524 4442 Vigiliis,

376 4470 431 4516 cap.
444 4472 459 4503 a
472 4454 542 4505 Ἐστι
555 4454 582 4503 δέ
592 4473 628 4504 τις
643 4456 683 4504 καὶ
695 4454 763 4517 κοινὴ
778 4454 873 4516 δύναμις
889 4454 1058 4504 ἀκολουθοῦσα
1075 4453 1198 4520 adomari
1214 4455 1254 4505 nul
1272 4455 1309 4504 ὅτι
1326 4455 1371 4520 ὁρᾷ
1386 4456 1426 4503 ml
1443 4455 1524 4504 ἀκούει

375 4530 524 4581 αἰσθάνεται·
544 4536 572 4582 orl
584 4532 631 4598 γὰρ
641 4534 672 4597 τῇ
683 4534 708 4597 γ’
720 4534 774 4599 ὕψει
784 4536 829 4598 ὁρᾷ
841 4534 879 4583 ὅτι
891 4535 944 4598 ὁρᾷ,
955 4533 997 4582 aenl
1008 4532 1082 4596 κρίνει
1095 4534 1123 4595 δὴ
1135 4535 1175 4584 nul
1186 4533 1287 4584 brivam
1300 4533 1391 4597 κρίνειν
1403 4534 1441 4582 ὅτι
1455 4534 1525 4595 ἔτερα

374 4609 406 4657 τὰ
417 4610 510 4673 γλυκέα
520 4613 571 4660 τῶν
583 4612 676 4661 λευκῶν
687 4611 744 4662 οὔτε
755 4612 838 4675 γεύσει
851 4612 903 4662 otr'
915 4612 968 4678 tun
980 4610 1032 4662 οὔτ’
1044 4612 1142 4676 ἀμφοῖν,
1155 4614 1222 4662 ἀλλὰ
1232 4630 1280 4662 τινι
1294 4611 1366 4677 κοίνφ
1382 4612 1457 4677 μορίῳ
1474 4614 1524 4662 τῶν

373 4688 533 4753 αἰσθητηρίων
545 4690 666 4743 ἁπάντων.
