<?xml version="1.0" encoding="UTF-8"?>
<!DOCTYPE html PUBLIC "-//W3C//DTD XHTML 1.0 Transitional//EN"
    "http://www.w3.org/TR/xhtml1/DTD/xhtml1-transitional.dtd">
<html xmlns="http://www.w3.org/1999/xhtml" xml:lang="en" lang="en">
 <head>
  <title>
</title>
<meta http-equiv="Content-Type" content="text/html;charset=utf-8" />
  <meta name='ocr-system' content='tesseract 3.04.00' />
  <meta name='ocr-capabilities' content='ocr_page ocr_carea ocr_par ocr_line ocrx_word'/>
</head>
<body>
  <div class='ocr_page' id='page_1' title='image "./opusmajusrogerb02bridgoog/opusmajusrogerb02bridgoog_0133.png"; bbox 0 0 3542 5359; ppageno 0'>
   <div class='ocr_carea' id='block_1_1' title="bbox 375 522 1307 602">
    <p class='ocr_par' dir='ltr' id='par_1_1' title="bbox 375 522 1307 602">
     <span class='ocr_line' id='line_1_1' title="bbox 375 522 1307 602; baseline -0.001 -19"><span class='ocrx_word' id='word_1_1' title='bbox 375 541 433 602; x_wconf 87' lang='lat'>114</span> <span class='ocrx_word' id='word_1_2' title='bbox 602 522 759 582; x_wconf 79' lang='lat' dir='ltr'><em>OPERIS</em></span> <span class='ocrx_word' id='word_1_3' title='bbox 783 522 972 592; x_wconf 85' lang='lat' dir='ltr'><em>MAJORIS</em></span> <span class='ocrx_word' id='word_1_4' title='bbox 997 523 1111 582; x_wconf 83' lang='lat' dir='ltr'><em>PARS</em></span> <span class='ocrx_word' id='word_1_5' title='bbox 1136 522 1307 596; x_wconf 83' lang='lat' dir='ltr'><em>QUINTA.</em></span> 
     </span>
    </p>
   </div>
   <div class='ocr_carea' id='block_1_2' title="bbox 344 683 1529 1393">
    <p class='ocr_par' dir='ltr' id='par_1_2' title="bbox 344 683 1529 1393">
     <span class='ocr_line' id='line_1_2' title="bbox 374 683 1529 770; baseline -0.002 -20"><span class='ocrx_word' id='word_1_6' title='bbox 374 685 599 770; x_wconf 84' lang='lat' dir='ltr'>Rectangulae</span> <span class='ocrx_word' id='word_1_7' title='bbox 632 685 876 769; x_wconf 83' lang='lat' dir='ltr'>magnitudines</span> <span class='ocrx_word' id='word_1_8' title='bbox 923 705 942 748; x_wconf 91' lang='lat' dir='ltr'>e</span> <span class='ocrx_word' id='word_1_9' title='bbox 984 685 1141 750; x_wconf 87' lang='lat' dir='ltr'>distantia</span> <span class='ocrx_word' id='word_1_10' title='bbox 1187 685 1278 748; x_wconf 90' lang='lat' dir='ltr'>visae</span> <span class='ocrx_word' id='word_1_11' title='bbox 1322 683 1529 766; x_wconf 89' lang='lat' dir='ltr'>peripheriae</span> 
     </span>
     <span class='ocr_line' id='line_1_3' title="bbox 373 787 1527 875; baseline -0.004 -20"><span class='ocrx_word' id='word_1_12' title='bbox 373 802 544 875; x_wconf 87' lang='lat' dir='ltr'>apparent.</span> <span class='ocrx_word' id='word_1_13' title='bbox 606 789 674 855; x_wconf 90' lang='lat' dir='ltr'>Sed</span> <span class='ocrx_word' id='word_1_14' title='bbox 712 790 790 872; x_wconf 92' lang='lat' dir='ltr'>quia</span> <span class='ocrx_word' id='word_1_15' title='bbox 825 788 1036 872; x_wconf 89' lang='lat' dir='ltr'>rectangulae</span> <span class='ocrx_word' id='word_1_16' title='bbox 1072 787 1198 870; x_wconf 89' lang='lat' dir='ltr'>figurae</span> <span class='ocrx_word' id='word_1_17' title='bbox 1234 787 1426 869; x_wconf 90' lang='lat' dir='ltr'>hujusmodi</span> <span class='ocrx_word' id='word_1_18' title='bbox 1459 808 1527 852; x_wconf 92' lang='lat' dir='ltr'>non</span> 
     </span>
     <span class='ocr_line' id='line_1_4' title="bbox 373 891 1527 977; baseline -0.003 -19"><span class='ocrx_word' id='word_1_19' title='bbox 373 905 513 977; x_wconf 87' lang='lat' dir='ltr'><strong>possunt</strong></span> <span class='ocrx_word' id='word_1_20' title='bbox 540 915 610 958; x_wconf 89' lang='lat' dir='ltr'>esse</span> <span class='ocrx_word' id='word_1_21' title='bbox 637 895 696 958; x_wconf 91' lang='lat' dir='ltr'>nisi</span> <span class='ocrx_word' id='word_1_22' title='bbox 717 893 949 977; x_wconf 85' lang='lat' dir='ltr'>aequilaterae,</span> <span class='ocrx_word' id='word_1_23' title='bbox 971 893 1047 956; x_wconf 88' lang='lat' dir='ltr'>ideo</span> <span class='ocrx_word' id='word_1_24' title='bbox 1068 891 1134 956; x_wconf 91' lang='lat' dir='ltr'>alia</span> <span class='ocrx_word' id='word_1_25' title='bbox 1152 891 1326 956; x_wconf 81' lang='lat' dir='ltr'>translatio</span> <span class='ocrx_word' id='word_1_26' title='bbox 1347 891 1527 974; x_wconf 88' lang='lat' dir='ltr'>subjungit,</span> 
     </span>
     <span class='ocr_line' id='line_1_5' title="bbox 373 996 1527 1081; baseline -0.002 -20"><span class='ocrx_word' id='word_1_27' title='bbox 373 1000 533 1081; x_wconf 90' lang='lat' dir='ltr'>quadrata</span> <span class='ocrx_word' id='word_1_28' title='bbox 563 1018 624 1081; x_wconf 90' lang='lat' dir='ltr'>per</span> <span class='ocrx_word' id='word_1_29' title='bbox 651 999 842 1063; x_wconf 85' lang='lat' dir='ltr'>distantiam</span> <span class='ocrx_word' id='word_1_30' title='bbox 882 1008 1045 1080; x_wconf 86' lang='lat' dir='ltr'>apparent</span> <span class='ocrx_word' id='word_1_31' title='bbox 1076 998 1227 1072; x_wconf 88' lang='lat' dir='ltr'>rotunda,</span> <span class='ocrx_word' id='word_1_32' title='bbox 1257 1006 1291 1060; x_wconf 90' lang='lat' dir='ltr'>et</span> <span class='ocrx_word' id='word_1_33' title='bbox 1322 1017 1389 1059; x_wconf 90' lang='lat' dir='ltr'>non</span> <span class='ocrx_word' id='word_1_34' title='bbox 1419 996 1527 1060; x_wconf 91' lang='lat' dir='ltr'>solum</span> 
     </span>
     <span class='ocr_line' id='line_1_6' title="bbox 344 1097 1528 1184; baseline -0.003 -18"><span class='ocrx_word' id='word_1_35' title='bbox 344 1097 347 1102; x_wconf 69' lang='grc'><strong>’</strong></span> <span class='ocrx_word' id='word_1_36' title='bbox 372 1103 544 1184; x_wconf 89' lang='lat' dir='ltr'>quadrata,</span> <span class='ocrx_word' id='word_1_37' title='bbox 567 1103 626 1166; x_wconf 93' lang='lat' dir='ltr'>sed</span> <span class='ocrx_word' id='word_1_38' title='bbox 651 1102 759 1165; x_wconf 90' lang='lat' dir='ltr'>omnis</span> <span class='ocrx_word' id='word_1_39' title='bbox 780 1101 884 1184; x_wconf 87' lang='lat' dir='ltr'>figura</span> <span class='ocrx_word' id='word_1_40' title='bbox 903 1100 1114 1183; x_wconf 90' lang='lat' dir='ltr'>aequilatera,</span> <span class='ocrx_word' id='word_1_41' title='bbox 1136 1100 1214 1182; x_wconf 89' lang='lat' dir='ltr'>quia</span> <span class='ocrx_word' id='word_1_42' title='bbox 1234 1101 1352 1165; x_wconf 87' lang='lat' dir='ltr'>eadem</span> <span class='ocrx_word' id='word_1_43' title='bbox 1373 1110 1423 1163; x_wconf 93' lang='lat' dir='ltr'>est</span> <span class='ocrx_word' id='word_1_44' title='bbox 1444 1100 1528 1163; x_wconf 90' lang='lat' dir='ltr'>ratio</span> 
     </span>
     <span class='ocr_line' id='line_1_7' title="bbox 373 1204 1527 1288; baseline -0.003 -19"><span class='ocrx_word' id='word_1_45' title='bbox 373 1208 415 1270; x_wconf 91' lang='lat' dir='ltr'>de</span> <span class='ocrx_word' id='word_1_46' title='bbox 438 1207 598 1270; x_wconf 92' lang='lat' dir='ltr'>omnibus.</span> <span class='ocrx_word' id='word_1_47' title='bbox 645 1205 740 1270; x_wconf 88' lang='lat' dir='ltr'>Sicut</span> <span class='ocrx_word' id='word_1_48' title='bbox 764 1206 807 1269; x_wconf 91' lang='lat' dir='ltr'>de</span> <span class='ocrx_word' id='word_1_49' title='bbox 836 1204 910 1268; x_wconf 89' lang='lat' dir='ltr'>aliis</span> <span class='ocrx_word' id='word_1_50' title='bbox 933 1204 1133 1288; x_wconf 87' lang='lat' dir='ltr'>polygoniis,</span> <span class='ocrx_word' id='word_1_51' title='bbox 1156 1205 1191 1267; x_wconf 93' lang='lat' dir='ltr'>in</span> <span class='ocrx_word' id='word_1_52' title='bbox 1217 1206 1337 1286; x_wconf 91' lang='lat' dir='ltr'>quibus</span> <span class='ocrx_word' id='word_1_53' title='bbox 1359 1204 1469 1268; x_wconf 90' lang='lat' dir='ltr'>circuli</span> <span class='ocrx_word' id='word_1_54' title='bbox 1492 1213 1527 1266; x_wconf 91' lang='lat' dir='ltr'>et</span> 
     </span>
     <span class='ocr_line' id='line_1_8' title="bbox 372 1310 1527 1393; baseline -0.002 -19"><span class='ocrx_word' id='word_1_55' title='bbox 372 1312 530 1393; x_wconf 89' lang='lat' dir='ltr'>sphaerae</span> <span class='ocrx_word' id='word_1_56' title='bbox 546 1310 678 1375; x_wconf 85' lang='lat' dir='ltr'>inscribi</span> <span class='ocrx_word' id='word_1_57' title='bbox 695 1331 760 1374; x_wconf 93' lang='lat' dir='ltr'>non</span> <span class='ocrx_word' id='word_1_58' title='bbox 776 1319 926 1392; x_wconf 92' lang='lat' dir='ltr'>possunt,</span> <span class='ocrx_word' id='word_1_59' title='bbox 942 1330 1006 1372; x_wconf 91' lang='lat' dir='ltr'>non</span> <span class='ocrx_word' id='word_1_60' title='bbox 1027 1318 1079 1373; x_wconf 89' lang='lat' dir='ltr'>est</span> <span class='ocrx_word' id='word_1_61' title='bbox 1096 1329 1219 1386; x_wconf 90' lang='lat' dir='ltr'>verum,</span> <span class='ocrx_word' id='word_1_62' title='bbox 1234 1310 1312 1392; x_wconf 93' lang='lat' dir='ltr'>quia</span> <span class='ocrx_word' id='word_1_63' title='bbox 1328 1319 1439 1390; x_wconf 90' lang='lat' dir='ltr'>potest</span> <span class='ocrx_word' id='word_1_64' title='bbox 1454 1328 1527 1372; x_wconf 88' lang='lat' dir='ltr'>esse</span> 
     </span>
    </p>
   </div>
   <div class='ocr_carea' id='block_1_3' title="bbox 373 1411 1528 1596">
    <p class='ocr_par' dir='ltr' id='par_1_3' title="bbox 373 1411 1528 1596">
     <span class='ocr_line' id='line_1_9' title="bbox 373 1411 1527 1496; baseline -0.002 -18"><span class='ocrx_word' id='word_1_65' title='bbox 373 1413 536 1478; x_wconf 89' lang='lat' dir='ltr'>sensibilis</span> <span class='ocrx_word' id='word_1_66' title='bbox 551 1433 700 1477; x_wconf 88' lang='lat' dir='ltr'>accessus</span> <span class='ocrx_word' id='word_1_67' title='bbox 715 1412 827 1496; x_wconf 89' lang='lat' dir='ltr'>anguli</span> <span class='ocrx_word' id='word_1_68' title='bbox 844 1414 885 1476; x_wconf 90' lang='lat' dir='ltr'>ad</span> <span class='ocrx_word' id='word_1_69' title='bbox 906 1411 1038 1475; x_wconf 91' lang='lat' dir='ltr'>oculum</span> <span class='ocrx_word' id='word_1_70' title='bbox 1061 1411 1138 1476; x_wconf 89' lang='lat' dir='ltr'>licet</span> <span class='ocrx_word' id='word_1_71' title='bbox 1161 1432 1284 1495; x_wconf 87' lang='lat' dir='ltr'>magna</span> <span class='ocrx_word' id='word_1_72' title='bbox 1303 1412 1460 1476; x_wconf 86' lang='lat' dir='ltr'>distantia</span> <span class='ocrx_word' id='word_1_73' title='bbox 1475 1412 1527 1476; x_wconf 89' lang='lat' dir='ltr'>sit.</span> 
     </span>
     <span class='ocr_line' id='line_1_10' title="bbox 375 1511 1528 1596; baseline -0.003 -19"><span class='ocrx_word' id='word_1_74' title='bbox 375 1513 452 1577; x_wconf 89' lang='lat' dir='ltr'>Hoc</span> <span class='ocrx_word' id='word_1_75' title='bbox 472 1514 588 1577; x_wconf 92' lang='lat' dir='ltr'>addidi</span> <span class='ocrx_word' id='word_1_76' title='bbox 610 1524 747 1596; x_wconf 88' lang='lat' dir='ltr'>propter</span> <span class='ocrx_word' id='word_1_77' title='bbox 766 1511 969 1576; x_wconf 90' lang='lat' dir='ltr'>intellectum</span> <span class='ocrx_word' id='word_1_78' title='bbox 991 1512 1086 1577; x_wconf 91' lang='lat' dir='ltr'>istius</span> <span class='ocrx_word' id='word_1_79' title='bbox 1108 1512 1349 1577; x_wconf 89' lang='lat' dir='ltr'>occultationis.</span> <span class='ocrx_word' id='word_1_80' title='bbox 1396 1511 1433 1576; x_wconf 92' lang='lat' dir='ltr'>Si</span> <span class='ocrx_word' id='word_1_81' title='bbox 1449 1532 1528 1595; x_wconf 89' lang='lat' dir='ltr'>ergo</span> 
     </span>
    </p>
   </div>
   <div class='ocr_carea' id='block_1_4' title="bbox 372 1615 1529 2828">
    <p class='ocr_par' dir='ltr' id='par_1_4' title="bbox 372 1615 1529 2828">
     <span class='ocr_line' id='line_1_11' title="bbox 372 1615 1529 1702; baseline -0.001 -23"><span class='ocrx_word' id='word_1_82' title='bbox 372 1617 484 1702; x_wconf 87' lang='lat' dir='ltr'>anguli</span> <span class='ocrx_word' id='word_1_83' title='bbox 500 1617 646 1700; x_wconf 89' lang='lat' dir='ltr'>corporis</span> <span class='ocrx_word' id='word_1_84' title='bbox 662 1617 852 1699; x_wconf 88' lang='lat' dir='ltr'>aequilateri</span> <span class='ocrx_word' id='word_1_85' title='bbox 873 1615 1034 1699; x_wconf 91' lang='lat' dir='ltr'>paulatim</span> <span class='ocrx_word' id='word_1_86' title='bbox 1059 1615 1272 1692; x_wconf 86' lang='lat' dir='ltr'>occultentur,</span> <span class='ocrx_word' id='word_1_87' title='bbox 1287 1617 1395 1679; x_wconf 90' lang='lat' dir='ltr'>donec</span> <span class='ocrx_word' id='word_1_88' title='bbox 1410 1636 1529 1699; x_wconf 91' lang='lat' dir='ltr'>corpus</span> 
     </span>
     <span class='ocr_line' id='line_1_12' title="bbox 372 1719 1529 1804; baseline -0.002 -20"><span class='ocrx_word' id='word_1_89' title='bbox 372 1731 533 1804; x_wconf 89' lang='lat' dir='ltr'>appareat</span> <span class='ocrx_word' id='word_1_90' title='bbox 556 1721 745 1801; x_wconf 91' lang='lat' dir='ltr'>rotundum,</span> <span class='ocrx_word' id='word_1_91' title='bbox 769 1722 816 1784; x_wconf 92' lang='lat' dir='ltr'>ita</span> <span class='ocrx_word' id='word_1_92' title='bbox 837 1721 927 1804; x_wconf 94' lang='lat' dir='ltr'>quod</span> <span class='ocrx_word' id='word_1_93' title='bbox 949 1741 1014 1783; x_wconf 92' lang='lat' dir='ltr'>non</span> <span class='ocrx_word' id='word_1_94' title='bbox 1037 1719 1141 1783; x_wconf 90' lang='lat' dir='ltr'>semel</span> <span class='ocrx_word' id='word_1_95' title='bbox 1163 1729 1198 1784; x_wconf 92' lang='lat' dir='ltr'>et</span> <span class='ocrx_word' id='word_1_96' title='bbox 1219 1719 1317 1782; x_wconf 90' lang='lat' dir='ltr'>simul</span> <span class='ocrx_word' id='word_1_97' title='bbox 1344 1720 1529 1784; x_wconf 89' lang='lat' dir='ltr'>occultatur</span> 
     </span>
     <span class='ocr_line' id='line_1_13' title="bbox 374 1811 1529 1910; baseline -0.001 -21"><span class='ocrx_word' id='word_1_98' title='bbox 374 1826 439 1889; x_wconf 92' lang='lat' dir='ltr'>tale</span> <span class='ocrx_word' id='word_1_99' title='bbox 469 1846 588 1907; x_wconf 91' lang='lat' dir='ltr'>corpus</span> <span class='ocrx_word' id='word_1_100' title='bbox 618 1835 754 1910; x_wconf 90' lang='lat' dir='ltr'>propter</span> <span class='ocrx_word' id='word_1_101' title='bbox 790 1811 990 1907; x_wconf 77' lang='lat' dir='ltr'>angulorum</span> <span class='ocrx_word' id='word_1_102' title='bbox 1020 1824 1275 1905; x_wconf 86' lang='lat' dir='ltr'>protensionem,</span> <span class='ocrx_word' id='word_1_103' title='bbox 1301 1833 1379 1887; x_wconf 90' lang='lat' dir='ltr'>tunc</span> <span class='ocrx_word' id='word_1_104' title='bbox 1409 1844 1529 1907; x_wconf 91' lang='lat' dir='ltr'>corpus</span> 
     </span>
     <span class='ocr_line' id='line_1_14' title="bbox 373 1927 1527 2013; baseline -0.001 -21"><span class='ocrx_word' id='word_1_105' title='bbox 373 1932 563 2012; x_wconf 89' lang='lat' dir='ltr'>rotundum,</span> <span class='ocrx_word' id='word_1_106' title='bbox 589 1931 667 2013; x_wconf 90' lang='lat' dir='ltr'>quia</span> <span class='ocrx_word' id='word_1_107' title='bbox 692 1951 759 1994; x_wconf 93' lang='lat' dir='ltr'>non</span> <span class='ocrx_word' id='word_1_108' title='bbox 789 1930 891 1993; x_wconf 87' lang='lat' dir='ltr'>habet</span> <span class='ocrx_word' id='word_1_109' title='bbox 921 1930 1071 2010; x_wconf 86' lang='lat' dir='ltr'>angulos,</span> <span class='ocrx_word' id='word_1_110' title='bbox 1095 1927 1192 1992; x_wconf 92' lang='lat' dir='ltr'>simul</span> <span class='ocrx_word' id='word_1_111' title='bbox 1223 1938 1257 1991; x_wconf 91' lang='lat' dir='ltr'>et</span> <span class='ocrx_word' id='word_1_112' title='bbox 1286 1927 1387 1992; x_wconf 91' lang='lat' dir='ltr'>semel</span> <span class='ocrx_word' id='word_1_113' title='bbox 1418 1937 1527 1991; x_wconf 92' lang='lat' dir='ltr'>totum</span> 
     </span>
     <span class='ocr_line' id='line_1_15' title="bbox 373 2031 1527 2116; baseline -0.004 -18"><span class='ocrx_word' id='word_1_114' title='bbox 373 2033 603 2115; x_wconf 84' lang='lat' dir='ltr'>occultabitur,</span> <span class='ocrx_word' id='word_1_115' title='bbox 618 2046 652 2099; x_wconf 89' lang='lat' dir='ltr'>et</span> <span class='ocrx_word' id='word_1_116' title='bbox 668 2056 711 2098; x_wconf 92' lang='lat' dir='ltr'>ex</span> <span class='ocrx_word' id='word_1_117' title='bbox 734 2055 856 2116; x_wconf 90' lang='lat' dir='ltr'>magna</span> <span class='ocrx_word' id='word_1_118' title='bbox 879 2034 1037 2098; x_wconf 89' lang='lat' dir='ltr'>distantia</span> <span class='ocrx_word' id='word_1_119' title='bbox 1057 2032 1231 2116; x_wconf 89' lang='lat' dir='ltr'>apparebit</span> <span class='ocrx_word' id='word_1_120' title='bbox 1252 2031 1372 2115; x_wconf 91' lang='lat' dir='ltr'>planae</span> <span class='ocrx_word' id='word_1_121' title='bbox 1393 2031 1527 2115; x_wconf 87' lang='lat' dir='ltr'>figurae.</span> 
     </span>
     <span class='ocr_line' id='line_1_16' title="bbox 375 2136 1528 2221; baseline 0.001 -22"><span class='ocrx_word' id='word_1_122' title='bbox 375 2136 466 2221; x_wconf 89' lang='lat' dir='ltr'>Ergo</span> <span class='ocrx_word' id='word_1_123' title='bbox 486 2140 512 2201; x_wconf 91' lang='lat' dir='ltr'>si</span> <span class='ocrx_word' id='word_1_124' title='bbox 532 2140 660 2203; x_wconf 91' lang='lat' dir='ltr'>coelum</span> <span class='ocrx_word' id='word_1_125' title='bbox 682 2140 916 2203; x_wconf 84' lang='lat' dir='ltr'>extenderetur</span> <span class='ocrx_word' id='word_1_126' title='bbox 931 2139 973 2200; x_wconf 91' lang='lat' dir='ltr'>ad</span> <span class='ocrx_word' id='word_1_127' title='bbox 990 2137 1098 2200; x_wconf 91' lang='lat' dir='ltr'>oriens</span> <span class='ocrx_word' id='word_1_128' title='bbox 1122 2146 1155 2199; x_wconf 89' lang='lat' dir='ltr'>et</span> <span class='ocrx_word' id='word_1_129' title='bbox 1177 2137 1328 2201; x_wconf 89' lang='lat' dir='ltr'>occidens</span> <span class='ocrx_word' id='word_1_130' title='bbox 1346 2136 1408 2199; x_wconf 91' lang='lat' dir='ltr'>sub</span> <span class='ocrx_word' id='word_1_131' title='bbox 1429 2136 1528 2218; x_wconf 92' lang='lat' dir='ltr'>plana</span> 
     </span>
     <span class='ocr_line' id='line_1_17' title="bbox 374 2240 1527 2326; baseline -0.001 -22"><span class='ocrx_word' id='word_1_132' title='bbox 374 2241 486 2326; x_wconf 86' lang='lat' dir='ltr'>figura,</span> <span class='ocrx_word' id='word_1_133' title='bbox 502 2254 581 2307; x_wconf 92' lang='lat' dir='ltr'>tunc</span> <span class='ocrx_word' id='word_1_134' title='bbox 596 2242 712 2307; x_wconf 91' lang='lat' dir='ltr'>stellae</span> <span class='ocrx_word' id='word_1_135' title='bbox 733 2243 765 2307; x_wconf 91' lang='lat' dir='ltr'>in</span> <span class='ocrx_word' id='word_1_136' title='bbox 787 2263 908 2306; x_wconf 91' lang='lat' dir='ltr'>occasu</span> <span class='ocrx_word' id='word_1_137' title='bbox 928 2240 1170 2306; x_wconf 90' lang='lat' dir='ltr'>occultarentur</span> <span class='ocrx_word' id='word_1_138' title='bbox 1191 2242 1372 2303; x_wconf 89' lang='lat' dir='ltr'>secundum</span> <span class='ocrx_word' id='word_1_139' title='bbox 1388 2259 1423 2303; x_wconf 91' lang='lat' dir='ltr'>se</span> <span class='ocrx_word' id='word_1_140' title='bbox 1439 2249 1527 2304; x_wconf 88' lang='lat' dir='ltr'>totas</span> 
     </span>
     <span class='ocr_line' id='line_1_18' title="bbox 374 2344 1527 2430; baseline -0.002 -21"><span class='ocrx_word' id='word_1_141' title='bbox 374 2348 470 2410; x_wconf 91' lang='lat' dir='ltr'>simul</span> <span class='ocrx_word' id='word_1_142' title='bbox 487 2358 521 2411; x_wconf 88' lang='lat' dir='ltr'>et</span> <span class='ocrx_word' id='word_1_143' title='bbox 533 2348 645 2425; x_wconf 91' lang='lat' dir='ltr'>semel,</span> <span class='ocrx_word' id='word_1_144' title='bbox 657 2368 732 2411; x_wconf 89' lang='lat' dir='ltr'>cum</span> <span class='ocrx_word' id='word_1_145' title='bbox 748 2348 815 2410; x_wconf 90' lang='lat' dir='ltr'>sint</span> <span class='ocrx_word' id='word_1_146' title='bbox 831 2347 1022 2430; x_wconf 89' lang='lat' dir='ltr'>sphaericae</span> <span class='ocrx_word' id='word_1_147' title='bbox 1038 2346 1172 2428; x_wconf 88' lang='lat' dir='ltr'>figurae.</span> <span class='ocrx_word' id='word_1_148' title='bbox 1218 2344 1284 2408; x_wconf 89' lang='lat' dir='ltr'>Sed</span> <span class='ocrx_word' id='word_1_149' title='bbox 1300 2365 1360 2407; x_wconf 92' lang='lat' dir='ltr'>nos</span> <span class='ocrx_word' id='word_1_150' title='bbox 1375 2344 1527 2407; x_wconf 89' lang='lat' dir='ltr'>videmus</span> 
     </span>
     <span class='ocr_line' id='line_1_19' title="bbox 373 2447 1526 2534; baseline -0.004 -19"><span class='ocrx_word' id='word_1_151' title='bbox 373 2452 584 2526; x_wconf 88' lang='lat' dir='ltr'>contrarium,</span> <span class='ocrx_word' id='word_1_152' title='bbox 608 2453 687 2533; x_wconf 90' lang='lat' dir='ltr'>quia</span> <span class='ocrx_word' id='word_1_153' title='bbox 714 2472 789 2533; x_wconf 88' lang='lat' dir='ltr'>pars</span> <span class='ocrx_word' id='word_1_154' title='bbox 813 2462 890 2534; x_wconf 89' lang='lat' dir='ltr'>post</span> <span class='ocrx_word' id='word_1_155' title='bbox 921 2460 1049 2532; x_wconf 90' lang='lat' dir='ltr'>partem</span> <span class='ocrx_word' id='word_1_156' title='bbox 1075 2448 1197 2514; x_wconf 91' lang='lat' dir='ltr'>occidit</span> <span class='ocrx_word' id='word_1_157' title='bbox 1217 2459 1251 2511; x_wconf 91' lang='lat' dir='ltr'>et</span> <span class='ocrx_word' id='word_1_158' title='bbox 1268 2447 1462 2526; x_wconf 88' lang='lat' dir='ltr'>occultatur,</span> <span class='ocrx_word' id='word_1_159' title='bbox 1486 2467 1526 2511; x_wconf 93' lang='lat' dir='ltr'>ac</span> 
     </span>
     <span class='ocr_line' id='line_1_20' title="bbox 373 2553 1527 2640; baseline -0.002 -24"><span class='ocrx_word' id='word_1_160' title='bbox 373 2554 524 2620; x_wconf 90' lang='lat' dir='ltr'>similiter</span> <span class='ocrx_word' id='word_1_161' title='bbox 550 2557 662 2620; x_wconf 92' lang='lat' dir='ltr'>oritur.</span> <span class='ocrx_word' id='word_1_162' title='bbox 710 2555 923 2640; x_wconf 88' lang='lat' dir='ltr'>Quapropter</span> <span class='ocrx_word' id='word_1_163' title='bbox 949 2574 1016 2617; x_wconf 92' lang='lat' dir='ltr'>non</span> <span class='ocrx_word' id='word_1_164' title='bbox 1043 2563 1155 2636; x_wconf 90' lang='lat' dir='ltr'>potest</span> <span class='ocrx_word' id='word_1_165' title='bbox 1179 2553 1242 2617; x_wconf 94' lang='lat' dir='ltr'>hoc</span> <span class='ocrx_word' id='word_1_166' title='bbox 1268 2573 1339 2616; x_wconf 91' lang='lat' dir='ltr'>esse</span> <span class='ocrx_word' id='word_1_167' title='bbox 1368 2553 1401 2615; x_wconf 91' lang='lat' dir='ltr'>in</span> <span class='ocrx_word' id='word_1_168' title='bbox 1427 2553 1527 2635; x_wconf 93' lang='lat' dir='ltr'>plana</span> 
     </span>
     <span class='ocr_line' id='line_1_21' title="bbox 374 2657 1525 2742; baseline -0.003 -19"><span class='ocrx_word' id='word_1_169' title='bbox 374 2659 531 2724; x_wconf 89' lang='lat' dir='ltr'>distantia</span> <span class='ocrx_word' id='word_1_170' title='bbox 562 2670 595 2724; x_wconf 91' lang='lat' dir='ltr'>et</span> <span class='ocrx_word' id='word_1_171' title='bbox 627 2661 702 2724; x_wconf 90' lang='lat' dir='ltr'>ideo</span> <span class='ocrx_word' id='word_1_172' title='bbox 734 2680 793 2725; x_wconf 92' lang='lat' dir='ltr'>nec</span> <span class='ocrx_word' id='word_1_173' title='bbox 823 2659 953 2725; x_wconf 90' lang='lat' dir='ltr'>coelum</span> <span class='ocrx_word' id='word_1_174' title='bbox 984 2660 1047 2723; x_wconf 91' lang='lat' dir='ltr'>erit</span> <span class='ocrx_word' id='word_1_175' title='bbox 1073 2660 1193 2742; x_wconf 88' lang='lat' dir='ltr'>planae</span> <span class='ocrx_word' id='word_1_176' title='bbox 1226 2657 1441 2735; x_wconf 87' lang='lat' dir='ltr'>extensionis,</span> <span class='ocrx_word' id='word_1_177' title='bbox 1466 2657 1525 2720; x_wconf 90' lang='lat' dir='ltr'>sed</span> 
     </span>
     <span class='ocr_line' id='line_1_22' title="bbox 372 2781 497 2828; baseline 0.024 -3"><span class='ocrx_word' id='word_1_178' title='bbox 372 2781 497 2828; x_wconf 84' lang='lat' dir='ltr'>curvae</span> 
     </span>
    </p>
   </div>
   <div class='ocr_carea' id='block_1_5' title="bbox 804 2938 1097 3004">
    <p class='ocr_par' dir='ltr' id='par_1_5' title="bbox 804 2938 1097 3004">
     <span class='ocr_line' id='line_1_23' title="bbox 804 2938 1097 3004; baseline -0.02 0"><span class='ocrx_word' id='word_1_179' title='bbox 804 2939 1032 3004; x_wconf 78' lang='lat' dir='ltr'>cnnrnmn</span> <span class='ocrx_word' id='word_1_180' title='bbox 1055 2938 1097 3001; x_wconf 88' lang='lat' dir='ltr'>V.</span> 
     </span>
    </p>
   </div>
   <div class='ocr_carea' id='block_1_6' title="bbox 611 3092 1269 3175">
    <p class='ocr_par' dir='ltr' id='par_1_6' title="bbox 611 3092 1269 3175">
     <span class='ocr_line' id='line_1_24' title="bbox 611 3092 1269 3175; baseline -0.003 -19"><span class='ocrx_word' id='word_1_181' title='bbox 611 3093 664 3156; x_wconf 89' lang='lat' dir='ltr'>De</span> <span class='ocrx_word' id='word_1_182' title='bbox 680 3094 974 3175; x_wconf 88' lang='lat' dir='ltr'>comprehensione</span> <span class='ocrx_word' id='word_1_183' title='bbox 989 3092 1269 3175; x_wconf 83' lang='lat' dir='ltr'>magnitudinum.</span> 
     </span>
    </p>
   </div>
   <div class='ocr_carea' id='block_1_7' title="bbox 205 3263 1528 3347">
    <p class='ocr_par' dir='ltr' id='par_1_7' title="bbox 205 3263 1528 3347">
     <span class='ocr_line' id='line_1_25' title="bbox 205 3263 1528 3347; baseline -0.002 -17"><span class='ocrx_word' id='word_1_184' title='bbox 205 3293 242 3341; x_wconf 60' lang='lat' dir='ltr'>a.</span> <span class='ocrx_word' id='word_1_185' title='bbox 253 3290 314 3340; x_wconf 74' lang='lat' dir='ltr'>with</span> <span class='ocrx_word' id='word_1_186' title='bbox 419 3263 513 3328; x_wconf 88' lang='lat' dir='ltr'>Sicut</span> <span class='ocrx_word' id='word_1_187' title='bbox 528 3285 606 3327; x_wconf 91' lang='lat' dir='ltr'>vero</span> <span class='ocrx_word' id='word_1_188' title='bbox 621 3265 904 3346; x_wconf 88' lang='lat' dir='ltr'>exemplificatum</span> <span class='ocrx_word' id='word_1_189' title='bbox 921 3277 971 3329; x_wconf 92' lang='lat' dir='ltr'>est</span> <span class='ocrx_word' id='word_1_190' title='bbox 987 3267 1030 3328; x_wconf 90' lang='lat' dir='ltr'>de</span> <span class='ocrx_word' id='word_1_191' title='bbox 1045 3264 1339 3347; x_wconf 88' lang='lat' dir='ltr'>comprehensione</span> <span class='ocrx_word' id='word_1_192' title='bbox 1351 3264 1528 3329; x_wconf 88' lang='lat' dir='ltr'>distantiae</span> 
     </span>
    </p>
   </div>
   <div class='ocr_carea' id='block_1_8' title="bbox 204 3357 1526 3485">
    <p class='ocr_par' dir='ltr' id='par_1_8' title="bbox 204 3357 1526 3485">
     <span class='ocr_line' id='line_1_26' title="bbox 204 3357 1526 3485; baseline 0.002 -55"><span class='ocrx_word' id='word_1_193' title='bbox 204 3357 361 3485; x_wconf 44' lang='grc' dir='ltr'>ξῇῗῐξζῗο</span> <span class='ocrx_word' id='word_1_194' title='bbox 374 3387 434 3449; x_wconf 90' lang='lat' dir='ltr'>pro</span> <span class='ocrx_word' id='word_1_195' title='bbox 476 3367 680 3450; x_wconf 88' lang='lat' dir='ltr'>syllogistica</span> <span class='ocrx_word' id='word_1_196' title='bbox 729 3371 926 3452; x_wconf 84' lang='lat' dir='ltr'>cognitione,</span> <span class='ocrx_word' id='word_1_197' title='bbox 966 3371 1012 3434; x_wconf 90' lang='lat' dir='ltr'>sic</span> <span class='ocrx_word' id='word_1_198' title='bbox 1054 3379 1165 3452; x_wconf 90' lang='lat' dir='ltr'>potest</span> <span class='ocrx_word' id='word_1_199' title='bbox 1207 3369 1448 3450; x_wconf 87' lang='lat' dir='ltr'>exemplificari</span> <span class='ocrx_word' id='word_1_200' title='bbox 1493 3371 1526 3432; x_wconf 95' lang='lat' dir='ltr'>in</span> 
     </span>
    </p>
   </div>
   <div class='ocr_carea' id='block_1_9' title="bbox 205 3471 1525 3553">
    <p class='ocr_par' dir='ltr' id='par_1_9' title="bbox 205 3471 1525 3553">
     <span class='ocr_line' id='line_1_27' title="bbox 205 3471 1525 3553; baseline 0.001 -17"><span class='ocrx_word' id='word_1_201' title='bbox 205 3489 309 3537; x_wconf 78' lang='lat' dir='ltr'>nunde:</span> <span class='ocrx_word' id='word_1_202' title='bbox 330 3503 346 3536; x_wconf 81' lang='lat' dir='ltr'>a</span> <span class='ocrx_word' id='word_1_203' title='bbox 375 3473 611 3553; x_wconf 87' lang='lat' dir='ltr'>magnitudine.</span> <span class='ocrx_word' id='word_1_204' title='bbox 659 3472 704 3537; x_wconf 93' lang='lat' dir='ltr'>Et</span> <span class='ocrx_word' id='word_1_205' title='bbox 720 3483 835 3537; x_wconf 89' lang='lat' dir='ltr'>auctor</span> <span class='ocrx_word' id='word_1_206' title='bbox 849 3473 923 3538; x_wconf 90' lang='lat' dir='ltr'>libri</span> <span class='ocrx_word' id='word_1_207' title='bbox 943 3475 987 3538; x_wconf 95' lang='lat' dir='ltr'>de</span> <span class='ocrx_word' id='word_1_208' title='bbox 1002 3471 1112 3537; x_wconf 86' lang='lat' dir='ltr'>Visul</span> <span class='ocrx_word' id='word_1_209' title='bbox 1131 3483 1165 3536; x_wconf 92' lang='lat' dir='ltr'>et</span> <span class='ocrx_word' id='word_1_210' title='bbox 1186 3473 1281 3536; x_wconf 92' lang='lat' dir='ltr'>multi</span> <span class='ocrx_word' id='word_1_211' title='bbox 1304 3474 1525 3538; x_wconf 90' lang='lat' dir='ltr'>aestimabant</span> 
     </span>
    </p>
   </div>
   <div class='ocr_carea' id='block_1_10' title="bbox 373 3607 1528 4616">
    <p class='ocr_par' dir='ltr' id='par_1_10' title="bbox 373 3607 1527 3892">
     <span class='ocr_line' id='line_1_28' title="bbox 407 3607 1527 3673; baseline 0.002 -17"><span class='ocrx_word' id='word_1_212' title='bbox 407 3609 414 3636; x_wconf 91' lang='lat'><strong>¹</strong></span> <span class='ocrx_word' id='word_1_213' title='bbox 432 3608 488 3656; x_wconf 88' lang='lat' dir='ltr'>The</span> <span class='ocrx_word' id='word_1_214' title='bbox 500 3607 587 3656; x_wconf 83' lang='lat' dir='ltr'>fourth</span> <span class='ocrx_word' id='word_1_215' title='bbox 600 3609 629 3656; x_wconf 82' lang='lat' dir='ltr'>os</span> <span class='ocrx_word' id='word_1_216' title='bbox 637 3609 682 3657; x_wconf 87' lang='lat' dir='ltr'>the</span> <span class='ocrx_word' id='word_1_217' title='bbox 694 3624 774 3658; x_wconf 87' lang='lat' dir='ltr'>seven</span> <span class='ocrx_word' id='word_1_218' title='bbox 790 3610 939 3659; x_wconf 78' lang='lat' dir='ltr'>definitione</span> <span class='ocrx_word' id='word_1_219' title='bbox 953 3611 984 3659; x_wconf 83' lang='lat' dir='ltr'>oi</span> <span class='ocrx_word' id='word_1_220' title='bbox 996 3611 1109 3659; x_wconf 83' lang='lat' dir='ltr'>Euclid&#39;s</span> <span class='ocrx_word' id='word_1_221' title='bbox 1122 3610 1209 3673; x_wconf 80' lang='lat' dir='ltr'>Optr&#39;ca</span> <span class='ocrx_word' id='word_1_222' title='bbox 1224 3610 1280 3672; x_wconf 86' lang='lat' dir='ltr'>lays</span> <span class='ocrx_word' id='word_1_223' title='bbox 1295 3610 1315 3658; x_wconf 90' lang='lat' dir='ltr'>it</span> <span class='ocrx_word' id='word_1_224' title='bbox 1331 3611 1409 3658; x_wconf 86' lang='lat' dir='ltr'>down</span> <span class='ocrx_word' id='word_1_225' title='bbox 1425 3611 1483 3659; x_wconf 83' lang='lat' dir='ltr'>that</span> <span class='ocrx_word' id='word_1_226' title='bbox 1493 3610 1527 3658; x_wconf 84' lang='grc' dir='ltr'>τὰ</span> 
     </span>
     <span class='ocr_line' id='line_1_29' title="bbox 373 3683 1525 3751; baseline 0.003 -18"><span class='ocrx_word' id='word_1_227' title='bbox 373 3685 419 3748; x_wconf 71' lang='grc' dir='ltr'>μὶν</span> <span class='ocrx_word' id='word_1_228' title='bbox 434 3683 480 3734; x_wconf 73' lang='grc' dir='ltr'>ὑπὸ</span> <span class='ocrx_word' id='word_1_229' title='bbox 495 3685 603 3748; x_wconf 70' lang='grc' dir='ltr'><strong><em>μείζονος</em></strong></span> <span class='ocrx_word' id='word_1_230' title='bbox 616 3686 705 3749; x_wconf 76' lang='grc' dir='ltr'><strong><em>γωνίας</em></strong></span> <span class='ocrx_word' id='word_1_231' title='bbox 719 3687 827 3751; x_wconf 77' lang='grc' dir='ltr'><strong><em>ὁρώμενα</em></strong></span> <span class='ocrx_word' id='word_1_232' title='bbox 842 3687 940 3748; x_wconf 73' lang='grc' dir='ltr'><strong><em>μείζονα</em></strong></span> <span class='ocrx_word' id='word_1_233' title='bbox 955 3687 1091 3751; x_wconf 76' lang='grc' dir='ltr'>φαίνεσθαι,</span> <span class='ocrx_word' id='word_1_234' title='bbox 1107 3686 1140 3736; x_wconf 79' lang='grc' dir='ltr'>τὰ</span> <span class='ocrx_word' id='word_1_235' title='bbox 1152 3688 1177 3736; x_wconf 71' lang='grc' dir='ltr'>δὲ</span> <span class='ocrx_word' id='word_1_236' title='bbox 1194 3687 1240 3737; x_wconf 77' lang='grc' dir='ltr'>ὑπὸ</span> <span class='ocrx_word' id='word_1_237' title='bbox 1253 3687 1385 3737; x_wconf 73' lang='grc' dir='ltr'>ἐλάττονος</span> <span class='ocrx_word' id='word_1_238' title='bbox 1398 3687 1525 3750; x_wconf 72' lang='grc' dir='ltr'>ἐλάττονα,</span> 
     </span>
     <span class='ocr_line' id='line_1_30' title="bbox 373 3763 1527 3829; baseline 0.003 -17"><span class='ocrx_word' id='word_1_239' title='bbox 373 3764 415 3812; x_wconf 83' lang='lat' dir='ltr'>lon</span> <span class='ocrx_word' id='word_1_240' title='bbox 432 3763 457 3814; x_wconf 71' lang='lat' dir='ltr'>tt</span> <span class='ocrx_word' id='word_1_241' title='bbox 472 3764 504 3812; x_wconf 79' lang='lat' dir='ltr'>rel</span> <span class='ocrx_word' id='word_1_242' title='bbox 520 3763 566 3814; x_wconf 74' lang='grc' dir='ltr'>ὑπὸ</span> <span class='ocrx_word' id='word_1_243' title='bbox 582 3763 641 3814; x_wconf 75' lang='grc' dir='ltr'>ἴσων</span> <span class='ocrx_word' id='word_1_244' title='bbox 652 3767 745 3828; x_wconf 76' lang='grc' dir='ltr'><em>γωνιῶν</em></span> <span class='ocrx_word' id='word_1_245' title='bbox 759 3765 872 3829; x_wconf 76' lang='grc' dir='ltr'>ὁρώμενα.</span> <span class='ocrx_word' id='word_1_246' title='bbox 906 3767 963 3816; x_wconf 78' lang='lat' dir='ltr'>&#39;ibe</span> <span class='ocrx_word' id='word_1_247' title='bbox 982 3767 1056 3815; x_wconf 89' lang='lat' dir='ltr'>Latin</span> <span class='ocrx_word' id='word_1_248' title='bbox 1074 3768 1228 3816; x_wconf 82' lang='lat' dir='ltr'>translation</span> <span class='ocrx_word' id='word_1_249' title='bbox 1239 3768 1335 3829; x_wconf 87' lang='lat' dir='ltr'>quoted</span> <span class='ocrx_word' id='word_1_250' title='bbox 1353 3768 1388 3828; x_wconf 91' lang='lat' dir='ltr'>by</span> <span class='ocrx_word' id='word_1_251' title='bbox 1400 3767 1487 3817; x_wconf 88' lang='lat' dir='ltr'>Bacon</span> <span class='ocrx_word' id='word_1_252' title='bbox 1505 3769 1527 3816; x_wconf 89' lang='lat' dir='ltr'>is</span> 
     </span>
     <span class='ocr_line' id='line_1_31' title="bbox 374 3851 457 3892; baseline 0 0"><span class='ocrx_word' id='word_1_253' title='bbox 374 3851 457 3892; x_wconf 77' lang='lat' dir='ltr'>exact</span> 
     </span>
    </p>

    <p class='ocr_par' dir='ltr' id='par_1_11' title="bbox 373 3923 1528 4616">
     <span class='ocr_line' id='line_1_32' title="bbox 407 3923 1526 3985; baseline 0.003 -15"><span class='ocrx_word' id='word_1_254' title='bbox 407 3923 529 3984; x_wconf 82' lang='lat' dir='ltr'>Alhazen,</span> <span class='ocrx_word' id='word_1_255' title='bbox 545 3923 586 3972; x_wconf 89' lang='lat' dir='ltr'>lib.</span> <span class='ocrx_word' id='word_1_256' title='bbox 601 3923 626 3971; x_wconf 92' lang='lat' dir='ltr'>ii.</span> <span class='ocrx_word' id='word_1_257' title='bbox 638 3924 679 3984; x_wconf 84' lang='lat'>36.</span> <span class='ocrx_word' id='word_1_258' title='bbox 691 3923 781 3973; x_wconf 87' lang='lat' dir='ltr'>shows</span> <span class='ocrx_word' id='word_1_259' title='bbox 793 3923 890 3985; x_wconf 87' lang='lat' dir='ltr'>clearly</span> <span class='ocrx_word' id='word_1_260' title='bbox 901 3925 1005 3985; x_wconf 87' lang='lat' dir='ltr'>enough</span> <span class='ocrx_word' id='word_1_261' title='bbox 1023 3924 1079 3972; x_wconf 86' lang='lat' dir='ltr'>that</span> <span class='ocrx_word' id='word_1_262' title='bbox 1096 3925 1172 3972; x_wconf 88' lang='lat' dir='ltr'>other</span> <span class='ocrx_word' id='word_1_263' title='bbox 1186 3925 1245 3972; x_wconf 82' lang='lat' dir='ltr'>data</span> <span class='ocrx_word' id='word_1_264' title='bbox 1262 3925 1369 3972; x_wconf 86' lang='lat' dir='ltr'>besides</span> <span class='ocrx_word' id='word_1_265' title='bbox 1386 3924 1432 3973; x_wconf 90' lang='lat' dir='ltr'>the</span> <span class='ocrx_word' id='word_1_266' title='bbox 1449 3925 1526 3985; x_wconf 81' lang='lat' dir='ltr'>angle</span> 
     </span>
     <span class='ocr_line' id='line_1_33' title="bbox 375 4000 1528 4064; baseline 0.003 -15"><span class='ocrx_word' id='word_1_267' title='bbox 375 4000 405 4050; x_wconf 86' lang='lat' dir='ltr'>ol&#39;</span> <span class='ocrx_word' id='word_1_268' title='bbox 424 4002 506 4049; x_wconf 90' lang='lat' dir='ltr'>vision</span> <span class='ocrx_word' id='word_1_269' title='bbox 524 4016 569 4049; x_wconf 86' lang='lat' dir='ltr'>are</span> <span class='ocrx_word' id='word_1_270' title='bbox 594 4003 694 4050; x_wconf 86' lang='lat' dir='ltr'>needed</span> <span class='ocrx_word' id='word_1_271' title='bbox 716 4011 743 4051; x_wconf 90' lang='lat' dir='ltr'>to</span> <span class='ocrx_word' id='word_1_272' title='bbox 763 4003 908 4051; x_wconf 90' lang='lat' dir='ltr'>determine</span> <span class='ocrx_word' id='word_1_273' title='bbox 929 4003 974 4051; x_wconf 89' lang='lat' dir='ltr'>the</span> <span class='ocrx_word' id='word_1_274' title='bbox 991 4003 1140 4064; x_wconf 85' lang='lat' dir='ltr'>magnitude</span> <span class='ocrx_word' id='word_1_275' title='bbox 1158 4003 1188 4051; x_wconf 80' lang='lat' dir='ltr'>oi</span> <span class='ocrx_word' id='word_1_276' title='bbox 1206 4019 1240 4050; x_wconf 88' lang='lat' dir='ltr'>an</span> <span class='ocrx_word' id='word_1_277' title='bbox 1262 4004 1355 4062; x_wconf 87' lang='lat' dir='ltr'>object.</span> <span class='ocrx_word' id='word_1_278' title='bbox 1389 4005 1464 4052; x_wconf 87' lang='lat' dir='ltr'>‘Non</span> <span class='ocrx_word' id='word_1_279' title='bbox 1486 4011 1528 4052; x_wconf 84' lang='lat' dir='ltr'>est</span> 
     </span>
     <span class='ocr_line' id='line_1_34' title="bbox 374 4081 1527 4143; baseline 0 -13"><span class='ocrx_word' id='word_1_280' title='bbox 374 4081 514 4143; x_wconf 87' lang='lat' dir='ltr'>possibile,&#39;</span> <span class='ocrx_word' id='word_1_281' title='bbox 525 4082 559 4128; x_wconf 92' lang='lat' dir='ltr'>he</span> <span class='ocrx_word' id='word_1_282' title='bbox 569 4082 699 4139; x_wconf 87' lang='lat' dir='ltr'>observes,</span> <span class='ocrx_word' id='word_1_283' title='bbox 707 4084 715 4108; x_wconf 89' lang='lat'><em>‘</em></span> <span class='ocrx_word' id='word_1_284' title='bbox 723 4089 751 4129; x_wconf 88' lang='lat' dir='ltr'>ut</span> <span class='ocrx_word' id='word_1_285' title='bbox 762 4083 795 4130; x_wconf 83' lang='lat' dir='ltr'>sit</span> <span class='ocrx_word' id='word_1_286' title='bbox 804 4082 1000 4143; x_wconf 89' lang='lat' dir='ltr'>comprehensio</span> <span class='ocrx_word' id='word_1_287' title='bbox 1010 4082 1181 4143; x_wconf 81' lang='lat' dir='ltr'>quantitatum</span> <span class='ocrx_word' id='word_1_288' title='bbox 1190 4098 1274 4130; x_wconf 89' lang='lat' dir='ltr'>rerum</span> <span class='ocrx_word' id='word_1_289' title='bbox 1286 4083 1395 4129; x_wconf 83' lang='lat' dir='ltr'>visarum</span> <span class='ocrx_word' id='word_1_290' title='bbox 1405 4099 1420 4130; x_wconf 87' lang='lat' dir='ltr'>a</span> <span class='ocrx_word' id='word_1_291' title='bbox 1427 4083 1482 4129; x_wconf 86' lang='lat' dir='ltr'>visu</span> <span class='ocrx_word' id='word_1_292' title='bbox 1492 4098 1527 4130; x_wconf 84' lang='lat' dir='ltr'>ex</span> 
     </span>
     <span class='ocr_line' id='line_1_35' title="bbox 374 4160 1527 4223; baseline 0 -15"><span class='ocrx_word' id='word_1_293' title='bbox 374 4161 564 4223; x_wconf 83' lang='lat' dir='ltr'>comparatione</span> <span class='ocrx_word' id='word_1_294' title='bbox 576 4160 608 4207; x_wconf 92' lang='lat' dir='ltr'>ad</span> <span class='ocrx_word' id='word_1_295' title='bbox 621 4160 729 4221; x_wconf 88' lang='lat' dir='ltr'>angulos</span> <span class='ocrx_word' id='word_1_296' title='bbox 741 4176 807 4222; x_wconf 88' lang='lat' dir='ltr'>quos</span> <span class='ocrx_word' id='word_1_297' title='bbox 819 4175 860 4208; x_wconf 91' lang='lat' dir='ltr'>res</span> <span class='ocrx_word' id='word_1_298' title='bbox 871 4161 942 4208; x_wconf 88' lang='lat' dir='ltr'>visae</span> <span class='ocrx_word' id='word_1_299' title='bbox 960 4161 1100 4222; x_wconf 87' lang='lat' dir='ltr'>respiciunt</span> <span class='ocrx_word' id='word_1_300' title='bbox 1112 4163 1180 4222; x_wconf 91' lang='lat' dir='ltr'>apud</span> <span class='ocrx_word' id='word_1_301' title='bbox 1194 4169 1310 4209; x_wconf 89' lang='lat' dir='ltr'>centrum</span> <span class='ocrx_word' id='word_1_302' title='bbox 1322 4160 1394 4208; x_wconf 91' lang='lat' dir='ltr'>visus</span> <span class='ocrx_word' id='word_1_303' title='bbox 1411 4161 1527 4209; x_wconf 68' lang='lat' dir='ltr'>tantum!</span> 
     </span>
     <span class='ocr_line' id='line_1_36' title="bbox 376 4238 1527 4301; baseline 0.002 -15"><span class='ocrx_word' id='word_1_304' title='bbox 376 4239 401 4286; x_wconf 84' lang='lat' dir='ltr'>ls</span> <span class='ocrx_word' id='word_1_305' title='bbox 413 4255 445 4287; x_wconf 84' lang='lat' dir='ltr'>an</span> <span class='ocrx_word' id='word_1_306' title='bbox 459 4239 542 4300; x_wconf 89' lang='lat' dir='ltr'>object</span> <span class='ocrx_word' id='word_1_307' title='bbox 558 4240 579 4288; x_wconf 92' lang='lat' dir='ltr'>is</span> <span class='ocrx_word' id='word_1_308' title='bbox 591 4240 651 4286; x_wconf 86' lang='lat' dir='ltr'>held</span> <span class='ocrx_word' id='word_1_309' title='bbox 663 4246 690 4287; x_wconf 86' lang='lat' dir='ltr'>at</span> <span class='ocrx_word' id='word_1_310' title='bbox 704 4255 719 4287; x_wconf 86' lang='lat' dir='ltr'>a</span> <span class='ocrx_word' id='word_1_311' title='bbox 733 4239 786 4287; x_wconf 81' lang='lat' dir='ltr'>soor</span> <span class='ocrx_word' id='word_1_312' title='bbox 797 4239 861 4288; x_wconf 79' lang='lat' dir='ltr'>from</span> <span class='ocrx_word' id='word_1_313' title='bbox 878 4240 923 4287; x_wconf 89' lang='lat' dir='ltr'>the</span> <span class='ocrx_word' id='word_1_314' title='bbox 937 4254 988 4300; x_wconf 86' lang='lat' dir='ltr'>eye</span> <span class='ocrx_word' id='word_1_315' title='bbox 1000 4240 1052 4287; x_wconf 90' lang='lat' dir='ltr'>and</span> <span class='ocrx_word' id='word_1_316' title='bbox 1067 4241 1129 4288; x_wconf 87' lang='lat' dir='ltr'>then</span> <span class='ocrx_word' id='word_1_317' title='bbox 1142 4240 1217 4300; x_wconf 84' lang='lat' dir='ltr'>again</span> <span class='ocrx_word' id='word_1_318' title='bbox 1228 4247 1255 4287; x_wconf 87' lang='lat' dir='ltr'>at</span> <span class='ocrx_word' id='word_1_319' title='bbox 1266 4245 1321 4286; x_wconf 88' lang='lat' dir='ltr'>two</span> <span class='ocrx_word' id='word_1_320' title='bbox 1333 4253 1363 4286; x_wconf 95' lang='lat' dir='ltr'>or</span> <span class='ocrx_word' id='word_1_321' title='bbox 1378 4238 1452 4287; x_wconf 89' lang='lat' dir='ltr'>three</span> <span class='ocrx_word' id='word_1_322' title='bbox 1465 4239 1527 4301; x_wconf 79' lang='lat' dir='ltr'>ieet,</span> 
     </span>
     <span class='ocr_line' id='line_1_37' title="bbox 374 4316 1528 4379; baseline 0 -13"><span class='ocrx_word' id='word_1_323' title='bbox 374 4318 394 4366; x_wconf 87' lang='lat' dir='ltr'>it</span> <span class='ocrx_word' id='word_1_324' title='bbox 408 4318 430 4366; x_wconf 90' lang='lat' dir='ltr'>is</span> <span class='ocrx_word' id='word_1_325' title='bbox 440 4318 537 4379; x_wconf 88' lang='lat' dir='ltr'>judged</span> <span class='ocrx_word' id='word_1_326' title='bbox 551 4317 580 4364; x_wconf 82' lang='lat' dir='ltr'>os</span> <span class='ocrx_word' id='word_1_327' title='bbox 593 4318 638 4365; x_wconf 88' lang='lat' dir='ltr'>the</span> <span class='ocrx_word' id='word_1_328' title='bbox 652 4332 722 4365; x_wconf 90' lang='lat' dir='ltr'>same</span> <span class='ocrx_word' id='word_1_329' title='bbox 737 4317 791 4364; x_wconf 83' lang='lat' dir='ltr'>sire</span> <span class='ocrx_word' id='word_1_330' title='bbox 804 4317 902 4377; x_wconf 87' lang='lat' dir='ltr'>though</span> <span class='ocrx_word' id='word_1_331' title='bbox 917 4318 961 4364; x_wconf 89' lang='lat' dir='ltr'>the</span> <span class='ocrx_word' id='word_1_332' title='bbox 974 4316 1055 4365; x_wconf 88' lang='lat' dir='ltr'>visual</span> <span class='ocrx_word' id='word_1_333' title='bbox 1067 4317 1144 4378; x_wconf 87' lang='lat' dir='ltr'>angle</span> <span class='ocrx_word' id='word_1_334' title='bbox 1160 4317 1182 4366; x_wconf 89' lang='lat' dir='ltr'>is</span> <span class='ocrx_word' id='word_1_335' title='bbox 1194 4333 1258 4378; x_wconf 89' lang='lat' dir='ltr'>very</span> <span class='ocrx_word' id='word_1_336' title='bbox 1270 4317 1399 4367; x_wconf 81' lang='lat' dir='ltr'>different.</span> <span class='ocrx_word' id='word_1_337' title='bbox 1432 4317 1528 4366; x_wconf 84' lang='lat' dir='ltr'>Trans·</span> 
     </span>
     <span class='ocr_line' id='line_1_38' title="bbox 373 4395 1528 4459; baseline 0.002 -16"><span class='ocrx_word' id='word_1_338' title='bbox 373 4411 448 4444; x_wconf 91' lang='lat' dir='ltr'>verse</span> <span class='ocrx_word' id='word_1_339' title='bbox 466 4397 601 4446; x_wconf 80' lang='lat' dir='ltr'>diameters</span> <span class='ocrx_word' id='word_1_340' title='bbox 619 4396 648 4444; x_wconf 81' lang='lat' dir='ltr'>of</span> <span class='ocrx_word' id='word_1_341' title='bbox 661 4412 677 4444; x_wconf 84' lang='lat' dir='ltr'>a</span> <span class='ocrx_word' id='word_1_342' title='bbox 693 4396 770 4443; x_wconf 90' lang='lat' dir='ltr'>circle</span> <span class='ocrx_word' id='word_1_343' title='bbox 785 4396 845 4443; x_wconf 92' lang='lat' dir='ltr'>held</span> <span class='ocrx_word' id='word_1_344' title='bbox 857 4395 946 4442; x_wconf 86' lang='lat' dir='ltr'>before</span> <span class='ocrx_word' id='word_1_345' title='bbox 961 4397 1007 4443; x_wconf 91' lang='lat' dir='ltr'>the</span> <span class='ocrx_word' id='word_1_346' title='bbox 1019 4411 1069 4456; x_wconf 90' lang='lat' dir='ltr'>eye</span> <span class='ocrx_word' id='word_1_347' title='bbox 1081 4397 1107 4442; x_wconf 92' lang='lat' dir='ltr'>in</span> <span class='ocrx_word' id='word_1_348' title='bbox 1118 4395 1219 4444; x_wconf 87' lang='lat' dir='ltr'>various</span> <span class='ocrx_word' id='word_1_349' title='bbox 1235 4397 1325 4459; x_wconf 84' lang='lat' dir='ltr'>planes</span> <span class='ocrx_word' id='word_1_350' title='bbox 1339 4397 1451 4445; x_wconf 84' lang='lat' dir='ltr'>subtend</span> <span class='ocrx_word' id='word_1_351' title='bbox 1463 4413 1528 4458; x_wconf 82' lang='lat' dir='ltr'>very</span> 
     </span>
     <span class='ocr_line' id='line_1_39' title="bbox 375 4474 1528 4538; baseline 0.002 -16"><span class='ocrx_word' id='word_1_352' title='bbox 375 4475 494 4524; x_wconf 82' lang='lat' dir='ltr'>different</span> <span class='ocrx_word' id='word_1_353' title='bbox 505 4477 586 4524; x_wconf 84' lang='lat' dir='ltr'>uisual</span> <span class='ocrx_word' id='word_1_354' title='bbox 599 4475 697 4536; x_wconf 85' lang='lat' dir='ltr'>angles.</span> <span class='ocrx_word' id='word_1_355' title='bbox 732 4474 762 4521; x_wconf 93' lang='lat' dir='ltr'>ln</span> <span class='ocrx_word' id='word_1_356' title='bbox 780 4489 866 4534; x_wconf 85' lang='lat' dir='ltr'>props.</span> <span class='ocrx_word' id='word_1_357' title='bbox 878 4489 911 4534; x_wconf 80' lang='lat'>37</span> <span class='ocrx_word' id='word_1_358' title='bbox 922 4474 973 4522; x_wconf 84' lang='lat' dir='ltr'>and</span> <span class='ocrx_word' id='word_1_359' title='bbox 985 4475 1027 4535; x_wconf 84' lang='lat'>38,</span> <span class='ocrx_word' id='word_1_360' title='bbox 1039 4475 1073 4522; x_wconf 90' lang='lat' dir='ltr'>he</span> <span class='ocrx_word' id='word_1_361' title='bbox 1084 4474 1174 4522; x_wconf 89' lang='lat' dir='ltr'>shows</span> <span class='ocrx_word' id='word_1_362' title='bbox 1187 4491 1238 4522; x_wconf 92' lang='lat' dir='ltr'>one</span> <span class='ocrx_word' id='word_1_363' title='bbox 1251 4476 1364 4523; x_wconf 82' lang='lat' dir='ltr'>clement</span> <span class='ocrx_word' id='word_1_364' title='bbox 1377 4475 1406 4524; x_wconf 79' lang='lat' dir='ltr'>ol</span> <span class='ocrx_word' id='word_1_365' title='bbox 1414 4476 1457 4524; x_wconf 87' lang='lat' dir='ltr'>the</span> <span class='ocrx_word' id='word_1_366' title='bbox 1469 4492 1528 4538; x_wconf 89' lang='lat' dir='ltr'>per-</span> 
     </span>
     <span class='ocr_line' id='line_1_40' title="bbox 374 4553 1528 4616; baseline 0.003 -14"><span class='ocrx_word' id='word_1_367' title='bbox 374 4554 476 4616; x_wconf 89' lang='lat' dir='ltr'>ception</span> <span class='ocrx_word' id='word_1_368' title='bbox 488 4554 518 4602; x_wconf 86' lang='lat' dir='ltr'>os</span> <span class='ocrx_word' id='word_1_369' title='bbox 532 4555 680 4616; x_wconf 85' lang='lat' dir='ltr'>magnitude</span> <span class='ocrx_word' id='word_1_370' title='bbox 697 4561 725 4602; x_wconf 89' lang='lat' dir='ltr'>to</span> <span class='ocrx_word' id='word_1_371' title='bbox 736 4554 768 4601; x_wconf 88' lang='lat' dir='ltr'>be</span> <span class='ocrx_word' id='word_1_372' title='bbox 780 4554 824 4602; x_wconf 88' lang='lat' dir='ltr'>the</span> <span class='ocrx_word' id='word_1_373' title='bbox 837 4553 989 4615; x_wconf 88' lang='lat' dir='ltr'>proportion</span> <span class='ocrx_word' id='word_1_374' title='bbox 1001 4555 1056 4601; x_wconf 87' lang='lat' dir='ltr'>that</span> <span class='ocrx_word' id='word_1_375' title='bbox 1068 4554 1112 4602; x_wconf 88' lang='lat' dir='ltr'>the</span> <span class='ocrx_word' id='word_1_376' title='bbox 1123 4561 1182 4616; x_wconf 78' lang='lat' dir='ltr'>part</span> <span class='ocrx_word' id='word_1_377' title='bbox 1193 4554 1223 4601; x_wconf 81' lang='lat' dir='ltr'>of</span> <span class='ocrx_word' id='word_1_378' title='bbox 1237 4556 1282 4603; x_wconf 85' lang='lat' dir='ltr'>the</span> <span class='ocrx_word' id='word_1_379' title='bbox 1294 4555 1379 4615; x_wconf 89' lang='lat' dir='ltr'>object</span> <span class='ocrx_word' id='word_1_380' title='bbox 1393 4555 1528 4605; x_wconf 86' lang='lat' dir='ltr'>embraced</span> 
     </span>
    </p>
   </div>
   <div class='ocr_carea' id='block_1_11' title="bbox 0 0 1776 5359">
    <p class='ocr_par' dir='ltr' id='par_1_12' title="bbox 0 0 1776 5359">
     <span class='ocr_line' id='line_1_41' title="bbox 0 0 1776 5359; baseline 0 0"><span class='ocrx_word' id='word_1_381' title='bbox 0 0 1776 5359; x_wconf 95' lang='lat' dir='ltr'> </span> 
     </span>
    </p>
   </div>
  </div>
 </body>
</html>
