3542 5359
342 632 403 692 410
607 618 945 678 MULTIPLICATIO
969 617 1223 680 SPECIERUM.

343 789 417 843 rent
440 779 474 843 in
498 779 635 844 somniis
659 790 821 863 tanquam
849 803 901 846 res
925 801 1066 864 quarum
1091 790 1175 856 sunt,
1195 781 1274 865 quia
1297 779 1345 844 eis
1367 779 1495 845 assimi-

345 882 473 961 lantur3
495 893 530 949 et
552 885 663 948 anima
685 906 751 950 non
771 896 822 949 est
843 886 891 949 ita
911 896 1030 970 potens
1050 885 1200 968 judicare
1214 885 1247 949 in
1262 886 1389 950 somnis
1408 887 1496 950 sicut

346 989 380 1051 in
402 989 525 1073 vigilia,
546 998 580 1053 et
601 990 678 1054 ideo
701 991 872 1073 decipitur,
895 991 1074 1056 aestimans
1097 991 1222 1075 species
1243 1011 1314 1055 esse
1333 991 1422 1074 ipsas
1443 1009 1496 1054 res

346 1114 486 1176 quarum
506 1105 584 1158 sunt
601 1104 737 1178 propter
753 1093 1013 1160 similitudinem.
1059 1095 1181 1160 Forma
1200 1095 1335 1178 quidem
1356 1105 1497 1160 vocatur

347 1199 381 1261 in
411 1219 471 1263 usu
502 1197 665 1277 Alhazen,
694 1201 837 1264 auctoris
868 1200 1098 1282 Perspectivae
1128 1198 1294 1284 vulgatae.
1345 1199 1496 1263 Intentio

346 1314 484 1368 vocatur
504 1303 536 1366 in
556 1323 617 1367 usu
637 1304 727 1387 vulgi
750 1304 950 1369 naturalium
974 1314 1109 1387 propter
1124 1305 1331 1369 debilitatem
1355 1305 1404 1367 sui
1425 1323 1498 1368 esse

346 1418 497 1490 respectu
514 1409 568 1484 rei,
584 1409 721 1472 dicentis
736 1409 827 1490 quod
843 1429 911 1472 non
928 1419 980 1474 est
993 1428 1069 1473 vere
1085 1429 1146 1487 res,
1158 1410 1216 1472 sed
1233 1409 1340 1493 magis
1356 1407 1498 1471 intentio

347 1512 403 1587 rei,
421 1512 454 1576 id
477 1521 538 1590 est,
562 1511 752 1576 similitudo.
798 1512 929 1577 Umbra
953 1511 1225 1596 philosophorum
1252 1523 1397 1592 vocatur,
1420 1511 1499 1593 quia

347 1625 488 1680 nonest
510 1618 594 1680 bene
615 1617 776 1682 sensibilis
796 1618 858 1680 nisi
882 1619 914 1679 in
938 1637 1015 1681 casu
1039 1615 1161 1700 duplici
1185 1617 1286 1694 dicto,
1308 1615 1433 1682 scilicet
1454 1617 1500 1680 de

348 1721 441 1785 radio
463 1723 602 1786 cadente
622 1743 681 1804 per
701 1722 888 1801 fenestram,
903 1731 938 1785 et
960 1723 1004 1786 de
1023 1721 1133 1804 specie
1154 1719 1283 1786 fortiter
1302 1721 1450 1798 colorati,
1464 1729 1501 1783 et

349 1825 469 1888 dicitur
486 1844 558 1889 esse
578 1826 864 1910 philosophorum,
878 1827 957 1909 quia
977 1825 1039 1890 soli
1059 1834 1212 1908 potenter
1227 1825 1500 1907 philosophantes

349 1940 555 2011 cognoscunt
570 1930 663 1994 istius
679 1932 817 1995 umbrae
837 1942 988 1994 naturam
1008 1938 1042 1995 et
1063 1929 1300 2013 operationem,
1317 1940 1353 1993 ut
1373 1949 1417 1993 ex
1435 1927 1501 1991 hoc

349 2042 491 2098 tractatu
515 2034 682 2100 clarescet.
727 2034 858 2099 Dicitur
877 2056 957 2100 vero
983 2035 1085 2099 virtus
1104 2044 1254 2116 respectu
1278 2032 1501 2116 generationis

350 2148 384 2202 et
410 2139 651 2222 corruptionis;
673 2140 762 2203 unde
788 2139 930 2204 dicimus
959 2139 1063 2204 solem
1090 2139 1196 2203 facere
1221 2139 1379 2203 virtutem
1406 2157 1501 2201 suam

350 2243 385 2304 in
407 2243 579 2307 materiam
598 2243 713 2306 mundi
730 2264 791 2327 pro
811 2245 1024 2326 generatione
1039 2253 1073 2307 et
1088 2244 1300 2326 corruptione
1321 2241 1502 2318 faciendis;

351 2355 385 2409 et
407 2347 454 2410 sic
477 2348 519 2411 de
541 2347 631 2411 omni
652 2358 772 2430 agente
796 2349 937 2412 dicimus
959 2349 1050 2432 quod
1072 2347 1151 2413 facit
1174 2347 1329 2412 virtutem
1349 2366 1443 2410 suam
1467 2345 1503 2408 in

350 2451 489 2533 patiens.
537 2451 714 2534 impressio
734 2461 873 2517 vocatur
895 2453 974 2536 quia
997 2461 1048 2516 est
1078 2450 1193 2515 similis
1224 2449 1504 2534 impressionibus,

352 2556 440 2619 unde
467 2553 666 2621 Aristoteles
691 2557 791 2622 tertio
815 2557 860 2622 de
886 2555 1035 2621 Anima¹
1059 2566 1230 2640 comparat
1254 2555 1503 2640 generationem

352 2661 473 2742 speciei
500 2661 705 2745 impressioni
728 2662 836 2728 factae
859 2663 903 2726 ab
926 2660 1047 2727 annulo
1069 2673 1104 2726 et
1126 2660 1234 2745 sigillo
1261 2662 1295 2724 in
1319 2679 1403 2738 cera,
1427 2658 1505 2722 licet

353 2785 420 2828 non
431 2767 474 2830 sit
485 2766 592 2831 simile
608 2788 668 2849 per
682 2769 806 2845 omnia,
822 2768 909 2832 sicut
923 2776 1039 2850 postea
1055 2767 1185 2830 scietur.
1231 2765 1377 2829 Vocatur
1391 2774 1504 2826 autern

353 2871 471 2955 passio,
485 2872 566 2954 quia
582 2872 727 2936 medium
743 2881 777 2936 et
795 2892 911 2936 sensus
926 2873 958 2934 in
977 2871 1165 2953 recipiendo
1177 2871 1319 2954 speciem
1335 2869 1508 2953 patiuntur

354 2977 665 3041 transmutationem
685 2977 717 3039 in
737 2997 796 3039 sua
816 2976 1013 3054 substantia,
1034 2997 1119 3059 quae
1138 2975 1370 3039 transmutatio
1393 2982 1506 3036 tamen

354 3090 405 3143 est
438 3080 472 3143 in
502 3079 738 3162 perfectionem
768 3090 802 3144 et
831 3079 983 3160 salutem,
1010 3080 1072 3144 nisi
1102 3077 1160 3144 fiat
1190 3078 1264 3162 plus
1297 3098 1397 3161 quam
1435 3076 1507 3140 sola

354 3185 491 3267 species,
513 3195 550 3248 ut
574 3197 691 3267 postca
713 3185 830 3250 melius
852 3194 1048 3267 exponetur.

187 3301 288 3366 Species
299 3298 320 3346 is
401 3288 672 3371 investigandum
684 3300 735 3354 est
747 3291 846 3373 igitur
857 3291 937 3371 quid
954 3290 997 3353 sit
1009 3290 1189 3354 secundum
1202 3309 1295 3352 suam
1312 3287 1506 3363 essentiam3

187 3369 230 3416 the
241 3367 293 3415 first

187 3433 259 3482 effect
270 3430 301 3479 or
356 3400 390 3454 et
408 3412 511 3473 quum
532 3393 671 3458 intentio
690 3405 742 3458 est
765 3395 940 3459 ostendere
962 3395 1053 3476 quod
1077 3394 1160 3456 haec
1179 3394 1306 3474 species
1329 3393 1371 3457 sit
1392 3389 1509 3456 similis

188 3500 325 3561 theagene
357 3497 469 3578 agenti
485 3507 518 3560 et
530 3500 700 3580 generanti
716 3519 790 3563 eam
805 3500 838 3562 in
854 3499 999 3562 essentia
1014 3509 1047 3562 et
1063 3496 1264 3574 definitione,
1276 3497 1350 3560 ideo
1363 3496 1508 3579 primurn

188 3563 237 3612 and
250 3580 286 3613 re·

190 3629 298 3680 ,embjoe
310 3629 337 3678 g
358 3610 492 3683 oportet
508 3602 583 3666 duci
603 3603 636 3664 in
652 3605 806 3680 medium,
822 3605 913 3686 quod
932 3622 1048 3666 omnes
1067 3603 1191 3666 habent
1210 3599 1367 3677 confiteri,
1383 3599 1510 3663 scilicet

359 3707 450 3789 quod
480 3707 607 3790 species
630 3718 681 3772 est
710 3708 836 3790 primus
865 3708 1002 3772 effectus
1032 3708 1168 3790 agentis.
1215 3705 1278 3769 Per
1307 3705 1391 3769 hanc
1421 3704 1509 3767 enirn

358 3832 475 3876 omnes
499 3812 679 3876 aestimant
704 3811 840 3877 effectus
870 3823 1020 3876 caeteros
1050 3811 1198 3894 produci,
1225 3811 1313 3873 unde
1342 3809 1511 3892 sapientes

360 3927 394 3980 et
417 3917 609 4001 insipientes
635 3917 721 3983 circa
746 3916 851 3980 multa
874 3917 907 3981 in
930 3916 1112 3999 specierum
1136 3915 1323 3999 cognitione
1345 3913 1511 3977 differunt.

361 4019 618 4087 Communicant
641 4032 753 4085 tamen
779 4021 813 4085 in
835 4020 909 4096 hoc,
935 4022 1026 4103 quod
1052 4041 1154 4102 agens
1182 4017 1288 4082 influit
1308 4017 1453 4100 speciem
1477 4025 1513 4080 et

394 4150 403 4180 ¹
420 4150 459 4199 Cf.
476 4151 517 4200 De
532 4150 642 4209 Ambra,
658 4149 684 4200 ii.
706 4165 745 4209 ιο,
761 4153 774 4208 j
789 4163 810 4211 1,
824 4149 879 4197 also
892 4149 925 4198 iii
943 4163 981 4212 ιο,
1002 4153 1014 4208 j
1026 4164 1051 4210 9.
1086 4147 1115 4196 ln
1132 4165 1148 4198 a
1165 4149 1286 4211 previous
1303 4147 1411 4209 chapter
1423 4145 1460 4210 (ii.
1473 4145 1511 4206 7),

361 4230 493 4291 Aristotle,
503 4229 570 4278 at'ter
581 4229 733 4291 explaining
743 4230 787 4277 the
799 4228 933 4289 necessity
942 4229 971 4277 ol
978 4244 994 4277 a
1005 4227 1118 4278 medium
1131 4228 1170 4276 lor
1180 4227 1214 4276 all
1225 4243 1317 4277 sensas
1329 4232 1423 4288 except
1434 4226 1513 4274 touch

361 4309 413 4358 and
425 4316 500 4367 taste,
510 4308 649 4357 conceive·
659 4307 793 4357 sensation
803 4314 830 4355 to
839 4307 900 4355 take
911 4307 984 4368 place
995 4307 1030 4368 by
1039 4307 1136 4355 motion
1145 4307 1176 4356 ot'
1182 4307 1226 4355 the
1235 4307 1347 4355 medium
1356 4305 1515 4368 originating

362 4394 390 4436 at
404 4389 449 4436 the
465 4387 557 4449 object,
571 4386 665 4435 thence
682 4387 842 4448 propagated
855 4384 921 4434 from
936 4385 1010 4448 point
1024 4393 1052 4434 to
1067 4386 1141 4448 point
1156 4385 1196 4434 till
1211 4385 1231 4433 it
1245 4385 1390 4445 ultimately
1401 4383 1514 4432 reached

362 4466 407 4514 the
416 4479 595 4527 sense-orgen,
604 4463 635 4513 τὸ
643 4462 688 4523 μὲν
697 4465 783 4526 χρῶμα
790 4461 888 4512 κοεΐτὸ
898 4462 1018 4526 newis,
1027 4461 1079 4513 olor
1087 4461 1130 4510 τὸν
1138 4461 1205 4526 elipe,
1212 4461 1353 4512 ὑτὸτούτοο
1360 4461 1386 4511 δὲ
1396 4462 1516 4525 συνεχοῦς

363 4542 539 4592 irrotantur
549 4542 580 4590 τὸ
590 4542 753 4606 αἰσθητήριον.
777 4542 820 4592 He
829 4559 964 4605 compares
973 4544 1017 4592 the
1025 4543 1110 4592 action
1121 4544 1150 4592 ol
1156 4544 1200 4592 the
1210 4542 1294 4604 object
1303 4558 1338 4591 on
1349 4542 1394 4590 the
1402 4541 1515 4590 medium

363 4628 390 4670 to
403 4621 523 4670 thetole
533 4621 588 4670 sesl
599 4637 634 4669 on
645 4637 720 4679 ωας
736 4637 769 4670 an
784 4622 896 4682 analogy
908 4620 994 4670 which
1012 4622 1101 4671 Bacon
1116 4622 1247 4671 discusses
1258 4619 1419 4682 afterwards,
1430 4619 1517 4682 partly

365 4701 502 4761 accepting
512 4699 562 4747 and
574 4699 659 4761 partly
671 4700 796 4761 rejecting
807 4700 832 4750 it.
869 4698 922 4749 See
934 4714 958 4761 p.
971 4714 1027 4762 ⁴32·
