3542 5359
341 605 404 684 346
558 606 715 664 OPERIS
737 605 926 674 MAJORIS
950 604 1064 662 PARS
1088 604 1288 662 SEPTIMA.

342 771 401 834 sed
418 769 527 832 adhuc
543 770 628 832 inter
644 767 731 831 mala
745 767 877 831 volutor
900 767 1053 850 plurima.
1100 767 1177 830 Non
1199 766 1362 848 estquod
1385 785 1438 829 me
1453 767 1498 829 ad

344 873 520 938 formulam
535 892 645 936 meam
662 873 780 955 exigas
795 919 802 934 .
820 917 828 934 .
846 919 853 933 .
871 872 973 935 Facio
986 883 1083 934 meet
1096 870 1203 934 formo
1218 882 1253 934 et
1267 872 1310 934 ad
1324 869 1499 951 exemplar

346 978 461 1060 ingens
491 976 619 1040 attollo.
666 974 702 1040 Si
739 996 928 1058 processero
951 985 1114 1057 quantum
1138 975 1307 1058 proposui,
1335 975 1435 1055 exige
1458 983 1495 1036 ut

345 1082 442 1145 dictis
480 1079 569 1144 facta
607 1079 846 1162 respondeant!
893 1078 959 1144 Sed
1003 1081 1176 1157 secundus,
1213 1084 1400 1142 ‘assecutus
1425 1125 1431 1138 .
1457 1123 1464 1136 .
1490 1118 1498 1134 ·

345 1185 481 1249 humani
513 1185 593 1248 boni
628 1204 759 1247 summa
789 1183 888 1248 aliter
918 1195 1028 1250 tecum
1064 1194 1150 1266 aget,
1180 1192 1214 1246 et
1249 1183 1339 1246 dicet
1374 1181 1500 1256 stult03

347 1290 494 1352 Primum
525 1309 592 1350 non
622 1288 790 1369 estquod
822 1289 883 1352 tibi
914 1287 1088 1370 permittas
1119 1291 1161 1350 de
1192 1287 1385 1351 melioribus
1415 1285 1502 1348 ferre

344 1392 564 1467 sententiam
587 1392 667 1456 mihi
687 1391 768 1474 jam,
786 1391 877 1472 quod
898 1402 1129 1474 argumentum
1153 1399 1204 1452 est
1229 1390 1320 1468 recti,
1334 1387 1500 1470 contingit

346 1496 440 1560 malis
461 1495 642 1578 displicere.
661 1495 853 1558 ..Divitias
868 1515 954 1576 nego
971 1494 1095 1558 bonum
1113 1515 1206 1558 esse:
1230 1513 1307 1556 nam
1329 1495 1356 1558 si
1378 1501 1501 1568 essent,
1537 1554 1539 1558 Α

345 1603 452 1664 bonos
473 1599 628 1663 iacerent.
675 1598 772 1661 Nunc
791 1599 951 1680 quoniam
966 1599 1056 1680 apud
1075 1598 1181 1662 malos
1196 1597 1500 1680 deprehenduntur,

347 1705 434 1768 bona
449 1703 516 1767 dici
530 1723 597 1766 non
613 1713 753 1785 possunt
767 1725 775 1777 ;
801 1702 865 1764 hoc
881 1701 944 1765 illis
963 1721 1085 1764 nomen
1102 1721 1188 1784 nego
1204 1749 1210 1762 .
1230 1749 1236 1762 .
1252 1701 1268 1764 .’

390 1809 502 1871 ‘Pone
514 1807 549 1869 in
560 1807 814 1889 opulentissima
829 1826 884 1869 me
899 1807 1001 1870 domo
1014 1827 1022 1884 3
1046 1825 1134 1887 poue
1148 1825 1265 1869 aurum
1277 1816 1309 1869 et
1319 1815 1497 1886 argentum

349 1931 491 1977 ...non
510 1912 686 1991 suspiciam
710 1930 763 1973 me
783 1912 828 1973 ob
852 1910 924 1985 ista,
942 1929 1038 1991 quae,
1054 1909 1185 1972 etiamsi
1207 1909 1296 1990 apud
1322 1929 1385 1986 me,
1400 1917 1501 1972 extra

347 2037 401 2080 me
421 2026 535 2079 tamen
556 2025 634 2077 sunt
649 2061 656 2076 .
673 2065 680 2077 .
697 2060 705 2076 .
722 2014 813 2077 Inter
828 2024 964 2095 egentes
985 2013 1102 2096 abige:
1126 2033 1192 2077 non
1212 2023 1325 2076 tamen
1347 2013 1422 2075 ideo
1444 2031 1500 2075 me

346 2119 535 2201 despiciam,
554 2120 645 2200 quod
668 2119 700 2182 in
725 2118 854 2181 illorum
876 2138 1015 2181 numero
1037 2117 1218 2182 consedero
1240 2118 1297 2199 qui
1313 2136 1432 2180 manus
1455 2115 1499 2178 ad

346 2225 467 2305 stipem
484 2223 665 2306 porrigunt.
712 2221 803 2304 Quid
822 2223 911 2285 enim
933 2223 975 2286 ad
994 2241 1064 2286 rem
1085 2242 1127 2284 au
1144 2221 1284 2285 irustum
1302 2221 1397 2304 panis
1413 2221 1501 2283 desit

346 2329 397 2391 cui
422 2347 487 2389 non
511 2326 605 2388 deest
629 2326 712 2388 mori
735 2331 854 2408 posse?
869 2371 878 2388 .
895 2373 903 2388 .
919 2372 928 2388 .
944 2326 1061 2388 Nihilo
1084 2345 1137 2388 me
1161 2324 1340 2388 feliciorem
1364 2324 1500 2387 credam

346 2432 438 2513 quod
460 2429 539 2492 mihi
562 2428 661 2493 molle
684 2429 745 2492 erit
764 2429 954 2506 amiculum,
974 2431 1063 2511 quod
1085 2448 1230 2512 purpura
1251 2428 1396 2492 convivis
1418 2429 1504 2492 meis

347 2536 627 2597 substernetur..
650 2581 657 2594 .
680 2533 796 2597 Nihilo
822 2534 972 2597 miserius
992 2554 1057 2610 ero,
1072 2534 1100 2596 si
1122 2532 1210 2596 lassa
1234 2532 1346 2595 cervix
1369 2551 1443 2595 mea
1466 2533 1501 2594 in

348 2636 517 2720 manipulo
536 2636 624 2699 foeni
641 2637 854 2719 adquiescet.
872 2683 880 2698 .
898 2682 907 2699 .
924 2635 1027 2700 Nulla
1043 2637 1123 2699 hora
1144 2637 1216 2698 sine
1237 2635 1349 2717 aliqua
1364 2634 1500 2717 querela

347 2752 398 2805 est
411 2763 419 2820 ;
442 2761 509 2805 non
520 2742 596 2805 ideo
606 2761 659 2804 me
671 2742 779 2805 dicam
792 2742 878 2804 inter
888 2741 1070 2804 miserrima
1082 2741 1238 2804 miserum
1252 2785 1259 2800 .
1277 2787 1284 2801 .
1301 2788 1308 2802 .
1326 2739 1500 2803 Provisum

348 2859 400 2912 est
413 2848 502 2911 enim
518 2868 538 2908 a
553 2865 665 2909 mene
683 2845 758 2926 quis
780 2845 860 2908 mihi
881 2855 954 2908 ater
973 2845 1045 2909 dies
1063 2854 1150 2908 esset
1166 2891 1173 2904 .
1191 2888 1198 2905 .
1217 2892 1225 2905 .
1242 2843 1335 2926 Ergo
1350 2864 1417 2907 non
1436 2863 1502 2926 ego

347 2951 453 3026 aliter,
483 2951 590 3032 inquit
618 2951 762 3032 sapiens,
790 2950 865 3012 vivo
901 2968 1002 3031 quarn
1033 2949 1159 3031 loquor.
1219 2947 1287 3012 Sed
1317 2969 1377 3011 vos
1406 2948 1504 3012 aliter

348 3055 478 3119 auditis
524 3055 636 3117 Sonus
650 3055 884 3117 tantummodo
905 3053 1079 3117 verborum
1101 3053 1146 3116 ad
1169 3073 1265 3118 aures
1286 3066 1413 3117 vestras
1428 3073 1503 3135 per-

349 3159 460 3222 venit:
481 3159 561 3240 quid
578 3158 741 3239 significet
755 3178 822 3221 non
837 3159 1007 3239 quaeritis.

393 3261 502 3343 ‘Quid
526 3283 607 3344 ergo
629 3262 715 3325 inter
738 3284 793 3327 me
814 3263 953 3327 stultum
977 3272 1010 3324 et
1034 3273 1069 3325 te
1090 3263 1275 3345 sapientem
1300 3261 1447 3340 interest,
1473 3265 1503 3327 si

350 3378 488 3448 uterque
504 3367 626 3430 habere
640 3366 793 3431 volumus
808 3368 963 3431 divitias?
1009 3367 1201 3430 Plurimum.
1248 3366 1393 3430 Divitiae
1412 3367 1502 3432 enim

349 3473 440 3553 apud
470 3472 656 3552 sapientem
684 3475 790 3533 virum
823 3472 855 3533 in
886 3471 1046 3534 servitute
1076 3481 1162 3542 sunt,
1185 3470 1275 3552 apud
1302 3473 1442 3534 stultum
1467 3474 1503 3536 in

349 3575 499 3657 imperio.
545 3574 686 3658 Sapiens
702 3575 823 3638 divitiis
839 3575 919 3637 nihil
933 3576 1103 3658 permittit,
1120 3577 1213 3638 vobis
1230 3576 1366 3638 divitiae
1381 3577 1506 3642 omnia.

349 3681 421 3744 Vos
448 3690 607 3760 tanquam
641 3678 761 3761 aliquis
783 3679 878 3743 vobis
912 3693 1081 3742 aeternam
1111 3680 1356 3761 possessionem
1387 3701 1504 3744 earum

350 3784 546 3868 promiserit,
564 3784 753 3848 assuescitis
769 3783 831 3847 illis
844 3795 878 3847 et
886 3785 1088 3861 cohaeretis3
1111 3787 1244 3868 sapiens
1259 3796 1337 3849 tunc
1354 3786 1506 3850 maxime

350 3901 583 3974 paupertatem
608 3889 788 3953 meditatur
808 3909 885 3951 cum
908 3889 941 3951 in
964 3889 1082 3952 mediis
1110 3889 1235 3953 divitiis
1257 3891 1408 3956 constitit
1430 3936 1438 3953 .
1464 3937 1472 3954 .
1498 3940 1506 3952 .

351 3995 509 4058 Marcetis
532 3995 566 4056 in
590 3992 707 4057 vestris
734 3993 831 4055 rebus
858 4013 918 4057 nec
947 3993 1099 4074 cogitatis
1120 4006 1204 4074 quot
1230 4014 1326 4059 casus
1353 3995 1503 4076 undique

350 4099 553 4174 immineant,
565 4096 635 4178 jam
649 4096 787 4178 jamque
802 4097 948 4177 pretiosa
964 4096 1069 4178 spolia
1084 4096 1192 4160 laturi.
1240 4097 1393 4180 Sapienti
1409 4100 1503 4180 quis-

350 4203 425 4284 quis
439 4200 614 4264 abstulerit
639 4201 773 4264 divitias
792 4201 905 4263 omnia
928 4199 974 4263 illi
1000 4221 1059 4264 sua
1079 4201 1250 4283 relinquet.
1296 4202 1389 4266 Vivit
1411 4203 1505 4266 euim

351 4306 578 4389 praesentibus
593 4305 709 4382 laetus,
724 4305 842 4369 suturis
857 4325 1001 4369 securus.
1046 4305 1137 4368 Nihil
1154 4307 1259 4388 magis
1276 4305 1433 4370 Socrates
1449 4307 1508 4371 ille

352 4410 587 4493 ...persuasit
603 4409 684 4472 mihi
705 4429 808 4491 quarn
830 4429 872 4474 ne
892 4411 936 4472 ad
958 4410 1129 4491 opiniones
1148 4421 1276 4474 vestras
1301 4423 1395 4474 actus
1416 4413 1508 4476 vitae

353 4535 446 4578 meae
476 4513 652 4577 flecterem.
700 4511 807 4578 Solita
833 4514 980 4577 conserte
1012 4514 1158 4595 undique
1180 4516 1300 4578 verba:
1333 4535 1400 4578 non
1423 4536 1506 4582 con-

351 4618 463 4682 viciari
480 4636 539 4679 vos
554 4617 691 4697 putabo,
705 4616 765 4679 sed
783 4618 895 4700 vagire
913 4617 1003 4684 velut
1025 4616 1166 4682 infantes
1190 4617 1410 4686 miserrimos’
1436 4622 1508 4686 scio
