<?xml version="1.0" encoding="UTF-8"?>
<!DOCTYPE html PUBLIC "-//W3C//DTD XHTML 1.0 Transitional//EN"
    "http://www.w3.org/TR/xhtml1/DTD/xhtml1-transitional.dtd">
<html xmlns="http://www.w3.org/1999/xhtml" xml:lang="en" lang="en">
 <head>
  <title>
</title>
<meta http-equiv="Content-Type" content="text/html;charset=utf-8" />
  <meta name='ocr-system' content='tesseract 3.04.00' />
  <meta name='ocr-capabilities' content='ocr_page ocr_carea ocr_par ocr_line ocrx_word'/>
</head>
<body>
  <div class='ocr_page' id='page_1' title='image "./opusmajusrogerb02bridgoog/opusmajusrogerb02bridgoog_0457.png"; bbox 0 0 3542 5359; ppageno 0'>
   <div class='ocr_carea' id='block_1_1' title="bbox 370 592 1252 676">
    <p class='ocr_par' dir='ltr' id='par_1_1' title="bbox 370 592 1252 676">
     <span class='ocr_line' id='line_1_1' title="bbox 370 592 1252 676; baseline -0.001 -24"><span class='ocrx_word' id='word_1_1' title='bbox 370 594 431 676; x_wconf 76' lang='lat'>438</span> <span class='ocrx_word' id='word_1_2' title='bbox 636 594 973 656; x_wconf 77' lang='lat' dir='ltr'><em>MULTIPLICAYIO</em></span> <span class='ocrx_word' id='word_1_3' title='bbox 997 592 1252 653; x_wconf 85' lang='lat' dir='ltr'><em>SPECIERUM.</em></span> 
     </span>
    </p>
   </div>
   <div class='ocr_carea' id='block_1_2' title="bbox 299 753 1534 1676">
    <p class='ocr_par' dir='ltr' id='par_1_2' title="bbox 373 753 1534 1259">
     <span class='ocr_line' id='line_1_2' title="bbox 373 753 1534 842; baseline -0.007 -18"><span class='ocrx_word' id='word_1_4' title='bbox 373 757 564 842; x_wconf 90' lang='lat' dir='ltr'>hujusmodi</span> <span class='ocrx_word' id='word_1_5' title='bbox 586 757 753 840; x_wconf 86' lang='lat' dir='ltr'>apparitio</span> <span class='ocrx_word' id='word_1_6' title='bbox 780 766 831 821; x_wconf 92' lang='lat' dir='ltr'>est</span> <span class='ocrx_word' id='word_1_7' title='bbox 852 756 989 838; x_wconf 91' lang='lat' dir='ltr'>species,</span> <span class='ocrx_word' id='word_1_8' title='bbox 1011 765 1047 821; x_wconf 91' lang='lat' dir='ltr'>et</span> <span class='ocrx_word' id='word_1_9' title='bbox 1080 765 1220 820; x_wconf 92' lang='lat' dir='ltr'>nonest</span> <span class='ocrx_word' id='word_1_10' title='bbox 1251 755 1298 818; x_wconf 92' lang='lat' dir='ltr'>ita</span> <span class='ocrx_word' id='word_1_11' title='bbox 1320 754 1416 820; x_wconf 88' lang='lat' dir='ltr'>vivus</span> <span class='ocrx_word' id='word_1_12' title='bbox 1438 753 1534 818; x_wconf 91' lang='lat' dir='ltr'>color</span> 
     </span>
     <span class='ocr_line' id='line_1_3' title="bbox 374 858 1533 946; baseline -0.005 -19"><span class='ocrx_word' id='word_1_13' title='bbox 374 865 459 928; x_wconf 91' lang='lat' dir='ltr'>sicut</span> <span class='ocrx_word' id='word_1_14' title='bbox 480 874 629 946; x_wconf 90' lang='lat' dir='ltr'>apparet,</span> <span class='ocrx_word' id='word_1_15' title='bbox 651 870 686 926; x_wconf 92' lang='lat' dir='ltr'>et</span> <span class='ocrx_word' id='word_1_16' title='bbox 707 861 810 926; x_wconf 91' lang='lat' dir='ltr'>habet</span> <span class='ocrx_word' id='word_1_17' title='bbox 831 863 913 925; x_wconf 89' lang='lat' dir='ltr'>satis</span> <span class='ocrx_word' id='word_1_18' title='bbox 945 881 1059 942; x_wconf 82' lang='lat' dir='ltr'>pamm</span> <span class='ocrx_word' id='word_1_19' title='bbox 1082 861 1125 924; x_wconf 94' lang='lat' dir='ltr'>de</span> <span class='ocrx_word' id='word_1_20' title='bbox 1148 881 1229 935; x_wconf 89' lang='lat' dir='ltr'>esse,</span> <span class='ocrx_word' id='word_1_21' title='bbox 1253 868 1290 923; x_wconf 92' lang='lat' dir='ltr'>ut</span> <span class='ocrx_word' id='word_1_22' title='bbox 1312 858 1398 922; x_wconf 89' lang='lat' dir='ltr'>bene</span> <span class='ocrx_word' id='word_1_23' title='bbox 1422 859 1533 941; x_wconf 85' lang='lat' dir='ltr'>possit</span> 
     </span>
     <span class='ocr_line' id='line_1_4' title="bbox 373 963 1531 1049; baseline -0.008 -15"><span class='ocrx_word' id='word_1_24' title='bbox 373 967 469 1034; x_wconf 90' lang='lat' dir='ltr'>educi</span> <span class='ocrx_word' id='word_1_25' title='bbox 499 968 543 1032; x_wconf 92' lang='lat' dir='ltr'>de</span> <span class='ocrx_word' id='word_1_26' title='bbox 580 966 730 1049; x_wconf 89' lang='lat' dir='ltr'>potentia</span> <span class='ocrx_word' id='word_1_27' title='bbox 767 966 925 1030; x_wconf 89' lang='lat' dir='ltr'>maten&#39;ae</span> <span class='ocrx_word' id='word_1_28' title='bbox 961 965 1066 1047; x_wconf 85' lang='lat' dir='ltr'>opaci</span> <span class='ocrx_word' id='word_1_29' title='bbox 1113 965 1201 1028; x_wconf 90' lang='lat' dir='ltr'>Item</span> <span class='ocrx_word' id='word_1_30' title='bbox 1239 983 1405 1046; x_wconf 91' lang='lat' dir='ltr'>ponamus</span> <span class='ocrx_word' id='word_1_31' title='bbox 1433 963 1531 1046; x_wconf 93' lang='lat' dir='ltr'>quod</span> 
     </span>
     <span class='ocr_line' id='line_1_5' title="bbox 373 1066 1531 1152; baseline -0.005 -15"><span class='ocrx_word' id='word_1_32' title='bbox 373 1072 497 1137; x_wconf 90' lang='lat' dir='ltr'>habeat</span> <span class='ocrx_word' id='word_1_33' title='bbox 511 1081 642 1136; x_wconf 90' lang='lat' dir='ltr'>tautum</span> <span class='ocrx_word' id='word_1_34' title='bbox 658 1071 701 1134; x_wconf 93' lang='lat' dir='ltr'>de</span> <span class='ocrx_word' id='word_1_35' title='bbox 716 1090 788 1133; x_wconf 90' lang='lat' dir='ltr'>esse</span> <span class='ocrx_word' id='word_1_36' title='bbox 802 1070 888 1133; x_wconf 91' lang='lat' dir='ltr'>sicut</span> <span class='ocrx_word' id='word_1_37' title='bbox 908 1079 1058 1152; x_wconf 88' lang='lat' dir='ltr'>apparet,</span> <span class='ocrx_word' id='word_1_38' title='bbox 1073 1069 1154 1151; x_wconf 95' lang='lat' dir='ltr'>quid</span> <span class='ocrx_word' id='word_1_39' title='bbox 1175 1066 1330 1152; x_wconf 86' lang='lat' dir='ltr'>prohibet</span> <span class='ocrx_word' id='word_1_40' title='bbox 1352 1068 1462 1149; x_wconf 90' lang='lat' dir='ltr'>ipsum</span> <span class='ocrx_word' id='word_1_41' title='bbox 1484 1069 1531 1131; x_wconf 88' lang='lat' dir='ltr'>de</span> 
     </span>
     <span class='ocr_line' id='line_1_6' title="bbox 375 1171 1531 1259; baseline -0.004 -20"><span class='ocrx_word' id='word_1_42' title='bbox 375 1175 525 1259; x_wconf 89' lang='lat' dir='ltr'>potentia</span> <span class='ocrx_word' id='word_1_43' title='bbox 539 1174 658 1239; x_wconf 89' lang='lat' dir='ltr'>saltem</span> <span class='ocrx_word' id='word_1_44' title='bbox 673 1175 819 1256; x_wconf 88' lang='lat' dir='ltr'>corporis</span> <span class='ocrx_word' id='word_1_45' title='bbox 835 1171 934 1238; x_wconf 85' lang='lat' dir='ltr'>mixti</span> <span class='ocrx_word' id='word_1_46' title='bbox 951 1174 1056 1247; x_wconf 94' lang='lat' dir='ltr'>educi,</span> <span class='ocrx_word' id='word_1_47' title='bbox 1072 1173 1150 1256; x_wconf 89' lang='lat' dir='ltr'>quia</span> <span class='ocrx_word' id='word_1_48' title='bbox 1170 1192 1310 1254; x_wconf 91' lang='lat' dir='ltr'>corpora</span> <span class='ocrx_word' id='word_1_49' title='bbox 1326 1171 1434 1236; x_wconf 89' lang='lat' dir='ltr'>mixta</span> <span class='ocrx_word' id='word_1_50' title='bbox 1449 1181 1531 1235; x_wconf 87' lang='lat' dir='ltr'>nata</span> 
     </span>
    </p>

    <p class='ocr_par' dir='ltr' id='par_1_3' title="bbox 299 1265 1531 1676">
     <span class='ocr_line' id='line_1_7' title="bbox 299 1265 1531 1350; baseline -0.004 -6"><span class='ocrx_word' id='word_1_51' title='bbox 299 1265 303 1272; x_wconf 39' lang='lat'>¹</span> <span class='ocrx_word' id='word_1_52' title='bbox 374 1289 453 1344; x_wconf 90' lang='lat' dir='ltr'>sunt</span> <span class='ocrx_word' id='word_1_53' title='bbox 474 1278 638 1345; x_wconf 84' lang='lat' dir='ltr'>colorari?</span> <span class='ocrx_word' id='word_1_54' title='bbox 682 1278 756 1342; x_wconf 90' lang='lat' dir='ltr'>Nos</span> <span class='ocrx_word' id='word_1_55' title='bbox 778 1279 867 1341; x_wconf 90' lang='lat' dir='ltr'>enim</span> <span class='ocrx_word' id='word_1_56' title='bbox 890 1278 1041 1350; x_wconf 87' lang='lat' dir='ltr'>videmus</span> <span class='ocrx_word' id='word_1_57' title='bbox 1069 1277 1191 1342; x_wconf 92' lang='lat' dir='ltr'>multos</span> <span class='ocrx_word' id='word_1_58' title='bbox 1221 1275 1358 1339; x_wconf 83' lang='lat' dir='ltr'>effectus</span> <span class='ocrx_word' id='word_1_59' title='bbox 1389 1287 1531 1340; x_wconf 88' lang='lat' dir='ltr'>naturae</span> 
     </span>
     <span class='ocr_line' id='line_1_8' title="bbox 373 1380 1530 1467; baseline -0.004 -19"><span class='ocrx_word' id='word_1_60' title='bbox 373 1383 561 1467; x_wconf 90' lang='lat' dir='ltr'>completos</span> <span class='ocrx_word' id='word_1_61' title='bbox 583 1382 696 1446; x_wconf 91' lang='lat' dir='ltr'>subito</span> <span class='ocrx_word' id='word_1_62' title='bbox 719 1383 815 1465; x_wconf 90' lang='lat' dir='ltr'>quasi</span> <span class='ocrx_word' id='word_1_63' title='bbox 839 1381 918 1460; x_wconf 86' lang='lat' dir='ltr'>fieri,</span> <span class='ocrx_word' id='word_1_64' title='bbox 942 1391 980 1445; x_wconf 93' lang='lat' dir='ltr'>ut</span> <span class='ocrx_word' id='word_1_65' title='bbox 1010 1402 1076 1445; x_wconf 90' lang='lat' dir='ltr'>una</span> <span class='ocrx_word' id='word_1_66' title='bbox 1097 1380 1235 1444; x_wconf 88' lang='lat' dir='ltr'>candela</span> <span class='ocrx_word' id='word_1_67' title='bbox 1259 1380 1460 1445; x_wconf 87' lang='lat' dir='ltr'>accendatur</span> <span class='ocrx_word' id='word_1_68' title='bbox 1483 1381 1530 1443; x_wconf 92' lang='lat' dir='ltr'>ab</span> 
     </span>
     <span class='ocr_line' id='line_1_9' title="bbox 375 1484 1531 1570; baseline -0.004 -18"><span class='ocrx_word' id='word_1_69' title='bbox 375 1490 449 1565; x_wconf 89' lang='lat' dir='ltr'>alia,</span> <span class='ocrx_word' id='word_1_70' title='bbox 464 1499 498 1552; x_wconf 93' lang='lat' dir='ltr'>et</span> <span class='ocrx_word' id='word_1_71' title='bbox 514 1487 760 1552; x_wconf 89' lang='lat' dir='ltr'>combustibilia</span> <span class='ocrx_word' id='word_1_72' title='bbox 778 1487 893 1551; x_wconf 91' lang='lat' dir='ltr'>statim</span> <span class='ocrx_word' id='word_1_73' title='bbox 920 1487 1096 1570; x_wconf 91' lang='lat' dir='ltr'>igniuntur,</span> <span class='ocrx_word' id='word_1_74' title='bbox 1111 1505 1187 1548; x_wconf 90' lang='lat' dir='ltr'>cum</span> <span class='ocrx_word' id='word_1_75' title='bbox 1209 1485 1276 1566; x_wconf 86' lang='lat' dir='ltr'>igni</span> <span class='ocrx_word' id='word_1_76' title='bbox 1299 1484 1531 1566; x_wconf 88' lang='lat' dir='ltr'>applicantur;</span> 
     </span>
     <span class='ocr_line' id='line_1_10' title="bbox 375 1589 937 1676; baseline -0.002 -20"><span class='ocrx_word' id='word_1_77' title='bbox 375 1592 641 1676; x_wconf 86' lang='lat' dir='ltr'>quaresimiliter</span> <span class='ocrx_word' id='word_1_78' title='bbox 658 1601 770 1673; x_wconf 88' lang='lat' dir='ltr'>potest</span> <span class='ocrx_word' id='word_1_79' title='bbox 785 1611 858 1654; x_wconf 90' lang='lat' dir='ltr'>esse</span> <span class='ocrx_word' id='word_1_80' title='bbox 873 1589 937 1655; x_wconf 93' lang='lat' dir='ltr'>hic.</span> 
     </span>
    </p>
   </div>
   <div class='ocr_carea' id='block_1_3' title="bbox 796 1869 1107 1935">
    <p class='ocr_par' dir='ltr' id='par_1_4' title="bbox 796 1869 1107 1935">
     <span class='ocr_line' id='line_1_11' title="bbox 796 1869 1107 1935; baseline 0 0"><span class='ocrx_word' id='word_1_81' title='bbox 796 1869 1022 1935; x_wconf 77' lang='lat' dir='ltr'>Cnnruaun</span> <span class='ocrx_word' id='word_1_82' title='bbox 1049 1869 1107 1935; x_wconf 86' lang='lat' dir='ltr'>IV.</span> 
     </span>
    </p>
   </div>
   <div class='ocr_carea' id='block_1_4' title="bbox 207 2037 1531 2130">
    <p class='ocr_par' dir='ltr' id='par_1_5' title="bbox 207 2037 1531 2130">
     <span class='ocr_line' id='line_1_12' title="bbox 207 2037 1531 2130; baseline -0.011 -14"><span class='ocrx_word' id='word_1_83' title='bbox 207 2067 251 2116; x_wconf 80' lang='lat' dir='ltr'>six</span> <span class='ocrx_word' id='word_1_84' title='bbox 263 2081 319 2130; x_wconf 69' lang='lat' dir='ltr'>pro</span> <span class='ocrx_word' id='word_1_85' title='bbox 421 2043 488 2108; x_wconf 90' lang='lat' dir='ltr'>Sed</span> <span class='ocrx_word' id='word_1_86' title='bbox 506 2062 593 2108; x_wconf 92' lang='lat' dir='ltr'>nunc</span> <span class='ocrx_word' id='word_1_87' title='bbox 607 2043 650 2106; x_wconf 92' lang='lat' dir='ltr'>ad</span> <span class='ocrx_word' id='word_1_88' title='bbox 672 2041 729 2107; x_wconf 90' lang='lat' dir='ltr'>illa</span> <span class='ocrx_word' id='word_1_89' title='bbox 748 2040 877 2126; x_wconf 87' lang='lat' dir='ltr'>plenius</span> <span class='ocrx_word' id='word_1_90' title='bbox 899 2043 1114 2127; x_wconf 86' lang='lat' dir='ltr'>intelligenda</span> <span class='ocrx_word' id='word_1_91' title='bbox 1135 2049 1268 2124; x_wconf 85' lang='lat' dir='ltr'>oportet</span> <span class='ocrx_word' id='word_1_92' title='bbox 1289 2037 1419 2104; x_wconf 87' lang='lat' dir='ltr'>annecti</span> <span class='ocrx_word' id='word_1_93' title='bbox 1438 2038 1531 2121; x_wconf 90' lang='lat' dir='ltr'>capi-</span> 
     </span>
    </p>
   </div>
   <div class='ocr_carea' id='block_1_5' title="bbox 207 2133 1531 2246">
    <p class='ocr_par' dir='ltr' id='par_1_6' title="bbox 207 2133 1531 2246">
     <span class='ocr_line' id='line_1_13' title="bbox 207 2133 1531 2246; baseline -0.002 -37"><span class='ocrx_word' id='word_1_94' title='bbox 207 2133 338 2246; x_wconf 44' lang='lat' dir='ltr'>ll&#39;ffff‘e&#39;m·</span> <span class='ocrx_word' id='word_1_95' title='bbox 376 2149 485 2214; x_wconf 88' lang='lat' dir='ltr'>tulum</span> <span class='ocrx_word' id='word_1_96' title='bbox 515 2158 678 2230; x_wconf 90' lang='lat' dir='ltr'>quartum,</span> <span class='ocrx_word' id='word_1_97' title='bbox 707 2149 799 2230; x_wconf 92' lang='lat' dir='ltr'>quod</span> <span class='ocrx_word' id='word_1_98' title='bbox 833 2147 936 2211; x_wconf 92' lang='lat' dir='ltr'>habet</span> <span class='ocrx_word' id='word_1_99' title='bbox 965 2167 1027 2210; x_wconf 91' lang='lat' dir='ltr'>sex</span> <span class='ocrx_word' id='word_1_100' title='bbox 1056 2146 1293 2210; x_wconf 86' lang='lat' dir='ltr'>conclusiones.</span> <span class='ocrx_word' id='word_1_101' title='bbox 1340 2144 1450 2207; x_wconf 88' lang='lat' dir='ltr'>Prima</span> <span class='ocrx_word' id='word_1_102' title='bbox 1478 2153 1531 2207; x_wconf 91' lang='lat' dir='ltr'>est</span> 
     </span>
    </p>
   </div>
   <div class='ocr_carea' id='block_1_6' title="bbox 208 2247 1531 2336">
    <p class='ocr_par' dir='ltr' id='par_1_7' title="bbox 208 2247 1531 2336">
     <span class='ocr_line' id='line_1_14' title="bbox 208 2247 1531 2336; baseline -0.002 -24"><span class='ocrx_word' id='word_1_103' title='bbox 208 2263 321 2313; x_wconf 76' lang='lat' dir='ltr'>smallest</span> <span class='ocrx_word' id='word_1_104' title='bbox 377 2254 467 2336; x_wconf 92' lang='lat' dir='ltr'>quod</span> <span class='ocrx_word' id='word_1_105' title='bbox 497 2254 540 2316; x_wconf 92' lang='lat' dir='ltr'>ad</span> <span class='ocrx_word' id='word_1_106' title='bbox 570 2272 673 2334; x_wconf 89' lang='lat' dir='ltr'>agens</span> <span class='ocrx_word' id='word_1_107' title='bbox 703 2253 737 2315; x_wconf 93' lang='lat' dir='ltr'>in</span> <span class='ocrx_word' id='word_1_108' title='bbox 769 2251 831 2315; x_wconf 89' lang='lat' dir='ltr'>hac</span> <span class='ocrx_word' id='word_1_109' title='bbox 869 2249 1040 2315; x_wconf 88' lang='lat' dir='ltr'>influentia</span> <span class='ocrx_word' id='word_1_110' title='bbox 1070 2271 1135 2314; x_wconf 93' lang='lat' dir='ltr'>non</span> <span class='ocrx_word' id='word_1_111' title='bbox 1174 2250 1321 2333; x_wconf 85' lang='lat' dir='ltr'>exigitur</span> <span class='ocrx_word' id='word_1_112' title='bbox 1357 2247 1531 2330; x_wconf 86' lang='lat' dir='ltr'>quantitas</span> 
     </span>
    </p>
   </div>
   <div class='ocr_carea' id='block_1_7' title="bbox 208 2326 1531 2445">
    <p class='ocr_par' dir='ltr' id='par_1_8' title="bbox 208 2326 1531 2445">
     <span class='ocr_line' id='line_1_15' title="bbox 208 2326 1531 2445; baseline -0.01 -18"><span class='ocrx_word' id='word_1_113' title='bbox 208 2326 361 2445; x_wconf 47' lang='lat' dir='ltr'>{pampnytor</span> <span class='ocrx_word' id='word_1_114' title='bbox 377 2357 608 2422; x_wconf 87' lang='lat' dir='ltr'>determinata.</span> <span class='ocrx_word' id='word_1_115' title='bbox 654 2354 807 2420; x_wconf 89' lang='lat' dir='ltr'>Secunda</span> <span class='ocrx_word' id='word_1_116' title='bbox 842 2366 901 2433; x_wconf 90' lang='lat' dir='ltr'>est,</span> <span class='ocrx_word' id='word_1_117' title='bbox 931 2357 1021 2437; x_wconf 92' lang='lat' dir='ltr'>quod</span> <span class='ocrx_word' id='word_1_118' title='bbox 1060 2364 1169 2419; x_wconf 92' lang='lat' dir='ltr'>totum</span> <span class='ocrx_word' id='word_1_119' title='bbox 1207 2374 1310 2437; x_wconf 91' lang='lat' dir='ltr'>agens</span> <span class='ocrx_word' id='word_1_120' title='bbox 1344 2352 1531 2417; x_wconf 90' lang='lat' dir='ltr'>secundum</span> 
     </span>
    </p>
   </div>
   <div class='ocr_carea' id='block_1_8' title="bbox 158 2456 1532 2657">
    <p class='ocr_par' dir='ltr' id='par_1_9' title="bbox 158 2456 1532 2657">
     <span class='ocr_line' id='line_1_16' title="bbox 158 2456 1531 2542; baseline -0.008 -14"><span class='ocrx_word' id='word_1_121' title='bbox 158 2495 161 2498; x_wconf 44' lang='lat'><strong>⁴</strong></span> <span class='ocrx_word' id='word_1_122' title='bbox 208 2463 230 2537; x_wconf 55' lang='grc' dir='ltr'>ἒς</span> <span class='ocrx_word' id='word_1_123' title='bbox 249 2527 254 2537; x_wconf 81' lang='grc'>,</span> <span class='ocrx_word' id='word_1_124' title='bbox 273 2459 351 2511; x_wconf 57' lang='lat' dir='ltr'>²0¹1st</span> <span class='ocrx_word' id='word_1_125' title='bbox 378 2462 500 2525; x_wconf 90' lang='lat' dir='ltr'>lineam</span> <span class='ocrx_word' id='word_1_126' title='bbox 521 2459 755 2542; x_wconf 85' lang='lat' dir='ltr'>profunditatis</span> <span class='ocrx_word' id='word_1_127' title='bbox 774 2479 853 2524; x_wconf 87' lang='lat' dir='ltr'>suae</span> <span class='ocrx_word' id='word_1_128' title='bbox 873 2460 944 2542; x_wconf 90' lang='lat' dir='ltr'>agit</span> <span class='ocrx_word' id='word_1_129' title='bbox 962 2461 1143 2525; x_wconf 89' lang='lat' dir='ltr'>secundum</span> <span class='ocrx_word' id='word_1_130' title='bbox 1164 2479 1199 2523; x_wconf 91' lang='lat' dir='ltr'>se</span> <span class='ocrx_word' id='word_1_131' title='bbox 1214 2457 1323 2522; x_wconf 85' lang='lat' dir='ltr'>totuin</span> <span class='ocrx_word' id='word_1_132' title='bbox 1340 2457 1372 2519; x_wconf 94' lang='lat' dir='ltr'>in</span> <span class='ocrx_word' id='word_1_133' title='bbox 1388 2456 1531 2538; x_wconf 85' lang='lat' dir='ltr'>patiens,</span> 
     </span>
     <span class='ocr_line' id='line_1_17' title="bbox 208 2537 1532 2657; baseline -0.008 -25"><span class='ocrx_word' id='word_1_134' title='bbox 208 2537 307 2657; x_wconf 48' lang='lat' dir='ltr'>{fig}</span> <span class='ocrx_word' id='word_1_135' title='bbox 379 2575 414 2630; x_wconf 94' lang='lat' dir='ltr'>et</span> <span class='ocrx_word' id='word_1_136' title='bbox 443 2585 510 2629; x_wconf 90' lang='lat' dir='ltr'>non</span> <span class='ocrx_word' id='word_1_137' title='bbox 540 2564 650 2645; x_wconf 92' lang='lat' dir='ltr'>aliqua</span> <span class='ocrx_word' id='word_1_138' title='bbox 672 2563 745 2628; x_wconf 91' lang='lat' dir='ltr'>sola</span> <span class='ocrx_word' id='word_1_139' title='bbox 767 2585 843 2646; x_wconf 90' lang='lat' dir='ltr'>pars</span> <span class='ocrx_word' id='word_1_140' title='bbox 873 2564 1047 2646; x_wconf 90' lang='lat' dir='ltr'>signanda.</span> <span class='ocrx_word' id='word_1_141' title='bbox 1101 2563 1216 2627; x_wconf 89' lang='lat' dir='ltr'>Tertia</span> <span class='ocrx_word' id='word_1_142' title='bbox 1238 2573 1299 2638; x_wconf 88' lang='lat' dir='ltr'>est,</span> <span class='ocrx_word' id='word_1_143' title='bbox 1323 2561 1413 2642; x_wconf 94' lang='lat' dir='ltr'>quod</span> <span class='ocrx_word' id='word_1_144' title='bbox 1430 2579 1532 2623; x_wconf 89' lang='lat' dir='ltr'>omne</span> 
     </span>
    </p>
   </div>
   <div class='ocr_carea' id='block_1_9' title="bbox 209 2661 1538 4418">
    <p class='ocr_par' dir='ltr' id='par_1_10' title="bbox 376 2661 1534 3272">
     <span class='ocr_line' id='line_1_18' title="bbox 379 2661 1532 2752; baseline -0.006 -18"><span class='ocrx_word' id='word_1_145' title='bbox 379 2689 481 2752; x_wconf 91' lang='lat' dir='ltr'>agens</span> <span class='ocrx_word' id='word_1_146' title='bbox 496 2668 632 2750; x_wconf 87' lang='lat' dir='ltr'>attingit</span> <span class='ocrx_word' id='word_1_147' title='bbox 654 2668 801 2750; x_wconf 88' lang='lat' dir='ltr'>aliquam</span> <span class='ocrx_word' id='word_1_148' title='bbox 818 2677 947 2752; x_wconf 88' lang='lat' dir='ltr'>partem</span> <span class='ocrx_word' id='word_1_149' title='bbox 964 2668 1121 2752; x_wconf 89' lang='lat' dir='ltr'>patientis</span> <span class='ocrx_word' id='word_1_150' title='bbox 1136 2686 1237 2748; x_wconf 91' lang='lat' dir='ltr'>quarn</span> <span class='ocrx_word' id='word_1_151' title='bbox 1253 2674 1365 2747; x_wconf 91' lang='lat' dir='ltr'>potest</span> <span class='ocrx_word' id='word_1_152' title='bbox 1381 2661 1532 2739; x_wconf 85' lang='lat' dir='ltr'>alterare,</span> 
     </span>
     <span class='ocr_line' id='line_1_19' title="bbox 378 2770 1533 2858; baseline -0.006 -20"><span class='ocrx_word' id='word_1_153' title='bbox 378 2785 411 2838; x_wconf 90' lang='lat' dir='ltr'>et</span> <span class='ocrx_word' id='word_1_154' title='bbox 426 2792 492 2836; x_wconf 93' lang='lat' dir='ltr'>non</span> <span class='ocrx_word' id='word_1_155' title='bbox 509 2771 593 2858; x_wconf 90' lang='lat' dir='ltr'>plus.</span> <span class='ocrx_word' id='word_1_156' title='bbox 638 2770 775 2854; x_wconf 84' lang='lat' dir='ltr'>Quarta,</span> <span class='ocrx_word' id='word_1_157' title='bbox 791 2773 882 2854; x_wconf 93' lang='lat' dir='ltr'>quod</span> <span class='ocrx_word' id='word_1_158' title='bbox 900 2773 1008 2834; x_wconf 89' lang='lat' dir='ltr'>minus</span> <span class='ocrx_word' id='word_1_159' title='bbox 1032 2791 1132 2853; x_wconf 87' lang='lat' dir='ltr'>quam</span> <span class='ocrx_word' id='word_1_160' title='bbox 1149 2770 1230 2833; x_wconf 89' lang='lat' dir='ltr'>illud</span> <span class='ocrx_word' id='word_1_161' title='bbox 1246 2789 1313 2832; x_wconf 90' lang='lat' dir='ltr'>non</span> <span class='ocrx_word' id='word_1_162' title='bbox 1330 2775 1442 2852; x_wconf 89' lang='lat' dir='ltr'>potest</span> <span class='ocrx_word' id='word_1_163' title='bbox 1459 2786 1533 2831; x_wconf 88' lang='lat' dir='ltr'>esse</span> 
     </span>
     <span class='ocr_line' id='line_1_20' title="bbox 376 2872 1534 2959; baseline -0.005 -19"><span class='ocrx_word' id='word_1_164' title='bbox 376 2877 563 2959; x_wconf 87' lang='lat' dir='ltr'>subjectum</span> <span class='ocrx_word' id='word_1_165' title='bbox 582 2876 746 2942; x_wconf 87' lang='lat' dir='ltr'>sufficiens</span> <span class='ocrx_word' id='word_1_166' title='bbox 766 2877 915 2954; x_wconf 92' lang='lat' dir='ltr'>actionis,</span> <span class='ocrx_word' id='word_1_167' title='bbox 930 2887 968 2940; x_wconf 88' lang='lat' dir='ltr'>ut</span> <span class='ocrx_word' id='word_1_168' title='bbox 992 2885 1043 2938; x_wconf 90' lang='lat' dir='ltr'>est</span> <span class='ocrx_word' id='word_1_169' title='bbox 1067 2876 1100 2938; x_wconf 91' lang='lat' dir='ltr'>in</span> <span class='ocrx_word' id='word_1_170' title='bbox 1121 2893 1182 2938; x_wconf 89' lang='lat' dir='ltr'>suo</span> <span class='ocrx_word' id='word_1_171' title='bbox 1205 2883 1289 2938; x_wconf 93' lang='lat' dir='ltr'>toto.</span> <span class='ocrx_word' id='word_1_172' title='bbox 1335 2872 1462 2956; x_wconf 84' lang='lat' dir='ltr'>Quinta</span> <span class='ocrx_word' id='word_1_173' title='bbox 1480 2881 1534 2936; x_wconf 89' lang='lat' dir='ltr'>est</span> 
     </span>
     <span class='ocr_line' id='line_1_21' title="bbox 378 2975 1534 3064; baseline -0.003 -19"><span class='ocrx_word' id='word_1_174' title='bbox 378 2983 468 3064; x_wconf 91' lang='lat' dir='ltr'>quod</span> <span class='ocrx_word' id='word_1_175' title='bbox 483 2982 645 3045; x_wconf 88' lang='lat' dir='ltr'>medietas</span> <span class='ocrx_word' id='word_1_176' title='bbox 660 2981 790 3063; x_wconf 88' lang='lat' dir='ltr'>agentis</span> <span class='ocrx_word' id='word_1_177' title='bbox 805 3000 872 3044; x_wconf 89' lang='lat' dir='ltr'>non</span> <span class='ocrx_word' id='word_1_178' title='bbox 888 2981 1006 3045; x_wconf 89' lang='lat' dir='ltr'>alterat</span> <span class='ocrx_word' id='word_1_179' title='bbox 1022 3001 1121 3043; x_wconf 90' lang='lat' dir='ltr'>unam</span> <span class='ocrx_word' id='word_1_180' title='bbox 1140 2980 1364 3054; x_wconf 89' lang='lat' dir='ltr'>medietatem,</span> <span class='ocrx_word' id='word_1_181' title='bbox 1380 2987 1413 3041; x_wconf 91' lang='lat' dir='ltr'>et</span> <span class='ocrx_word' id='word_1_182' title='bbox 1429 2975 1534 3041; x_wconf 88' lang='lat' dir='ltr'>altera</span> 
     </span>
     <span class='ocr_line' id='line_1_22' title="bbox 379 3081 1532 3167; baseline -0.005 -18"><span class='ocrx_word' id='word_1_183' title='bbox 379 3085 540 3151; x_wconf 88' lang='lat' dir='ltr'>medietas</span> <span class='ocrx_word' id='word_1_184' title='bbox 551 3085 659 3150; x_wconf 89' lang='lat' dir='ltr'>aliam.</span> <span class='ocrx_word' id='word_1_185' title='bbox 706 3084 821 3162; x_wconf 89' lang='lat' dir='ltr'>Sexta,</span> <span class='ocrx_word' id='word_1_186' title='bbox 836 3086 928 3166; x_wconf 87' lang='lat' dir='ltr'>quod</span> <span class='ocrx_word' id='word_1_187' title='bbox 940 3085 1099 3148; x_wconf 90' lang='lat' dir='ltr'>medietas</span> <span class='ocrx_word' id='word_1_188' title='bbox 1110 3085 1236 3167; x_wconf 90' lang='lat' dir='ltr'>primae</span> <span class='ocrx_word' id='word_1_189' title='bbox 1252 3083 1355 3165; x_wconf 83' lang='lat' dir='ltr'>partis</span> <span class='ocrx_word' id='word_1_190' title='bbox 1371 3081 1532 3165; x_wconf 90' lang='lat' dir='ltr'>patientis</span> 
     </span>
     <span class='ocr_line' id='line_1_23' title="bbox 378 3187 1096 3272; baseline -0.003 -20"><span class='ocrx_word' id='word_1_191' title='bbox 378 3190 518 3254; x_wconf 89' lang='lat' dir='ltr'>alterata</span> <span class='ocrx_word' id='word_1_192' title='bbox 533 3209 599 3252; x_wconf 90' lang='lat' dir='ltr'>non</span> <span class='ocrx_word' id='word_1_193' title='bbox 621 3198 733 3272; x_wconf 86' lang='lat' dir='ltr'>potest</span> <span class='ocrx_word' id='word_1_194' title='bbox 752 3189 932 3253; x_wconf 90' lang='lat' dir='ltr'>secundam</span> <span class='ocrx_word' id='word_1_195' title='bbox 948 3187 1096 3252; x_wconf 88' lang='lat' dir='ltr'>alterare.</span> 
     </span>
    </p>

    <p class='ocr_par' dir='ltr' id='par_1_11' title="bbox 209 3289 1538 4418">
     <span class='ocr_line' id='line_1_24' title="bbox 209 3289 1533 3378; baseline -0.008 -16"><span class='ocrx_word' id='word_1_196' title='bbox 209 3309 365 3378; x_wconf 70' lang='lat' dir='ltr'>Pimproof.</span> <span class='ocrx_word' id='word_1_197' title='bbox 423 3293 533 3357; x_wconf 90' lang='lat' dir='ltr'>Prima</span> <span class='ocrx_word' id='word_1_198' title='bbox 562 3294 663 3375; x_wconf 90' lang='lat' dir='ltr'>igitur</span> <span class='ocrx_word' id='word_1_199' title='bbox 692 3304 752 3372; x_wconf 88' lang='lat' dir='ltr'>est,</span> <span class='ocrx_word' id='word_1_200' title='bbox 774 3292 864 3375; x_wconf 94' lang='lat' dir='ltr'>quod</span> <span class='ocrx_word' id='word_1_201' title='bbox 895 3293 938 3356; x_wconf 91' lang='lat' dir='ltr'>ad</span> <span class='ocrx_word' id='word_1_202' title='bbox 969 3313 1070 3376; x_wconf 89' lang='lat' dir='ltr'>agens</span> <span class='ocrx_word' id='word_1_203' title='bbox 1103 3291 1136 3356; x_wconf 92' lang='lat' dir='ltr'>in</span> <span class='ocrx_word' id='word_1_204' title='bbox 1167 3291 1228 3354; x_wconf 90' lang='lat' dir='ltr'>hac</span> <span class='ocrx_word' id='word_1_205' title='bbox 1259 3289 1430 3355; x_wconf 87' lang='lat' dir='ltr'>influentia</span> <span class='ocrx_word' id='word_1_206' title='bbox 1464 3309 1533 3353; x_wconf 89' lang='lat' dir='ltr'>non</span> 
     </span>
     <span class='ocr_line' id='line_1_25' title="bbox 379 3395 1533 3478; baseline -0.003 -17"><span class='ocrx_word' id='word_1_207' title='bbox 379 3398 525 3478; x_wconf 86' lang='lat' dir='ltr'>exigitur</span> <span class='ocrx_word' id='word_1_208' title='bbox 538 3397 709 3477; x_wconf 88' lang='lat' dir='ltr'>quantitas</span> <span class='ocrx_word' id='word_1_209' title='bbox 724 3397 952 3474; x_wconf 89' lang='lat' dir='ltr'>determinata,</span> <span class='ocrx_word' id='word_1_210' title='bbox 969 3397 1015 3461; x_wconf 89' lang='lat' dir='ltr'>ita</span> <span class='ocrx_word' id='word_1_211' title='bbox 1031 3396 1121 3478; x_wconf 94' lang='lat' dir='ltr'>quod</span> <span class='ocrx_word' id='word_1_212' title='bbox 1140 3396 1172 3457; x_wconf 94' lang='lat' dir='ltr'>in</span> <span class='ocrx_word' id='word_1_213' title='bbox 1193 3395 1311 3458; x_wconf 90' lang='lat' dir='ltr'>minori</span> <span class='ocrx_word' id='word_1_214' title='bbox 1336 3414 1404 3458; x_wconf 95' lang='lat' dir='ltr'>non</span> <span class='ocrx_word' id='word_1_215' title='bbox 1425 3395 1533 3476; x_wconf 88' lang='lat' dir='ltr'>possit</span> 
     </span>
     <span class='ocr_line' id='line_1_26' title="bbox 378 3499 1533 3584; baseline -0.004 -19"><span class='ocrx_word' id='word_1_216' title='bbox 378 3501 485 3584; x_wconf 87' lang='lat' dir='ltr'>agere.</span> <span class='ocrx_word' id='word_1_217' title='bbox 530 3500 619 3563; x_wconf 89' lang='lat' dir='ltr'>Nam</span> <span class='ocrx_word' id='word_1_218' title='bbox 657 3511 736 3565; x_wconf 92' lang='lat' dir='ltr'>tunc</span> <span class='ocrx_word' id='word_1_219' title='bbox 767 3501 800 3564; x_wconf 90' lang='lat' dir='ltr'>in</span> <span class='ocrx_word' id='word_1_220' title='bbox 839 3501 938 3565; x_wconf 91' lang='lat' dir='ltr'>rebus</span> <span class='ocrx_word' id='word_1_221' title='bbox 976 3499 1166 3564; x_wconf 87' lang='lat' dir='ltr'>inanimatis</span> <span class='ocrx_word' id='word_1_222' title='bbox 1204 3507 1375 3581; x_wconf 89' lang='lat' dir='ltr'>oporteret</span> <span class='ocrx_word' id='word_1_223' title='bbox 1408 3517 1533 3580; x_wconf 89' lang='lat' dir='ltr'>ponere</span> 
     </span>
     <span class='ocr_line' id='line_1_27' title="bbox 377 3601 1533 3687; baseline -0.004 -19"><span class='ocrx_word' id='word_1_224' title='bbox 377 3605 534 3668; x_wconf 91' lang='lat' dir='ltr'>virtutem</span> <span class='ocrx_word' id='word_1_225' title='bbox 558 3606 853 3687; x_wconf 89' lang='lat' dir='ltr'>augmentativam,</span> <span class='ocrx_word' id='word_1_226' title='bbox 879 3606 965 3669; x_wconf 90' lang='lat' dir='ltr'>sicut</span> <span class='ocrx_word' id='word_1_227' title='bbox 991 3605 1024 3667; x_wconf 92' lang='lat' dir='ltr'>in</span> <span class='ocrx_word' id='word_1_228' title='bbox 1057 3603 1219 3677; x_wconf 88' lang='lat' dir='ltr'>animatis,</span> <span class='ocrx_word' id='word_1_229' title='bbox 1246 3612 1283 3666; x_wconf 90' lang='lat' dir='ltr'>ut</span> <span class='ocrx_word' id='word_1_230' title='bbox 1310 3623 1369 3684; x_wconf 93' lang='lat' dir='ltr'>per</span> <span class='ocrx_word' id='word_1_231' title='bbox 1396 3601 1533 3683; x_wconf 89' lang='lat' dir='ltr'>aliquod</span> 
     </span>
     <span class='ocr_line' id='line_1_28' title="bbox 378 3703 1535 3791; baseline -0.005 -18"><span class='ocrx_word' id='word_1_232' title='bbox 378 3708 549 3791; x_wconf 88' lang='lat' dir='ltr'>corporale</span> <span class='ocrx_word' id='word_1_233' title='bbox 572 3709 706 3772; x_wconf 89' lang='lat' dir='ltr'>veniens</span> <span class='ocrx_word' id='word_1_234' title='bbox 732 3709 990 3774; x_wconf 88' lang='lat' dir='ltr'>convertendum</span> <span class='ocrx_word' id='word_1_235' title='bbox 1015 3709 1047 3771; x_wconf 92' lang='lat' dir='ltr'>in</span> <span class='ocrx_word' id='word_1_236' title='bbox 1070 3729 1139 3770; x_wconf 92' lang='lat' dir='ltr'>rem</span> <span class='ocrx_word' id='word_1_237' title='bbox 1166 3703 1409 3770; x_wconf 87' lang='lat' dir='ltr'>inanimatam¹</span> <span class='ocrx_word' id='word_1_238' title='bbox 1428 3706 1535 3768; x_wconf 84' lang='lat' dir='ltr'>virtus</span> 
     </span>
     <span class='ocr_line' id='line_1_29' title="bbox 378 3810 1534 3896; baseline -0.003 -20"><span class='ocrx_word' id='word_1_239' title='bbox 378 3813 436 3878; x_wconf 91' lang='lat' dir='ltr'>illa</span> <span class='ocrx_word' id='word_1_240' title='bbox 451 3813 699 3896; x_wconf 89' lang='lat' dir='ltr'>augmentativa</span> <span class='ocrx_word' id='word_1_241' title='bbox 713 3815 849 3877; x_wconf 90' lang='lat' dir='ltr'>duceret</span> <span class='ocrx_word' id='word_1_242' title='bbox 872 3813 962 3876; x_wconf 91' lang='lat' dir='ltr'>illam</span> <span class='ocrx_word' id='word_1_243' title='bbox 986 3831 1055 3875; x_wconf 92' lang='lat' dir='ltr'>rem</span> <span class='ocrx_word' id='word_1_244' title='bbox 1078 3812 1121 3875; x_wconf 90' lang='lat' dir='ltr'>ad</span> <span class='ocrx_word' id='word_1_245' title='bbox 1140 3810 1289 3874; x_wconf 91' lang='lat' dir='ltr'>debitam</span> <span class='ocrx_word' id='word_1_246' title='bbox 1308 3810 1534 3892; x_wconf 90' lang='lat' dir='ltr'>quantitatem</span> 
     </span>
     <span class='ocr_line' id='line_1_30' title="bbox 379 3913 1536 4001; baseline -0.003 -19"><span class='ocrx_word' id='word_1_247' title='bbox 379 3919 501 4000; x_wconf 89' lang='lat' dir='ltr'>inqua</span> <span class='ocrx_word' id='word_1_248' title='bbox 524 3919 626 4001; x_wconf 91' lang='lat' dir='ltr'>possit</span> <span class='ocrx_word' id='word_1_249' title='bbox 657 3919 796 4000; x_wconf 90' lang='lat' dir='ltr'>operari,</span> <span class='ocrx_word' id='word_1_250' title='bbox 818 3918 904 3983; x_wconf 90' lang='lat' dir='ltr'>sicut</span> <span class='ocrx_word' id='word_1_251' title='bbox 934 3917 1054 3981; x_wconf 92' lang='lat' dir='ltr'>accidit</span> <span class='ocrx_word' id='word_1_252' title='bbox 1077 3917 1120 3980; x_wconf 86' lang='lat' dir='ltr'>de</span> <span class='ocrx_word' id='word_1_253' title='bbox 1142 3915 1295 3978; x_wconf 90' lang='lat' dir='ltr'>animatis</span> <span class='ocrx_word' id='word_1_254' title='bbox 1319 3933 1379 3996; x_wconf 93' lang='lat' dir='ltr'>pro</span> <span class='ocrx_word' id='word_1_255' title='bbox 1402 3913 1536 3979; x_wconf 90' lang='lat' dir='ltr'>actione</span> 
     </span>
     <span class='ocr_line' id='line_1_31' title="bbox 378 4017 1536 4106; baseline -0.005 -21"><span class='ocrx_word' id='word_1_256' title='bbox 378 4023 558 4106; x_wconf 88' lang='lat' dir='ltr'>generandi</span> <span class='ocrx_word' id='word_1_257' title='bbox 573 4022 756 4086; x_wconf 90' lang='lat' dir='ltr'>secundum</span> <span class='ocrx_word' id='word_1_258' title='bbox 773 4021 1060 4104; x_wconf 89' lang='lat' dir='ltr'>propagationem.</span> <span class='ocrx_word' id='word_1_259' title='bbox 1108 4019 1201 4084; x_wconf 88' lang='lat' dir='ltr'>Haec</span> <span class='ocrx_word' id='word_1_260' title='bbox 1222 4019 1310 4082; x_wconf 88' lang='lat' dir='ltr'>enim</span> <span class='ocrx_word' id='word_1_261' title='bbox 1327 4026 1379 4082; x_wconf 90' lang='lat' dir='ltr'>est</span> <span class='ocrx_word' id='word_1_262' title='bbox 1395 4017 1536 4082; x_wconf 88' lang='lat' dir='ltr'>necessi-</span> 
     </span>
     <span class='ocr_line' id='line_1_32' title="bbox 378 4121 1536 4209; baseline -0.004 -19"><span class='ocrx_word' id='word_1_263' title='bbox 378 4138 431 4190; x_wconf 91' lang='lat' dir='ltr'>tas</span> <span class='ocrx_word' id='word_1_264' title='bbox 445 4146 548 4209; x_wconf 91' lang='lat' dir='ltr'>quare</span> <span class='ocrx_word' id='word_1_265' title='bbox 563 4127 596 4190; x_wconf 89' lang='lat' dir='ltr'>in</span> <span class='ocrx_word' id='word_1_266' title='bbox 608 4128 706 4191; x_wconf 88' lang='lat' dir='ltr'>rebus</span> <span class='ocrx_word' id='word_1_267' title='bbox 720 4127 875 4190; x_wconf 87' lang='lat' dir='ltr'>animatis</span> <span class='ocrx_word' id='word_1_268' title='bbox 885 4135 937 4189; x_wconf 91' lang='lat' dir='ltr'>est</span> <span class='ocrx_word' id='word_1_269' title='bbox 952 4125 1194 4206; x_wconf 80' lang='lat' dir='ltr'>augmentatio</span> <span class='ocrx_word' id='word_1_270' title='bbox 1241 4121 1308 4204; x_wconf 79' lang='lat' dir='ltr'>Sed</span> <span class='ocrx_word' id='word_1_271' title='bbox 1321 4123 1411 4187; x_wconf 94' lang='lat' dir='ltr'>istud</span> <span class='ocrx_word' id='word_1_272' title='bbox 1421 4121 1536 4186; x_wconf 92' lang='lat' dir='ltr'>locum</span> 
     </span>
     <span class='ocr_line' id='line_1_33' title="bbox 380 4227 1536 4311; baseline -0.003 -18"><span class='ocrx_word' id='word_1_273' title='bbox 380 4250 447 4294; x_wconf 90' lang='lat' dir='ltr'>non</span> <span class='ocrx_word' id='word_1_274' title='bbox 462 4231 564 4294; x_wconf 91' lang='lat' dir='ltr'>habet</span> <span class='ocrx_word' id='word_1_275' title='bbox 579 4231 612 4294; x_wconf 90' lang='lat' dir='ltr'>in</span> <span class='ocrx_word' id='word_1_276' title='bbox 627 4231 725 4294; x_wconf 88' lang='lat' dir='ltr'>rebus</span> <span class='ocrx_word' id='word_1_277' title='bbox 745 4230 943 4304; x_wconf 89' lang='lat' dir='ltr'>inanimatis,</span> <span class='ocrx_word' id='word_1_278' title='bbox 959 4248 1061 4311; x_wconf 90' lang='lat' dir='ltr'>quare</span> <span class='ocrx_word' id='word_1_279' title='bbox 1076 4229 1118 4292; x_wconf 88' lang='lat' dir='ltr'>ad</span> <span class='ocrx_word' id='word_1_280' title='bbox 1140 4227 1306 4292; x_wconf 89' lang='lat' dir='ltr'>actionem</span> <span class='ocrx_word' id='word_1_281' title='bbox 1329 4245 1443 4290; x_wconf 86' lang='lat' dir='ltr'>earum</span> <span class='ocrx_word' id='word_1_282' title='bbox 1467 4246 1536 4290; x_wconf 92' lang='lat' dir='ltr'>non</span> 
     </span>
     <span class='ocr_line' id='line_1_34' title="bbox 380 4329 1538 4418; baseline -0.003 -21"><span class='ocrx_word' id='word_1_283' title='bbox 380 4335 554 4418; x_wconf 90' lang='lat' dir='ltr'>requiritur</span> <span class='ocrx_word' id='word_1_284' title='bbox 574 4335 743 4417; x_wconf 90' lang='lat' dir='ltr'>quantitas</span> <span class='ocrx_word' id='word_1_285' title='bbox 766 4335 997 4399; x_wconf 85' lang='lat' dir='ltr'>determinata.</span> <span class='ocrx_word' id='word_1_286' title='bbox 1044 4332 1089 4396; x_wconf 88' lang='lat' dir='ltr'>Et</span> <span class='ocrx_word' id='word_1_287' title='bbox 1115 4333 1196 4395; x_wconf 90' lang='lat' dir='ltr'>haec</span> <span class='ocrx_word' id='word_1_288' title='bbox 1221 4341 1272 4394; x_wconf 87' lang='lat' dir='ltr'>est</span> <span class='ocrx_word' id='word_1_289' title='bbox 1296 4329 1385 4393; x_wconf 88' lang='lat' dir='ltr'>actio</span> <span class='ocrx_word' id='word_1_290' title='bbox 1412 4331 1538 4412; x_wconf 87' lang='lat' dir='ltr'>speciei</span> 
     </span>
    </p>
   </div>
   <div class='ocr_carea' id='block_1_10' title="bbox 380 4481 1540 4695">
    <p class='ocr_par' dir='ltr' id='par_1_12' title="bbox 380 4481 1540 4695">
     <span class='ocr_line' id='line_1_35' title="bbox 412 4481 1539 4550; baseline -0.003 -13"><span class='ocrx_word' id='word_1_291' title='bbox 412 4486 421 4514; x_wconf 88' lang='lat'>¹</span> <span class='ocrx_word' id='word_1_292' title='bbox 437 4489 582 4550; x_wconf 75' lang='lat' dir='ltr'>auimatum,</span> <span class='ocrx_word' id='word_1_293' title='bbox 595 4488 631 4549; x_wconf 90' lang='lat' dir='ltr'>J.,</span> <span class='ocrx_word' id='word_1_294' title='bbox 644 4489 731 4538; x_wconf 87' lang='lat' dir='ltr'>which</span> <span class='ocrx_word' id='word_1_295' title='bbox 742 4489 844 4538; x_wconf 77' lang='lat' dir='ltr'>vitiatos</span> <span class='ocrx_word' id='word_1_296' title='bbox 857 4489 902 4537; x_wconf 86' lang='lat' dir='ltr'>the</span> <span class='ocrx_word' id='word_1_297' title='bbox 917 4487 1062 4549; x_wconf 83' lang='lat' dir='ltr'>reusoning,</span> <span class='ocrx_word' id='word_1_298' title='bbox 1075 4485 1249 4538; x_wconf 81' lang='lat' dir='ltr'>inanimatam.</span> <span class='ocrx_word' id='word_1_299' title='bbox 1261 4483 1292 4534; x_wconf 90' lang='grc' dir='ltr'>Ο.</span> <span class='ocrx_word' id='word_1_300' title='bbox 1328 4481 1385 4531; x_wconf 84' lang='lat' dir='ltr'>The</span> <span class='ocrx_word' id='word_1_301' title='bbox 1399 4492 1539 4546; x_wconf 78' lang='lat' dir='ltr'>argument</span> 
     </span>
     <span class='ocr_line' id='line_1_36' title="bbox 380 4560 1540 4630; baseline -0.003 -14"><span class='ocrx_word' id='word_1_302' title='bbox 380 4573 446 4616; x_wconf 79' lang='lat' dir='ltr'>rests</span> <span class='ocrx_word' id='word_1_303' title='bbox 460 4583 530 4629; x_wconf 90' lang='lat' dir='ltr'>upon</span> <span class='ocrx_word' id='word_1_304' title='bbox 548 4583 580 4615; x_wconf 81' lang='lat' dir='ltr'>an</span> <span class='ocrx_word' id='word_1_305' title='bbox 599 4569 712 4630; x_wconf 81' lang='lat' dir='ltr'>entirely</span> <span class='ocrx_word' id='word_1_306' title='bbox 720 4568 774 4628; x_wconf 86' lang='lat' dir='ltr'>just</span> <span class='ocrx_word' id='word_1_307' title='bbox 788 4566 966 4629; x_wconf 77' lang='lat' dir='ltr'>appreciation</span> <span class='ocrx_word' id='word_1_308' title='bbox 985 4566 1015 4616; x_wconf 86' lang='lat' dir='ltr'>oi</span> <span class='ocrx_word' id='word_1_309' title='bbox 1028 4566 1073 4616; x_wconf 86' lang='lat' dir='ltr'>the</span> <span class='ocrx_word' id='word_1_310' title='bbox 1089 4563 1231 4614; x_wconf 80' lang='lat' dir='ltr'>difference</span> <span class='ocrx_word' id='word_1_311' title='bbox 1247 4564 1368 4612; x_wconf 83' lang='lat' dir='ltr'>between</span> <span class='ocrx_word' id='word_1_312' title='bbox 1387 4560 1470 4624; x_wconf 79' lang='lat' dir='ltr'>living</span> <span class='ocrx_word' id='word_1_313' title='bbox 1486 4565 1540 4613; x_wconf 79' lang='lat' dir='ltr'>and</span> 
     </span>
     <span class='ocr_line' id='line_1_37' title="bbox 380 4645 557 4695; baseline 0.006 -2"><span class='ocrx_word' id='word_1_314' title='bbox 380 4645 446 4695; x_wconf 78' lang='lat' dir='ltr'>dead</span> <span class='ocrx_word' id='word_1_315' title='bbox 457 4651 557 4694; x_wconf 82' lang='lat' dir='ltr'>matter.</span> 
     </span>
    </p>
   </div>
   <div class='ocr_carea' id='block_1_11' title="bbox 0 0 1786 5359">
    <p class='ocr_par' dir='ltr' id='par_1_13' title="bbox 0 0 1786 5359">
     <span class='ocr_line' id='line_1_38' title="bbox 0 0 1786 5359; baseline 0 0"><span class='ocrx_word' id='word_1_316' title='bbox 0 0 1786 5359; x_wconf 95' lang='lat' dir='ltr'> </span> 
     </span>
    </p>
   </div>
  </div>
 </body>
</html>
