3542 5359
311 531 637 592 PERSPECTIVAE
665 531 779 590 PARS
803 531 1028 590 SECUNDA:
1062 531 1170 588 DIST.
1197 532 1254 589 III.
1334 547 1390 607 ¹¹3

237 699 424 762 movebitur
436 697 491 762 ille
505 717 599 762 arcus
615 696 798 778 pyramidis
812 696 920 759 donec
933 695 1044 778 jaceat
1057 717 1156 780 super
1171 718 1284 762 arcum
1298 700 1389 764 basis

237 803 421 887 pyramidis
439 801 581 874 visualis,
601 811 634 864 et
655 809 728 864 tota
748 800 1009 865 circumferentia
1029 801 1115 864 illius
1135 804 1389 884 aequidistantis

233 906 358 989 jacebit
387 927 486 989 super
508 916 616 970 totam
643 906 750 969 basim
780 905 961 988 pyramidis
985 906 1127 980 visualis,
1149 915 1230 969 tunc
1256 919 1390 991 oportet

236 1013 327 1092 quod
355 1021 427 1075 tota
453 1009 639 1093 superficies
667 1011 762 1074 lunae
788 1010 884 1074 nobis
912 1009 1044 1092 objecta
1069 1011 1112 1075 sit
1138 1011 1332 1086 illuminata,
1354 1022 1389 1077 et

237 1115 355 1180 eadem
377 1117 440 1179 erit
459 1115 547 1178 basis
564 1115 735 1196 utriusque
755 1115 947 1196 pyramidis,
960 1123 996 1178 et
1010 1125 1090 1179 tunc
1105 1116 1167 1178 erit
1186 1117 1266 1179 luna
1282 1117 1390 1199 plena.

239 1220 368 1284 Deinde
393 1229 530 1303 propter
554 1221 655 1283 situm
686 1220 764 1284 solis
790 1220 954 1283 variatum
984 1231 1135 1302 respectu
1162 1201 1270 1298 lunae,
1293 1242 1388 1286 arcus

239 1323 329 1387 basis
360 1325 542 1407 pyramidis
574 1324 689 1387 solaris
723 1325 838 1407 incipit
869 1325 1022 1388 recedere
1050 1346 1072 1389 a
1102 1326 1175 1388 basi
1205 1327 1388 1410 pyramidis

238 1428 380 1499 visualis,
406 1438 440 1492 et
469 1429 583 1510 incipit
613 1428 691 1492 luna
723 1427 862 1492 deficere
890 1449 911 1491 a
940 1428 1022 1507 luce,
1046 1430 1131 1493 sicut
1160 1429 1192 1492 in
1223 1427 1390 1493 novilunio

238 1534 351 1611 crevit,
367 1535 413 1597 ita
427 1535 517 1616 quod
541 1554 672 1616 semper
693 1543 832 1618 apparet
855 1535 945 1598 basis
965 1534 1147 1616 pyramidis
1167 1534 1282 1598 solaris
1301 1533 1389 1600 linea

238 1657 338 1700 curva
363 1647 498 1720 propter
521 1639 681 1702 rationem
703 1637 965 1720 aequidistantis‚
985 1658 1158 1720 usquequo
1179 1640 1270 1702 basis
1292 1660 1391 1720 pyra-

240 1743 338 1806 midis
364 1742 479 1806 solaris
501 1743 610 1807 veniat
639 1742 682 1806 ad
712 1741 823 1819 locum
853 1741 957 1806 coluri
983 1743 1017 1806 in
1043 1743 1151 1824 prima
1177 1754 1211 1807 et
1237 1741 1393 1807 vicesima

239 1849 303 1922 die,
320 1856 354 1910 et
375 1857 455 1910 tunc
478 1848 596 1911 iterum
618 1857 758 1930 apparet
781 1847 865 1910 linea
887 1859 984 1924 recta,
998 1849 1085 1911 sicut
1107 1847 1140 1911 in
1162 1849 1217 1912 die
1237 1849 1392 1931 septima.

241 1951 300 2016 Sic
324 1971 404 2033 ergo
430 1963 541 2035 potest
569 1971 628 2034 per
649 1951 841 2032 hujusmodi
869 1953 1122 2016 immoderatam
1145 1950 1335 2016 distantiam
1358 1963 1393 2015 et

240 2056 383 2119 rationes
403 2053 598 2120 circulorum
618 2055 755 2137 intelligi
771 2054 923 2138 figuratio
944 2055 1026 2119 lucis
1041 2056 1164 2120 lunaris
1185 2075 1244 2140 per
1263 2066 1392 2122 aetates

239 2179 317 2224 suas
331 2161 471 2224 variatas
483 2159 503 2222 ¹.

286 2264 383 2328 Patet
400 2285 480 2348 ergo
494 2265 584 2345 quod
596 2263 801 2345 impossibile
808 2275 860 2328 est
871 2276 910 2328 ut
921 2264 1050 2329 coelum
1061 2266 1104 2329 sit
1116 2262 1235 2349 planae
1247 2266 1391 2348 ligurae3
1404 2279 1460 2328 Tne

239 2369 391 2449 quamvis
405 2369 469 2431 hoc
483 2368 573 2432 visus
595 2367 758 2445 aestimet,
773 2366 825 2430 vel
844 2367 965 2432 saltem
982 2369 1073 2451 quod
1094 2370 1223 2444 accedit
1246 2368 1389 2434 multum
1403 2345 1528 2475 ffif,

238 2472 282 2536 ad
300 2471 433 2552 planam
450 2471 597 2554 figuram.
644 2471 733 2535 Nam
749 2472 833 2534 sicut
848 2471 903 2535 hic
921 2472 1047 2536 dictum
1063 2481 1122 2548 est,
1138 2471 1249 2555 anguli
1265 2472 1390 2555 figurae
1402 2491 1510 2554 conmye

239 2575 438 2660 polygoniae
474 2575 663 2658 aequalium
701 2576 840 2641 laterum
878 2587 1040 2661 apparent
1085 2599 1129 2639 ex
1171 2577 1391 2641 immoderata
1404 2541 1528 2658 {Qut

239 2681 399 2745 distantia
416 2680 540 2744 habere
556 2681 806 2745 rotunditatem.
852 2677 1017 2745 Paulatim
1037 2682 1124 2743 enim
1143 2682 1394 2745 absconduntur

240 2784 363 2868 anguli,
388 2786 466 2866 quia
492 2805 557 2848 non
587 2785 711 2849 habent
736 2784 984 2868 proportionem
1010 2785 1054 2848 ad
1081 2784 1392 2850 immoderationem

241 2890 430 2966 distantiae,
446 2909 507 2953 nec
521 2909 671 2953 accessus
690 2889 801 2972 anguli
823 2890 866 2954 ad
890 2887 1021 2951 oculum
1043 2889 1176 2952 excedit
1196 2888 1395 2954 sensibiliter

244 3003 374 3078 partem
419 2994 530 3058 circuli
576 2994 775 3058 inscribendi
815 2995 849 3058 in
889 2993 948 3058 tali
989 2993 1104 3078 figura,
1141 2993 1193 3056 vel
1233 2993 1393 3077 sphaerae

240 3095 478 3174 inscribendae,
494 3107 629 3179 propter
652 3097 716 3162 hoc
740 3100 831 3179 quod
854 3096 968 3179 anguli
992 3098 1160 3180 quantitas
1184 3098 1317 3161 modica
1343 3108 1393 3162 est

239 3200 294 3264 vel
319 3199 408 3264 nulla
425 3199 586 3264 sensibilis
606 3213 756 3285 respectu
781 3210 896 3265 tantae
921 3202 1121 3267 remotionis.
1166 3202 1212 3265 Et
1237 3201 1301 3266 hoc
1326 3216 1394 3266 non

239 3305 348 3369 solum
365 3305 454 3386 apud
468 3303 619 3368 Alhazen
636 3306 756 3369 dicitur
770 3304 803 3368 in
821 3303 921 3370 tertio
936 3326 995 3368 suo
1012 3306 1102 3382 libr0,
1115 3307 1174 3369 sed
1192 3306 1224 3368 in
1239 3300 1325 3369 libro
1341 3305 1394 3370 De

239 3409 325 3474 Visu
340 3408 404 3473 hoc
420 3409 508 3474 idem
524 3407 595 3472 vult
614 3419 737 3483 auctor,
753 3430 829 3474 cum
845 3410 926 3474 dicit
940 3410 974 3472 in
988 3411 1117 3474 decima
1133 3409 1359 3491 propositione
1371 3407 1394 3485 ²,

241 3612 350 3675 passing
368 3611 481 3672 through
500 3611 546 3660 the
564 3611 647 3674 polee,
664 3612 711 3660 has
729 3612 796 3660 been
814 3610 960 3660 illustrated
978 3612 1005 3658 in
1023 3611 1068 3660 the
1087 3607 1268 3674 geographica!
1286 3610 1394 3660 seetion

240 3689 379 3740 Attention
391 3689 414 3738 is
426 3690 495 3738 fixed
510 3690 536 3738 in
553 3690 605 3738 this
622 3705 681 3738 case
698 3705 732 3737 on
750 3705 801 3738 one
819 3689 955 3750 particular
965 3690 1060 3751 eolure,
1071 3691 1127 3740 thet
1137 3689 1223 3738 which
1241 3686 1291 3738 lies
1307 3691 1334 3738 in
1351 3690 1396 3738 the

242 3769 321 3832 plane
333 3766 364 3815 ol
370 3769 417 3816 the
428 3783 485 3828 eye.

278 3847 283 3874 ¹
305 3846 327 3894 lt
339 3847 362 3896 ia
374 3854 419 3894 not
430 3854 457 3894 at
469 3847 524 3894 first
535 3845 604 3907 sight
616 3861 681 3906 very
692 3861 757 3908 easy
768 3853 795 3894 to
807 3846 936 3894 reconcile
947 3846 999 3893 this
1010 3845 1166 3906 description
1177 3846 1243 3894 with
1254 3846 1298 3895 the
1310 3846 1396 3894 denial

242 3927 270 3978 in
282 3925 361 3974 voli.
378 3939 402 3986 p.
418 3939 472 3984 129,
489 3925 544 3972 that
560 3925 635 3973 lunar
650 3923 715 3985 light
732 3939 788 3972 was
806 3924 927 3972 reflected
945 3924 1010 3971 from
1029 3925 1074 3972 the
1092 3939 1150 3972 sun.
1184 3924 1235 3972 But
1254 3924 1275 3972 it
1290 3923 1344 3972 will
1362 3926 1396 3972 be

241 4003 368 4052 ohserved
383 4002 439 4052 that
455 4003 585 4052 Averroee
601 4002 627 4050 in
646 4001 702 4051 that
718 4017 836 4064 passage,
848 4001 930 4050 while
946 4001 1115 4062 maintaining
1130 4002 1187 4049 that
1204 4002 1249 4049 the
1266 4017 1343 4050 moon
1357 4003 1398 4063 (ae

242 4081 304 4130 well
316 4097 345 4130 u
356 4082 432 4130 other
442 4082 543 4142 planete
553 4081 605 4130 sud
616 4080 693 4142 sura)
706 4080 757 4129 had
769 4078 886 4129 intrinsie
897 4079 970 4140 light,
983 4087 1029 4141 yet
1042 4079 1102 4128 held
1117 4080 1172 4129 thet
1187 4080 1258 4128 soler
1269 4080 1397 4130 lnlluenee

241 4177 298 4210 ma
311 4161 411 4209 needed
422 4167 449 4209 to
460 4159 507 4208 eall
521 4161 540 4208 it
552 4159 627 4208 forth.

275 4239 286 4268 ¹
300 4238 326 4299 J.
338 4238 393 4294 bas,
407 4254 422 4286 ι
434 4237 629 4300 propositione3
647 4237 776 4286 Combacb
785 4237 965 4297 givaedeeima
974 4235 1161 4298 propositione.
1196 4235 1219 4284 lt
1230 4235 1254 4284 is
1264 4235 1309 4284 the
1321 4236 1398 4284 ninth

241 4316 405 4380 proposition
414 4315 562 4365 olEuclid's
570 4315 664 4378 Oph'ca,
672 4313 704 4363 τὰ
713 4313 843 4376 ὀρθογώνια
853 4313 944 4375 μεγέθη
952 4314 979 4376 ἓξ
987 4312 1159 4372 ἀποστήματος
1166 4313 1275 4375 ὁρώμενα
1283 4313 1399 4376 περιφερῆ

240 4394 363 4457 pulvera.
399 4395 439 4445 Cf.
457 4394 529 4444 Euel.
550 4393 636 4456 Optr'co
650 4393 702 4456 (ed.
716 4393 855 4454 lleiberg)‚
865 4407 890 4454 p.
907 4407 945 4454 ¹⁷·
985 4391 1037 4441 But
1047 4393 1093 4440 the
1103 4391 1308 4440 demonstration
1320 4391 1399 4453 given

241 4477 264 4524 is
280 4475 317 4536 by
328 4489 363 4522 no
379 4488 469 4523 muns
486 4471 614 4534 complete
629 4487 659 4520 or
673 4470 817 4532 satissying.
849 4471 907 4519 The
924 4471 1029 4520 treatise
1040 4469 1080 4518 De
1092 4470 1161 4531 Visst,
1179 4469 1201 4518 is
1213 4476 1260 4518 not
1276 4471 1399 4520 identieal

241 4553 307 4602 vritb
321 4551 434 4601 Euclid's
448 4551 542 4613 Ophiu,
555 4565 609 4600 was
620 4557 647 4600 at
658 4549 723 4600 least
736 4549 849 4599 founded
861 4565 897 4598 on
908 4550 935 4599 it.
972 4548 1011 4598 Cf.
1022 4548 1151 4609 Albazen,
1163 4548 1199 4598 iii.
1212 4564 1252 4609 24,
1266 4562 1306 4610 25,
1318 4551 1358 4598 26.

284 4645 368 4695 vot.
383 4645 422 4694 11.
792 4643 803 4692 1
