3542 5359
710 606 792 667 30
1164 589 1474 648 OPERIS
1521 588 1897 660 MAJORJS
1944 586 2173 646 PARS
2223 586 2568 661 QUINTA.

715 776 859 821 esse
904 758 1226 822 rotundos
1273 765 1547 837 propter
1589 756 1741 828 du0,
1790 753 2038 818 scilicet
2099 761 2373 836 propter
2418 762 2676 815 motum
2722 750 3016 814 velocem

719 862 884 944 ejuS,
913 872 987 925 ut
1019 860 1224 944 possit
1254 861 1435 924 visus
1469 860 1830 923 discurrere
1859 859 2128 941 quando
2157 857 2466 921 volumus
2497 858 2585 920 de
2614 876 2749 919 uno
2778 852 3018 918 visibili

718 968 788 1031 in
817 965 1014 1043 aliud,
1044 976 1111 1030 et
1142 966 1229 1029 de
1261 974 1449 1046 parte
1479 984 1611 1026 una
1656 962 1955 1046 ejusdem
2001 960 2272 1025 visibilis
2309 962 2396 1025 ad
2436 959 2656 1037 aliam,
2688 968 3019 1042 quatenus

716 1070 996 1155 quilibet
1041 1068 1645 1153 comprehendatur
1691 1067 1757 1131 in
1803 1066 1999 1149 plena
2041 1066 2434 1129 certitudine
2478 1086 2596 1148 per
2636 1060 3017 1147 hujusmodi

721 1186 978 1240 motum
1004 1174 1319 1238 velocem.
1392 1171 1525 1237 Sed
1557 1172 1857 1237 omnium
1882 1168 2240 1252 figurarum
2274 1169 2556 1253 sphaera
2589 1178 2691 1232 est
2724 1168 3018 1231 maxime

720 1289 879 1361 apta
927 1279 1158 1343 motui.
1249 1279 1484 1359 Atque
1523 1276 1816 1358 oportuit
1856 1275 2088 1339 oculos
2140 1294 2285 1338 esse
2326 1276 2645 1338 rotundos
2691 1282 2758 1337 et
2800 1281 3021 1354 partes

720 1386 863 1467 ejus
905 1382 1217 1459 similiter,
1256 1402 1410 1444 nam
1451 1380 1504 1445 si
1545 1390 1718 1445 esset
1755 1379 1993 1462 planae
2038 1377 2305 1460 figurae,
2336 1379 2585 1462 species
2633 1377 2721 1440 rei
2754 1376 3022 1458 majoris

718 1487 914 1554 oculo
961 1507 1093 1551 non
1141 1496 1366 1569 posset
1409 1486 1644 1550 cadere
1703 1483 2332 1568 perpendiculariter
2373 1502 2570 1566 super
2637 1502 2808 1558 eum,
2862 1480 3020 1564 quia

718 1593 929 1656 lineae
949 1591 1520 1675 perpendiculares
1541 1609 1737 1672 super
1759 1589 2029 1671 planum
2055 1589 2341 1652 tendunt
2366 1588 2453 1650 ad
2479 1597 2724 1668 puncta
2746 1587 3019 1655 diversa,

722 1707 791 1761 et
820 1695 1078 1779 singula
1117 1697 1479 1760 secundum
1518 1694 1801 1779 angulos
1833 1701 2045 1757 rectos
2075 1701 2150 1756 ut
2192 1702 2379 1774 patet
2422 1691 2485 1754 in
2520 1690 2749 1773 figura.
2842 1691 3020 1754 Nam

2162 1795 2379 1859 lineae
2446 1805 2723 1879 possunt
2790 1796 3021 1858 cadere

2162 1900 2786 1985 perpendiculariter
2825 1919 3023 1983 super

2162 2003 2430 2068 oculum
2511 2006 2577 2088 f
2643 2026 2714 2087 g,
2840 2004 3019 2086 quod

2160 2110 2434 2173 veniunt
2484 2130 2524 2173 a
2576 2130 2611 2171 c
2659 2108 2713 2172 d
2763 2108 3021 2181 visibili,

2162 2216 2343 2296 quod
2420 2223 2740 2296 aequatur
2811 2212 3021 2290 ocu10,

739 2310 785 2352 α
1004 2309 1053 2373 (ἶ
2061 2313 2097 2379 b
2161 2318 2280 2382 sed
2304 2317 2391 2382 ab
2408 2339 2452 2381 a
2476 2328 2722 2401 puncto
2746 2328 2812 2381 et
2832 2318 2870 2381 b
2893 2337 3020 2380 non

1311 2384 1539 2435 F10.26.
2163 2432 2386 2504 potest
2465 2421 2714 2504 species
2803 2421 3023 2484 venire

721 2524 1367 2607 perpendiculariter,
1386 2525 1503 2589 sed
1528 2527 1615 2590 ad
1641 2523 1920 2607 angulos
1945 2525 2268 2610 obliquos.
2318 2525 2454 2591 Sed
2480 2524 2800 2590 sensibilis
2825 2527 3019 2597 actio,

723 2638 791 2692 et
837 2628 987 2691 talis
1030 2629 1244 2711 qualis
1290 2629 1354 2692 in
1396 2629 1536 2693 visu
1584 2631 1889 2713 exigitur,
1943 2650 2076 2694 non
2130 2641 2232 2695 est
2284 2630 2403 2694 nisi
2450 2630 2718 2713 quando
2772 2629 3023 2713 species

724 2732 1348 2816 perpendiculariter
1385 2733 1568 2797 cadit
1601 2754 1799 2817 super
1836 2734 2067 2797 visum.
2163 2733 2332 2799 Cum
2372 2755 2531 2817 ergo
2573 2734 2801 2797 oculus
2845 2734 3023 2798 videt

725 2856 971 2920 magna
1003 2858 1297 2920 corpora,
1329 2849 1401 2901 ut
1431 2838 1565 2901 sere
1595 2847 1900 2922 quartam
1931 2839 2093 2903 coeli
2128 2859 2259 2902 uno
2288 2848 2580 2920 aspectu,
2603 2837 3021 2902 manifestum

724 2951 825 3005 est
884 2942 1063 3024 quod
1126 2961 1260 3006 non
1321 2953 1546 3024 potest
1611 2964 1754 3007 esse
1807 2943 2043 3026 planae
2095 2941 2345 3025 figurae
2400 2963 2519 3007 nec
2569 2942 2847 3025 alicujus
2907 2943 3024 3006 nisi

720 3044 1117 3128 sphaericae,
1159 3046 1471 3128 quoniam
1518 3067 1719 3131 super
1761 3047 2109 3129 sphaeram
2157 3068 2427 3129 parvam
2475 3056 2752 3131 possunt
2791 3047 3024 3111 cadere

721 3149 1290 3232 perpendiculares
1339 3150 1634 3214 infinitae
1680 3172 1854 3234 quae
1905 3174 1944 3216 a
2000 3171 2242 3234 magno
2294 3172 2569 3233 corpore
2620 3150 2906 3225 veniunt,
2955 3160 3022 3214 et

722 3253 1002 3317 tendunt
1035 3254 1098 3315 in
1131 3264 1432 3318 centrum
1464 3256 1801 3339 sphaerae,
1833 3266 1899 3318 et
1930 3255 2022 3319 sic
2057 3276 2372 3339 magnum
2411 3276 2652 3340 corpus
2686 3264 2907 3338 potest
2937 3254 3025 3319 ab

721 3356 917 3421 oculo
945 3378 1152 3440 parvo
1182 3359 1404 3437 videri,
1435 3369 1510 3423 ut
1541 3368 1726 3442 patet
1756 3361 1822 3423 in
1852 3358 2081 3444 figura.

1366 3887 1929 3953 DISTINCTIO
1985 3886 2387 3971 QUINTA.

817 4068 1092 4133 Habens
1151 4071 1276 4135 tria
1333 4071 1636 4154 capitula.
1728 4073 2015 4136 Primum
2061 4083 2181 4149 est,
2214 4075 2394 4157 quod
2442 4073 2694 4158 species
2753 4074 2918 4139 lucis
2961 4083 3029 4138 et

727 4173 964 4238 coloris
993 4174 1350 4257 exiguntur
1378 4177 1465 4239 ad
1496 4196 1785 4241 sensum.

1605 4361 2061 4429 CAPITULUM
2107 4364 2158 4427 Ι.

395 4499 702 4627 ffifflffflaoe
818 4499 1082 4566 Habitis
1113 4500 1228 4580 his,
1261 4522 1434 4584 quae
1463 4505 1898 4584 proponenda
1930 4511 2082 4567 sunt
2124 4512 2399 4586 propter
2437 4503 2709 4566 modum
2747 4503 3027 4579 videndi,

391 4629 607 4691 ,hnfflgh
725 4624 900 4668 nunc
932 4615 1199 4688 oportet
1227 4605 1642 4671 considerare
1676 4607 1837 4689 quid
1874 4606 1959 4672 sit
1993 4608 2117 4672 iste
2145 4610 2400 4686 moduS‚
2432 4617 2499 4671 et
2528 4609 2869 4690 quomodo
2894 4606 3034 4673 fiat.
