3542 5359
385 667 446 729 522
661 650 998 710 MULTIPLICATIO
1022 649 1277 709 SPECIERUM.

387 814 525 897 expedit
548 814 697 877 animato
720 812 850 895 corpori
872 822 907 876 et
929 813 1077 896 partibus
1096 813 1178 895 ejus.
1225 812 1271 875 Et
1286 812 1362 875 ideo
1377 810 1544 875 infinitum

388 927 486 981 vocat
516 918 559 981 ibi
591 918 751 983 incertum
784 928 818 981 et
849 917 1139 981 indeterminatum
1169 927 1203 981 et
1233 916 1383 999 ineptum
1414 916 1546 998 corpori

388 1022 546 1086 animate.

217 1140 349 1217 mengeri-
434 1126 502 1191 Sed
528 1126 616 1190 istud
642 1146 709 1189 non
734 1124 864 1189 sufficit.
911 1125 1000 1190 Nam
1025 1125 1053 1188 si
1078 1126 1215 1189 materia
1240 1124 1345 1208 magis
1372 1144 1412 1188 ac
1436 1126 1545 1206 magis

220 1207 317 1270 ⁰⁸¹¹y¹t
388 1230 634 1295 inflammabilis
661 1232 910 1295 continuaretur
935 1231 968 1293 in
999 1231 1109 1311 spatio
1136 1228 1276 1307 infinito,
1299 1248 1434 1292 necesse
1457 1238 1547 1291 esset

220 1272 304 1331 could,
315 1271 338 1321 is

221 1338 334 1388 material
389 1336 480 1416 quod
509 1335 598 1399 actio
627 1355 757 1416 semper
787 1334 848 1397 iret
878 1334 1035 1398 continue
1070 1336 1252 1398 secundum
1288 1331 1545 1397 continuitatem

219 1404 368 1520 &2320OE
390 1441 556 1503 materiae.
612 1438 680 1503 Sed
710 1438 901 1520 hujusmodi
932 1439 1069 1501 materia
1099 1459 1165 1501 non
1195 1438 1359 1501 invenitur
1390 1446 1545 1517 respectu

220 1536 353 1665 {³}ngss
390 1542 672 1625 multiplicationis
701 1542 832 1625 speciei,
863 1563 923 1605 nec
957 1551 1072 1624 posset
1106 1542 1253 1615 inveniri,
1285 1542 1370 1606 sicut
1400 1560 1461 1603 nec
1494 1561 1546 1602 re·

219 1683 283 1718 were
296 1667 330 1716 al·
389 1656 505 1729 spectu
537 1648 620 1729 ignis
649 1646 806 1727 completi
835 1646 1021 1729 generandi.
1080 1646 1156 1723 Sed,
1182 1646 1209 1709 si
1242 1645 1450 1719 inveniretur,
1483 1664 1543 1709 seu

220 1749 260 1782 wa

220 1731 377 1861 corbiniifth'
390 1761 538 1832 respectu
563 1750 683 1833 speciei
706 1752 774 1813 sive
797 1762 948 1834 respectu
972 1749 1064 1833 ignis,
1081 1750 1173 1815 fieret
1196 1751 1284 1814 actio
1308 1750 1339 1811 in
1365 1748 1544 1812 infinitum.

221 1835 360 1913 butrhis'is
390 1853 426 1917 Si
451 1865 564 1917 tamen
589 1865 706 1918 contra
735 1856 824 1919 istud
851 1875 938 1919 nunc
966 1858 1094 1920 dictum
1122 1854 1298 1935 objiciatur
1328 1854 1419 1935 quod
1451 1852 1544 1915 nulla

221 1930 319 2046 we
389 1960 492 2021 virtus
508 1958 600 2022 finita
620 1980 657 2023 se
678 1961 833 2023 extendit
853 1960 897 2022 ad
919 1960 1084 2024 actionem
1106 1958 1278 2037 infinitam,
1294 1978 1373 2041 ergo
1396 1958 1429 2020 in
1451 1956 1546 2020 nulla

390 2073 508 2126 natura
532 2073 644 2143 posset
666 2066 792 2147 species
816 2084 877 2127 nec
897 2064 982 2146 ignis
1005 2062 1075 2127 lieri
1100 2065 1132 2127 in
1150 2063 1338 2141 infinitum,
1359 2063 1544 2125 dicendum

390 2179 450 2241 est,
476 2168 568 2249 quod
596 2167 681 2231 sicut
708 2169 740 2230 in
764 2169 925 2231 divisione
951 2168 1098 2232 continui
1125 2170 1281 2251 ponimus
1307 2168 1397 2248 quod
1430 2174 1544 2248 potest

390 2272 507 2334 divisio
523 2271 594 2334 fieri
610 2272 643 2334 in
659 2270 832 2348 infinitum,
849 2272 882 2335 id
901 2281 961 2351 est,
977 2292 1147 2354 nunquam
1163 2292 1289 2336 cessare
1308 2291 1369 2335 nec
1391 2280 1480 2334 stare
1499 2272 1545 2334 ad

391 2375 596 2451 indivisibile,
612 2396 677 2438 non
694 2386 805 2439 tamen
822 2377 914 2457 quod
931 2376 1048 2440 divisio
1066 2378 1110 2439 sit
1128 2386 1203 2440 actu
1220 2375 1356 2452 infinita,
1372 2374 1417 2437 sic
1433 2382 1485 2437 est
1498 2376 1545 2437 de

391 2481 602 2561 appositione
618 2480 775 2543 materiae
791 2492 824 2543 et
845 2482 888 2544 de
907 2482 1121 2563 generatione
1141 2480 1262 2562 speciei
1279 2481 1329 2543 vel
1347 2480 1432 2562 ignis
1451 2481 1545 2561 quod

391 2585 423 2646 in
440 2583 605 2646 infinitum
626 2582 730 2655 fieret,
747 2583 779 2648 id
799 2595 931 2648 estnon
948 2595 1112 2661 cessaret;
1135 2605 1195 2647 nec
1216 2594 1329 2648 tamen
1344 2584 1435 2664 quod
1452 2583 1542 2647 actio

391 2698 478 2751 esset
493 2696 569 2750 actu
588 2686 723 2752 infinita
770 2688 957 2752 Dicendum
978 2688 1077 2770 igitur
1096 2689 1185 2770 quod
1201 2688 1305 2751 virtus
1326 2687 1452 2752 infinita
1473 2706 1542 2750 non

391 2791 552 2854 sehabet
579 2790 736 2854 simulet
762 2791 864 2854 semel
888 2794 932 2856 ad
959 2790 1120 2855 infinitam
1145 2792 1308 2855 actionem
1335 2793 1369 2854 in
1400 2800 1477 2854 actu
1508 2801 1545 2853 et

390 2894 559 2969 intensive,
589 2896 649 2959 sed
686 2896 771 2959 bene
800 2905 912 2977 potest
941 2894 1010 2958 fieri
1044 2895 1155 2978 aliqua
1187 2895 1273 2960 actio
1302 2897 1374 2960 sine
1411 2894 1476 2959 fine
1509 2896 1543 2957 in

391 3010 550 3081 tempore,
565 2999 598 3061 id
622 3010 681 3073 est,
697 2999 892 3077 continuari,
908 3001 1083 3083 praecipue
1105 3020 1170 3063 una
1190 3001 1276 3063 actio
1297 3000 1484 3080 composita
1509 3010 1545 3063 et

390 3116 573 3187 aggregata
588 3125 632 3167 ex
647 3104 780 3167 infinitis
796 3104 859 3168 sibi
879 3104 1019 3167 invicem
1036 3105 1295 3182 succedentibus,
1311 3114 1348 3167 ut
1368 3104 1487 3168 divisio
1510 3104 1544 3166 in

392 3207 571 3285 infinitum,
600 3229 688 3289 quae
717 3230 761 3272 ex
793 3208 929 3272 infinitis
958 3208 1173 3273 divisionibus
1209 3219 1372 3287 causatur,
1402 3228 1543 3291 quarum

391 3313 558 3394 quaelibet
581 3325 631 3377 est
654 3314 687 3375 iu
707 3336 743 3377 se
768 3313 868 3378 finita.
915 3313 961 3377 Et
982 3314 1029 3377 sic
1046 3324 1098 3377 est
1118 3314 1180 3392 hic,
1196 3314 1365 3395 quaelibet
1384 3314 1471 3377 actio
1488 3312 1544 3375 vel

390 3417 559 3499 generatio
580 3417 699 3500 speciei
720 3429 755 3482 et
776 3417 860 3502 ignis
881 3427 932 3480 est
951 3416 1043 3480 linita
1062 3429 1096 3482 et
1117 3418 1151 3481 in
1174 3428 1325 3500 tempore
1348 3416 1460 3491 finito;
1482 3418 1544 3479 sed

391 3530 502 3584 tamen
530 3520 594 3583 hae
616 3532 755 3604 possunt
785 3524 962 3586 succedere
993 3522 1056 3585 sibi
1088 3523 1228 3587 invicem
1259 3524 1290 3585 in
1324 3521 1486 3586 infinitum
1515 3520 1543 3583 si

391 3626 530 3689 materia
545 3625 649 3707 magis
669 3646 708 3688 ac
727 3627 832 3709 magis
855 3637 936 3708 apta
959 3637 1184 3709 apponeretur
1202 3628 1234 3689 in
1254 3626 1427 3690 infinitum.
1474 3622 1544 3689 Sed

389 3747 457 3791 non
474 3739 524 3792 est
539 3728 695 3811 possibile
710 3731 800 3810 quod
823 3729 960 3793 materia
975 3729 1050 3792 talis
1072 3730 1254 3793 inveniatur
1273 3731 1306 3792 in
1327 3729 1391 3793 hoc
1407 3730 1545 3803 mundo,

389 3842 424 3895 et
440 3832 514 3897 ideo
529 3832 651 3915 speciei
666 3833 899 3916 multiplicatio
914 3843 981 3898 stat
996 3835 1029 3897 in
1047 3845 1124 3898 actu
1140 3834 1225 3898 sicut
1240 3842 1274 3897 et
1289 3834 1382 3916 ignis.

222 3960 360 4022 Argument
434 3935 470 4001 Si
492 3958 571 4001 vero
594 3938 722 4002 dicatur
745 3940 837 4019 quod
859 3940 987 4020 species
1009 3938 1042 4002 in
1065 3949 1159 4019 parte
1183 3939 1282 4021 priori
1306 3951 1464 4021 generata
1490 3952 1542 4005 est

221 4024 338 4139 {ffieffi
347 4090 369 4139 is
390 4040 538 4123 aequalis
564 4041 617 4105 vel
646 4042 824 4127 multiplex
856 4045 900 4107 ad
930 4044 1074 4127 speciem
1108 4044 1140 4106 in
1171 4044 1344 4126 posteriori
1371 4055 1466 4127 parte
1492 4048 1544 4109 vel

221 4154 343 4218 infinirely
390 4148 572 4210 secundum
588 4148 733 4229 speciem
750 4147 895 4231 aliquam
912 4148 1045 4229 majoris
1061 4148 1314 4231 inaequalitatis,
1331 4170 1410 4233 ergo
1425 4170 1542 4214 secun·

222 4221 344 4271 umsrble.
390 4253 470 4314 dum
485 4251 780 4316 considerationem
796 4251 1010 4317 Aristotelis¹
1028 4256 1059 4316 in
1081 4255 1224 4336 septimo
1246 4253 1472 4335 Physicorum,
1488 4255 1543 4318 ubi

423 4382 432 4411 ¹
448 4383 509 4433 Nat.
527 4383 657 4444 Auscult,
668 4384 712 4435 lib.
724 4386 767 4435 vii.
779 4401 835 4448 cap.
848 4399 871 4447 5,
885 4388 899 4444 l
915 4402 926 4435 1
941 4386 961 4433 el
973 4385 1002 4447 δὴ
1018 4383 1048 4433 τὸ
1059 4388 1105 4447 μὲν
1116 4391 1137 4433 Δ
1153 4384 1183 4433 τὸ
1194 4385 1284 4445 κινοῦν,
1295 4384 1326 4433 τὸ
1339 4382 1365 4434 di
1382 4390 1402 4433 B
1419 4384 1449 4433 τὸ
1467 4386 1547 4435 κιναί-

389 4478 470 4524 perer,
483 4460 542 4510 ὅσον
550 4462 576 4510 tl
588 4462 708 4525 κεκίνηται
720 4464 795 4525 μῆκος
805 4464 835 4511 τὸ
847 4470 873 4527 1',
888 4464 914 4511 ὶν
928 4463 978 4527 ὅσῳ
991 4466 1015 4513 δὲ
1028 4464 1041 4512 ὁ
1053 4464 1140 4528 χρόνος
1152 4463 1190 4529 ἐφ’
1202 4462 1229 4513 οὗ
1241 4472 1271 4512 Δ·
1284 4465 1309 4512 ὲν
1320 4464 1349 4525 δὴ
1360 4465 1396 4526 τῷ
1406 4464 1453 4527 ἴσᾳ
1464 4468 1549 4530 χρόνῳ

388 4538 457 4602 pion
469 4539 593 4602 δύναμιν»)
606 4540 644 4604 ἐφ’
655 4540 684 4591 οὗ
696 4548 717 4590 Α
728 4540 758 4590 τὸ
774 4543 849 4605 ἥμισυ
859 4544 904 4591 τοῦ
915 4548 934 4591 Β
947 4543 1074 4593 διπλασίαν
1090 4544 1133 4604 τῆς
1150 4549 1167 4591 Γ
1178 4542 1279 4605 κινήσει,
1297 4542 1342 4604 τὴν
1354 4542 1380 4592 δὲ
1398 4544 1428 4591 τὸ
1440 4549 1460 4593 Γ
1472 4544 1501 4593 ἐν
1511 4546 1549 4608 τῷ

387 4617 470 4679 ἡμίσει
480 4620 526 4668 τοῦ
537 4626 569 4668 Δ·
581 4619 645 4669 οὕτω
655 4620 706 4684 γὰρ
716 4620 840 4684 ἀνάλογον
852 4622 929 4672 ἔστιν.
965 4622 985 4672 F
986 4630 1096 4685 requent
1108 4623 1241 4673 reference
1254 4623 1276 4673 is
1288 4624 1365 4672 made
1378 4630 1406 4672 to
1418 4624 1471 4674 this
1488 4640 1551 4688 pas—

390 4711 453 4757 sage
464 4699 491 4745 in
504 4698 563 4747 Prut
576 4698 596 4749 1.
607 4700 647 4750 ch.
661 4717 677 4761 4
689 4701 720 4748 os
727 4701 778 4749 this
790 4701 903 4751 treatise.
