3542 5359
559 596 675 653 anns
700 596 885 670 Quium.-
922 597 1010 655 cna
1036 597 1095 656 111.
1338 614 1398 676 539

245 770 409 839 magnam,
423 768 587 839 quatenus
603 769 691 821 retro
707 758 765 821 fiat
780 759 966 823 combustio
981 779 1041 841 per
1056 758 1249 823 fractionem
1266 770 1299 825 et
1316 773 1393 825 ante

245 881 304 944 per
335 861 559 926 reflexionem.
604 860 640 925 Si
673 884 752 926 vero
767 850 817 926 'in
847 865 1003 927 omnibus
1033 864 1085 927 his
1114 864 1397 929 combustionibus

245 968 392 1029 maxime
421 966 606 1048 objiciatur,
629 969 720 1050 quod
745 968 977 1032 combustibile
1003 970 1092 1032 cadit
1122 970 1208 1031 inter
1230 970 1335 1033 solem
1362 980 1396 1033 et

246 1070 428 1151 speculum,
458 1091 560 1152 quare
598 1092 664 1135 non
703 1071 796 1135 fieret
834 1072 980 1147 reflexio,
1014 1094 1075 1135 nec
1113 1074 1307 1149 combusti0,
1337 1095 1397 1138 nec

245 1175 413 1237 radiorum
438 1175 638 1255 incidentia;
672 1177 848 1240 dicendum
879 1187 931 1240 est
954 1179 1046 1259 quod
1073 1178 1304 1241 combustibile
1330 1198 1398 1241 nou

246 1279 369 1342 directe
391 1290 587 1362 apponetur,
606 1282 664 1345 sed
688 1302 708 1343 a
730 1280 833 1344 latere
856 1292 890 1345 et
912 1302 988 1345 cum
1011 1282 1152 1361 cautela,
1166 1302 1267 1364 quam
1291 1283 1397 1345 sciunt

246 1383 574 1465 experimentatoreS,
590 1406 658 1448 non
673 1384 864 1449 cavillantes
880 1387 1055 1471 inexperti.

627 1632 631 1639 '
666 1634 895 1701 Cururuuuu
913 1636 978 1700 111.

289 1788 391 1851 Dicto
413 1789 455 1852 de
477 1788 637 1852 varietate
660 1788 802 1852 actionis
825 1808 927 1871 penes
950 1788 1053 1853 lineas
1077 1800 1111 1852 et
1133 1790 1284 1874 angulos,
1308 1810 1395 1854 nunc
1410 1808 1535 1858 eonesof

244 1892 424 1956 dicendum⁸
452 1902 503 1955 est
533 1912 632 1974 penes
663 1892 795 1975 figuras.
841 1892 887 1954 Et
917 1891 993 1956 licet
1022 1892 1195 1975 sphaerica
1222 1892 1326 1976 figura
1353 1895 1395 1958 sit
1408 1888 1546 1989 {ppappme

245 1997 376 2080 propria
408 1998 528 2061 actioni
558 2018 645 2080 quae
675 2009 726 2062 est
756 2000 828 2079 ipsa
858 1998 978 2080 speciei
1009 1996 1251 2081 multiplicatio,
1283 2010 1394 2063 tamen
1408 2014 1463 2069 part
1475 2006 1503 2054 or
1513 2005 1555 2053 the

243 2102 404 2168 fortitudo
426 2103 566 2166 actionis
593 2104 820 2166 consideratur
845 2121 948 2182 penes
977 2099 1115 2185 figuram
1143 2072 1533 2187 pyramidalem,{¹{{{‘‡1⁰{n

244 2208 339 2289 cujus
365 2208 455 2271 basis
481 2218 532 2271 est
557 2206 748 2289 superficies
777 2206 916 2287 agentis,
944 2215 978 2267 et
1007 2205 1079 2286 ejus
1106 2226 1210 2270 conus
1240 2208 1273 2269 in
1299 2218 1395 2290 parte

245 2312 399 2395 patientis
414 2311 642 2374 determinata.
689 2310 776 2372 Nam
793 2330 853 2391 per
872 2308 959 2373 hanc
980 2308 1119 2391 figuram
1138 2301 1250 2393 potest
1273 2312 1397 2394 species

245 2416 353 2477 venire
377 2436 397 2478 a
423 2414 572 2496 qualibet
599 2424 693 2495 parte
717 2415 847 2495 agentis
874 2413 1006 2494 objecta
1031 2414 1171 2497 patienti
1196 2415 1237 2478 ad
1266 2414 1396 2499 singula

245 2530 367 2603 puncta
383 2520 547 2602 patientis
562 2519 654 2600 quod
670 2539 737 2581 non
752 2520 872 2581 accidit
890 2521 922 2581 in
938 2518 1050 2602 aliqua
1065 2518 1131 2583 alia
1146 2517 1260 2600 figura.
1308 2520 1337 2582 N
1341 2542 1395 2583 am

245 2624 328 2687 radii
352 2624 523 2686 venientes
549 2644 569 2685 a
596 2622 735 2704 singulis
762 2623 912 2706 partibus
935 2626 1064 2707 agentis
1094 2636 1335 2707 congregantur
1361 2627 1394 2687 in

244 2748 366 2791 conum
382 2729 574 2810 pyramidis,
589 2729 646 2809 qui
663 2726 773 2811 figitur
799 2729 832 2790 in
855 2728 969 2810 aliquo
989 2738 1115 2809 puncto
1138 2729 1304 2812 patientis.
1351 2730 1396 2793 Et

244 2833 322 2915 quia
345 2832 493 2895 infinitae
517 2832 709 2915 pyramides
734 2831 819 2895 tales
841 2834 976 2895 veniunt
1002 2832 1046 2894 ab
1077 2833 1193 2895 eadem
1224 2833 1397 2916 superficie

244 2938 382 3020 agentis,
405 2957 546 3019 quarum
571 2938 722 3000 omnium
746 2937 817 3017 ipsa
839 2935 1029 3019 superficies
1056 2937 1145 2999 basis
1167 2946 1227 3008 est,
1251 2938 1326 3001 ideo
1352 2939 1395 3001 ad

245 3042 374 3123 singula
398 3053 520 3126 puncta
544 3042 702 3123 patientis
724 3042 816 3105 venit
838 3062 898 3104 sua
920 3042 1066 3123 pyramis
1090 3042 1228 3116 radiosa,
1250 3052 1286 3105 ut
1308 3044 1396 3106 actio

245 3146 304 3209 fiat
320 3146 497 3229 completa.
543 3147 631 3211 Nam
648 3148 675 3210 si
690 3146 734 3210 ab
748 3167 814 3210 una
829 3156 924 3227 parte
943 3147 1073 3229 agentis
1091 3148 1133 3209 ad
1150 3167 1249 3209 unam
1266 3158 1395 3230 partem

244 3252 400 3334 patientis
426 3251 534 3315 veniat
562 3252 682 3330 radius,
712 3272 779 3313 non
808 3261 922 3333 posset
955 3271 1028 3314 esse
1061 3252 1122 3315 nisi
1153 3272 1246 3327 unus,
1276 3263 1310 3315 et
1341 3252 1396 3317 ille

242 3378 362 3439 parum
389 3367 510 3440 ageret,
534 3366 569 3420 et
593 3357 669 3420 ideo
699 3354 804 3441 elegit
830 3367 949 3419 natura
982 3357 1200 3438 pyramidem,
1227 3368 1263 3420 ut
1294 3358 1326 3419 in
1356 3378 1395 3421 ea

244 3472 424 3545 congreget
439 3482 556 3524 omncs
577 3461 686 3524 radios
707 3462 765 3543 qui
780 3462 918 3525 veniunt
936 3482 957 3523 a
979 3472 1051 3525 tota
1070 3460 1243 3545 superficie
1257 3464 1395 3545 agentis,

244 3577 276 3630 et
293 3564 492 3646 multiplicet
507 3586 564 3628 eos
579 3564 760 3627 secundum
777 3584 950 3628 numerum
966 3566 1110 3647 partium
1127 3567 1290 3649 patientis.

289 3670 335 3734 Et
357 3679 437 3732 tunc
460 3669 735 3732 considerandum
761 3680 812 3731 est
838 3670 929 3750 quod
957 3669 1103 3751 pyramis
1130 3670 1259 3733 brevior
1288 3670 1394 3751 magis
1407 3684 1567 3733 rhenones

243 3784 400 3855 operatur
417 3792 518 3855 quam
533 3773 673 3853 longior,
690 3774 769 3855 quia
789 3793 891 3836 conus
911 3774 1068 3838 brevioris
1090 3775 1272 3859 pyramidis
1292 3776 1392 3840 distat
1405 3750 1565 3878 {fflssssth‘

246 3880 355 3941 minus
366 3879 410 3940 ab
419 3888 549 3960 agente,
561 3888 595 3941 et
612 3876 688 3941 ideo
703 3877 812 3941 minus
826 3878 1020 3942 debilitatur
1033 3881 1137 3942 virtus
1147 3881 1280 3942 veniens
1294 3899 1393 3962 super
1406 3883 1448 3931 the
1460 3882 1551 3931 action.

244 4002 328 4048 eam.
375 3983 429 4044 Ex
456 3981 615 4046 distantia
639 3981 727 4043 enim
754 3982 947 4046 debilitatur
969 3984 1080 4056 virtus,
1108 3994 1141 4046 et
1167 3983 1242 4047 ideo
1265 3986 1393 4065 patiens

242 4089 286 4151 ad
302 4106 405 4169 quem
428 4106 531 4149 conus
548 4087 731 4169 pyramidis
753 4089 914 4153 brevioris
929 4090 1088 4172 pertingit
1103 4090 1210 4171 magis
1224 4090 1392 4154 alteratur.

246 4194 331 4257 Item
362 4212 464 4256 conus
497 4192 680 4274 pyramidis
711 4194 870 4258 brevioris
900 4204 950 4257 est
981 4194 1139 4271 obtusior,
1169 4204 1203 4257 et
1233 4194 1392 4276 majorem

241 4330 347 4393 passing
358 4329 471 4391 through
483 4329 527 4378 the
539 4329 620 4389 iocus,
632 4330 683 4378 and
697 4346 743 4380 ere
759 4332 822 4381 theu
834 4332 925 4380 united
939 4338 966 4380 et
981 4330 1025 4380 the
1041 4332 1118 4393 plane
1130 4331 1160 4380 os
1167 4333 1275 4395 sectiou,
1293 4348 1324 4381 so
1338 4333 1394 4381 that

241 4410 287 4457 the
297 4407 369 4455 iocus
381 4408 403 4455 is
415 4409 459 4457 the
470 4423 542 4458 nme
551 4410 592 4457 sor
601 4410 674 4460 both.
698 4410 723 4457 Α
733 4411 799 4473 light
809 4412 900 4473 placed
911 4418 939 4459 at
950 4412 994 4459 the
1006 4410 1077 4459 iocus
1084 4411 1136 4457 will
1145 4412 1207 4459 theu
1214 4412 1279 4460 send
1289 4412 1394 4474 parallel

241 4506 302 4551 ruys
319 4488 344 4536 in
364 4487 485 4549 opposite
503 4488 650 4537 directions.
685 4488 709 4536 lt
726 4505 785 4550 may
798 4490 831 4537 be
844 4506 861 4537 a
875 4490 970 4538 mirror
983 4489 1013 4537 oi
1022 4490 1074 4537 this
1093 4490 1154 4537 kind
1166 4491 1221 4538 that
1239 4492 1325 4539 Bacon
1342 4491 1394 4539 had

241 4570 321 4619 heard
339 4569 372 4618 οί
410 4570 440 4618 ln
457 4570 509 4618 this
525 4584 593 4630 case,
608 4572 738 4631 however,
751 4572 825 4619 there
836 4571 925 4619 would
939 4571 971 4619 be
987 4588 1021 4620 no
1032 4572 1203 4630 combustion,
1215 4572 1313 4632 though
1326 4572 1394 4632 good

239 4650 421 4699 illuminatiou.
