3542 5359
359 642 421 723 518
635 642 971 703 MULTIPLICATIO
996 640 1250 702 SPECIERUM.

405 806 442 873 Si
457 828 536 872 vero
553 807 682 871 dicatur
701 807 809 871 solum
831 806 1031 871 contrarium
1054 806 1185 877 resistit,
1200 815 1234 868 et
1258 801 1370 867 multis
1393 801 1518 884 specie-

361 914 425 977 bus
441 910 521 975 nihil
539 921 590 975 est
605 913 815 986 contrarium,
829 921 866 974 ut
881 910 1002 994 speciei
1019 909 1100 974 lucis
1116 918 1150 974 et
1166 907 1342 991 cujuslibet
1357 906 1519 981 coelestis,

362 1026 397 1080 et
412 1016 514 1081 colori
535 1025 569 1079 et
590 1016 701 1099 sapori
724 1026 757 1079 et
780 1014 982 1096 hujusmodi,
998 1034 1085 1095 quae
1106 1023 1291 1095 sequuntur
1313 1011 1520 1085 mixtionem,

362 1120 539 1184 dicendum
555 1130 606 1183 est
621 1120 712 1201 quod
726 1119 840 1182 virtuti
855 1118 991 1182 coelesti
1015 1137 1080 1181 non
1101 1127 1153 1181 est
1175 1116 1300 1199 aliquid
1317 1114 1518 1179 contrarium

362 1225 514 1288 absolute
529 1225 711 1288 secundum
726 1242 821 1287 suam
836 1222 1015 1285 essentiam
1028 1243 1036 1299 ;
1066 1220 1198 1284 effectui
1222 1231 1333 1285 tamen
1356 1220 1520 1301 equivoco

363 1328 444 1411 ejus,
459 1327 644 1410 cujusmodi
665 1336 715 1390 est
737 1326 918 1403 rarefactio,
935 1338 985 1389 est
1007 1325 1132 1407 aliquid
1156 1326 1365 1402 contrarium,
1380 1332 1414 1386 et
1430 1323 1521 1385 simi·

363 1431 437 1495 liter
459 1441 511 1495 est
533 1433 575 1495 de
597 1430 863 1507 condensatione,
878 1439 912 1492 et
935 1429 1007 1492 aliis
1030 1440 1081 1493 est
1103 1428 1228 1511 aliquid
1253 1427 1463 1504 contrarium,
1485 1435 1521 1489 et

364 1538 426 1619 ipsi
456 1537 488 1598 in
519 1544 682 1618 quantum
713 1544 763 1598 est
798 1533 942 1598 efficiens
971 1535 1169 1597 contrariam
1204 1532 1453 1616 dispositionem
1486 1530 1520 1593 in

364 1640 512 1713 materia,
527 1650 562 1703 et
583 1639 628 1702 sic
648 1639 691 1701 de
714 1637 825 1702 colore
843 1646 877 1701 et
900 1636 972 1700 aliis
994 1658 1080 1719 quae
1103 1648 1179 1701 sunt
1202 1638 1235 1700 in
1259 1636 1383 1700 mixtis.
1430 1635 1521 1697 Nam

364 1745 482 1807 eodem
504 1745 606 1807 modo
628 1753 680 1805 est
702 1745 744 1806 de
766 1743 825 1819 εἰς,
838 1743 926 1806 sicut
948 1744 990 1806 de
1011 1742 1210 1806 coelestibus
1232 1741 1355 1818 activis,
1370 1751 1405 1805 et
1427 1740 1521 1822 quod

365 1848 439 1931 plus
454 1856 514 1919 est,
529 1848 607 1930 quia
624 1846 656 1909 in
679 1846 742 1909 illis
764 1846 891 1911 relucet
913 1847 1091 1929 vestigium
1112 1846 1354 1911 contrarietatis
1376 1846 1521 1909 elemen-

364 1953 454 2030 taris,
475 1952 554 2033 quia
580 1972 601 2014 a
626 1950 842 2034 qualitatibus
865 1950 1105 2013 elementorum
1133 1951 1306 2014 contrariis
1332 1960 1520 2013 causantur.

365 2057 411 2121 Et
427 2058 502 2122 licet
518 2077 585 2120 uon
600 2055 642 2121 sit
657 2056 690 2120 in
705 2056 902 2121 coelestibus
923 2057 1137 2120 contrarietas
1156 2066 1302 2139 quatuor
1321 2055 1520 2138 qualitatum

365 2162 545 2225 activarum
577 2171 612 2223 et
641 2162 854 2244 passivarum,
881 2171 994 2225 tamen
1024 2160 1068 2223 ibi
1098 2172 1150 2224 est
1178 2161 1393 2224 contrarietas
1421 2178 1522 2241 penes

365 2284 475 2329 rarum
492 2274 526 2327 et
540 2266 679 2329 densum
695 2273 729 2328 et
744 2284 846 2346 penes
862 2262 1009 2326 lucidum
1025 2271 1058 2326 et
1074 2263 1250 2327 obscurum
1266 2272 1300 2327 et
1317 2262 1522 2344 hujusmodi,

365 2370 453 2431 sicut
476 2366 607 2431 inferius
629 2368 813 2432 evidentius
836 2377 1035 2449 exponetur.
1081 2367 1118 2431 Si
1132 2368 1263 2431 dicatur
1278 2368 1368 2449 quod
1386 2366 1523 2429 materia

365 2474 496 2554 appetit
510 2474 664 2555 speciem,
679 2473 758 2555 quia
773 2492 838 2534 non
858 2472 958 2536 estin
980 2470 1225 2553 corruptionem
1242 2473 1301 2535 sed
1323 2472 1355 2535 in
1373 2471 1523 2554 comple-

367 2586 525 2655 mentum,
537 2587 574 2640 ut
585 2577 711 2639 dictum
726 2583 777 2638 est
793 2575 884 2658 prius
895 2572 915 2649 ¹,
926 2594 1028 2656 quare
1041 2595 1107 2637 non
1117 2576 1239 2640 resistit
1251 2599 1259 2652 3
1281 2576 1457 2639 dicendum
1471 2585 1523 2638 est

367 2681 458 2763 quod
487 2680 563 2742 licet
590 2700 664 2742 eam
688 2688 837 2762 appetat,
862 2688 976 2741 tamen
1004 2687 1054 2742 est
1080 2678 1125 2741 ibi
1149 2680 1262 2761 aliqua
1286 2678 1524 2742 transmutatio

369 2783 499 2848 modica
514 2784 599 2847 circa
615 2784 781 2846 raritatem
798 2793 832 2845 et
847 2784 1058 2861 densitatem,
1074 2792 1107 2847 et
1130 2784 1270 2846 densum
1292 2782 1413 2847 resistit
1435 2801 1523 2845 rare·

368 2887 512 2965 factioni,
541 2897 575 2951 et
608 2908 627 2950 e
656 2888 822 2950 contrario
835 2912 844 2966 ;
877 2906 965 2968 quae
995 2896 1108 2950 tamen
1137 2888 1370 2951 transmutatio
1397 2906 1525 2950 recom-

368 3001 526 3075 pensatur
551 2992 583 3054 in
610 2992 728 3054 melius
751 3001 887 3074 propter
912 2992 1158 3075 generationem
1184 2992 1314 3074 speciei,
1337 3009 1525 3074 perquam

367 3095 541 3179 quodlibet
556 3095 690 3159 cuilibet
706 3096 906 3158 assimilatur
927 3097 960 3158 in
980 3105 1098 3158 natura
1120 3106 1255 3179 propter
1276 3096 1525 3179 generationem

368 3201 497 3284 speciei,
527 3219 586 3283 per
614 3219 717 3282 quam
747 3198 922 3282 quodlibet
953 3199 1087 3263 cuilibet
1115 3200 1315 3263 assimilatur
1344 3200 1376 3263 in
1405 3210 1526 3263 natura

370 3314 508 3388 propter
521 3304 664 3368 salutem
680 3305 823 3386 partium
839 3315 873 3367 et
894 3304 997 3367 totius
1006 3303 1162 3367 universi.
1208 3303 1277 3368 Sed
1299 3303 1380 3368 haec
1402 3304 1526 3367 certius

368 3407 679 3471 determinabuntur
708 3407 851 3483 inferius,
875 3408 1008 3490 quando
1034 3409 1077 3473 de
1107 3410 1318 3491 corruptione
1340 3408 1525 3492 specierum

369 3521 485 3595 agetur
495 3510 517 3573 ².

202 3627 258 3676 The
305 3692 310 3704 Ι
413 3614 543 3679 Deinde
566 3616 763 3679 accedamus
784 3616 828 3679 ad
850 3615 1078 3694 debilitatem3
1101 3626 1136 3681 et
1159 3616 1337 3681 dicendum
1360 3627 1411 3683 est
1432 3618 1525 3699 quod

200 3692 350 3822 ffi‘gnss}
368 3717 494 3804 species
523 3720 717 3783 debilitatur
744 3721 850 3803 magis
875 3741 915 3784 ac
940 3722 1045 3805 magis
1073 3721 1106 3784 in
1129 3722 1323 3803 corporibus
1349 3722 1462 3785 mundi
1490 3723 1525 3785 in

200 3826 319 3875 distance
368 3825 488 3908 quibus
512 3823 758 3907 multiplicatur,
777 3837 941 3908 quantum
964 3834 1015 3889 est
1037 3828 1080 3890 de
1103 3835 1222 3891 natura
1244 3826 1527 3910 multiplicationis

368 3930 568 3993 transeuntis
591 3950 677 4013 quae
701 3941 814 3994 manet
838 3930 901 3993 sub
925 3932 1052 3994 ratione
1075 3930 1204 4013 speciei.
1250 3931 1339 3995 Nam
1362 3931 1425 3995 hoc
1448 3932 1527 3995 dico

370 4042 504 4117 propter
532 4034 596 4098 hoc
625 4036 716 4116 quod
743 4036 869 4116 species
896 4035 1074 4116 impeditur
1100 4035 1282 4116 aliquando
1304 4036 1442 4099 transire
1465 4056 1528 4118 per

370 4138 517 4201 medium
548 4138 703 4220 corporis,
727 4147 762 4201 et
790 4140 912 4203 accidit
942 4139 1033 4220 quod
1068 4139 1147 4201 illud
1177 4159 1297 4220 corpus
1327 4150 1443 4203 natum
1475 4148 1529 4204 est

370 4242 514 4326 recipere
537 4243 681 4325 speciem
704 4243 861 4307 continue
883 4254 1075 4325 generatam
1099 4244 1131 4305 in
1155 4263 1203 4321 eo,
1220 4244 1309 4307 unde
1332 4243 1530 4307 fortificatur

368 4346 495 4429 species
510 4356 545 4408 et
560 4344 597 4409 fit
616 4347 752 4411 effectus
774 4348 970 4431 completus,
985 4347 1070 4411 sicut
1092 4348 1211 4411 accidit
1233 4349 1277 4411 de
1300 4348 1371 4411 luce
1392 4346 1470 4411 solis
1492 4348 1528 4411 in

370 4471 506 4533 corpore
537 4451 635 4513 lunae
667 4461 702 4515 et
731 4452 913 4515 stellarum.
970 4452 1016 4516 Et
1048 4453 1174 4535 species
1212 4452 1297 4535 ignis
1335 4451 1532 4517 fortificatus

370 4556 507 4637 quando
523 4556 662 4619 materia
676 4558 827 4634 occurrit,
844 4566 880 4620 ut
896 4558 929 4619 in
946 4558 1178 4621 combustione
1193 4576 1313 4639 magna
1329 4566 1477 4638 apparet,
1493 4568 1531 4622 et

501 4670 511 4700 ¹
528 4674 568 4724 Cf.
580 4689 623 4736 pp.
634 4676 727 4737 417-8.
973 4675 983 4705 ¹
1000 4675 1038 4725 Cl.
1052 4676 1112 4725 Part
1123 4674 1168 4727 Vl.
1181 4676 1210 4725 ol
1218 4676 1271 4726 this
1282 4676 1395 4725 treatise.
