<?xml version="1.0" encoding="UTF-8"?>
<!DOCTYPE html PUBLIC "-//W3C//DTD XHTML 1.0 Transitional//EN"
    "http://www.w3.org/TR/xhtml1/DTD/xhtml1-transitional.dtd">
<html xmlns="http://www.w3.org/1999/xhtml" xml:lang="en" lang="en">
 <head>
  <title>
</title>
<meta http-equiv="Content-Type" content="text/html;charset=utf-8" />
  <meta name='ocr-system' content='tesseract 3.04.00' />
  <meta name='ocr-capabilities' content='ocr_page ocr_carea ocr_par ocr_line ocrx_word'/>
</head>
<body>
  <div class='ocr_page' id='page_1' title='image "./opusmajusrogerb02bridgoog/opusmajusrogerb02bridgoog_0566.png"; bbox 0 0 3542 5359; ppageno 0'>
   <div class='ocr_carea' id='block_1_1' title="bbox 534 598 1368 678">
    <p class='ocr_par' dir='ltr' id='par_1_1' title="bbox 534 598 1368 678">
     <span class='ocr_line' id='line_1_1' title="bbox 534 598 1368 678; baseline -0.002 -20"><span class='ocrx_word' id='word_1_1' title='bbox 534 599 650 659; x_wconf 83' lang='lat' dir='ltr'><em>PARS</em></span> <span class='ocrx_word' id='word_1_2' title='bbox 675 598 841 658; x_wconf 84' lang='lat' dir='ltr'><em>SEXTA:</em></span> <span class='ocrx_word' id='word_1_3' title='bbox 880 598 969 658; x_wconf 83' lang='lat' dir='ltr'><strong><em>CAP.</em></strong></span> <span class='ocrx_word' id='word_1_4' title='bbox 995 600 1056 657; x_wconf 89' lang='lat' dir='ltr'><em>III.</em></span> <span class='ocrx_word' id='word_1_5' title='bbox 1308 616 1368 678; x_wconf 85' lang='lat'>547</span> 
     </span>
    </p>
   </div>
   <div class='ocr_carea' id='block_1_2' title="bbox 197 761 1370 2099">
    <p class='ocr_par' dir='ltr' id='par_1_2' title="bbox 197 761 1370 2099">
     <span class='ocr_line' id='line_1_2' title="bbox 220 761 1367 847; baseline 0.001 -24"><span class='ocrx_word' id='word_1_6' title='bbox 220 763 410 840; x_wconf 85' lang='lat' dir='ltr'>necessaria,</span> <span class='ocrx_word' id='word_1_7' title='bbox 433 773 467 826; x_wconf 92' lang='lat' dir='ltr'>et</span> <span class='ocrx_word' id='word_1_8' title='bbox 494 772 605 827; x_wconf 88' lang='lat' dir='ltr'>tamen</span> <span class='ocrx_word' id='word_1_9' title='bbox 630 763 800 847; x_wconf 86' lang='lat' dir='ltr'>privantur</span> <span class='ocrx_word' id='word_1_10' title='bbox 825 762 951 826; x_wconf 90' lang='lat' dir='ltr'>lumine</span> <span class='ocrx_word' id='word_1_11' title='bbox 974 772 1008 826; x_wconf 91' lang='lat' dir='ltr'>et</span> <span class='ocrx_word' id='word_1_12' title='bbox 1033 762 1232 847; x_wconf 87' lang='lat' dir='ltr'>eclipsantur</span> <span class='ocrx_word' id='word_1_13' title='bbox 1257 761 1367 844; x_wconf 88' lang='lat' dir='ltr'>plures</span> 
     </span>
     <span class='ocr_line' id='line_1_3' title="bbox 220 867 1368 951; baseline 0.003 -24"><span class='ocrx_word' id='word_1_14' title='bbox 220 886 337 940; x_wconf 88' lang='lat' dir='ltr'>earum,</span> <span class='ocrx_word' id='word_1_15' title='bbox 361 876 396 930; x_wconf 91' lang='lat' dir='ltr'>et</span> <span class='ocrx_word' id='word_1_16' title='bbox 421 888 537 931; x_wconf 90' lang='lat' dir='ltr'>omnes</span> <span class='ocrx_word' id='word_1_17' title='bbox 561 876 700 950; x_wconf 89' lang='lat' dir='ltr'><strong>possunt</strong></span> <span class='ocrx_word' id='word_1_18' title='bbox 724 868 882 949; x_wconf 89' lang='lat' dir='ltr'>eclipsari‚</span> <span class='ocrx_word' id='word_1_19' title='bbox 904 867 931 931; x_wconf 89' lang='lat' dir='ltr'>si</span> <span class='ocrx_word' id='word_1_20' title='bbox 954 868 1157 951; x_wconf 84' lang='lat' dir='ltr'>contingeret</span> <span class='ocrx_word' id='word_1_21' title='bbox 1180 888 1235 931; x_wconf 86' lang='lat' dir='ltr'>eas</span> <span class='ocrx_word' id='word_1_22' title='bbox 1257 886 1368 931; x_wconf 85' lang='lat' dir='ltr'>carere</span> 
     </span>
     <span class='ocr_line' id='line_1_4' title="bbox 220 970 1368 1054; baseline 0 -19"><span class='ocrx_word' id='word_1_23' title='bbox 220 972 315 1035; x_wconf 91' lang='lat' dir='ltr'>radiis</span> <span class='ocrx_word' id='word_1_24' title='bbox 330 970 498 1049; x_wconf 89' lang='lat' dir='ltr'>solaribus,</span> <span class='ocrx_word' id='word_1_25' title='bbox 514 972 598 1035; x_wconf 90' lang='lat' dir='ltr'>sieut</span> <span class='ocrx_word' id='word_1_26' title='bbox 616 982 666 1035; x_wconf 89' lang='lat' dir='ltr'>est</span> <span class='ocrx_word' id='word_1_27' title='bbox 682 972 726 1036; x_wconf 92' lang='lat' dir='ltr'>de</span> <span class='ocrx_word' id='word_1_28' title='bbox 743 971 841 1046; x_wconf 80' lang='lat' dir='ltr'>luna3</span> <span class='ocrx_word' id='word_1_29' title='bbox 864 973 1043 1035; x_wconf 91' lang='lat' dir='ltr'>dicendum</span> <span class='ocrx_word' id='word_1_30' title='bbox 1063 974 1153 1054; x_wconf 93' lang='lat' dir='ltr'>quod</span> <span class='ocrx_word' id='word_1_31' title='bbox 1174 991 1241 1034; x_wconf 92' lang='lat' dir='ltr'>non</span> <span class='ocrx_word' id='word_1_32' title='bbox 1259 973 1368 1035; x_wconf 91' lang='lat' dir='ltr'>omnis</span> 
     </span>
     <span class='ocr_line' id='line_1_5' title="bbox 197 1076 1368 1159; baseline 0 -20"><span class='ocrx_word' id='word_1_33' title='bbox 197 1077 362 1139; x_wconf 88' lang='lat' dir='ltr'>-densitas</span> <span class='ocrx_word' id='word_1_34' title='bbox 384 1077 462 1140; x_wconf 87' lang='lat' dir='ltr'>lacit</span> <span class='ocrx_word' id='word_1_35' title='bbox 484 1077 527 1139; x_wconf 91' lang='lat' dir='ltr'>ad</span> <span class='ocrx_word' id='word_1_36' title='bbox 547 1097 778 1159; x_wconf 91' lang='lat' dir='ltr'>quamcunque</span> <span class='ocrx_word' id='word_1_37' title='bbox 800 1078 944 1158; x_wconf 91' lang='lat' dir='ltr'>speciem</span> <span class='ocrx_word' id='word_1_38' title='bbox 964 1079 1232 1141; x_wconf 89' lang='lat' dir='ltr'>conservandam.</span> <span class='ocrx_word' id='word_1_39' title='bbox 1277 1076 1368 1139; x_wconf 91' lang='lat' dir='ltr'>Den-</span> 
     </span>
     <span class='ocr_line' id='line_1_6' title="bbox 219 1180 1368 1245; baseline 0.002 -2"><span class='ocrx_word' id='word_1_40' title='bbox 219 1180 295 1243; x_wconf 84' lang='lat' dir='ltr'>sitas</span> <span class='ocrx_word' id='word_1_41' title='bbox 315 1190 428 1243; x_wconf 91' lang='lat' dir='ltr'>tamen</span> <span class='ocrx_word' id='word_1_42' title='bbox 448 1181 611 1245; x_wconf 89' lang='lat' dir='ltr'>terrestris</span> <span class='ocrx_word' id='word_1_43' title='bbox 633 1181 774 1244; x_wconf 93' lang='lat' dir='ltr'>multum</span> <span class='ocrx_word' id='word_1_44' title='bbox 789 1180 866 1244; x_wconf 89' lang='lat' dir='ltr'>lacit</span> <span class='ocrx_word' id='word_1_45' title='bbox 880 1182 923 1244; x_wconf 92' lang='lat' dir='ltr'>ad</span> <span class='ocrx_word' id='word_1_46' title='bbox 940 1182 1225 1245; x_wconf 84' lang='lat' dir='ltr'>conservationem</span> <span class='ocrx_word' id='word_1_47' title='bbox 1242 1180 1368 1245; x_wconf 80' lang='lat' dir='ltr'>caloris</span> 
     </span>
     <span class='ocr_line' id='line_1_7' title="bbox 221 1282 1368 1366; baseline 0.002 -20"><span class='ocrx_word' id='word_1_48' title='bbox 221 1282 349 1347; x_wconf 89' lang='lat' dir='ltr'>Siccum</span> <span class='ocrx_word' id='word_1_49' title='bbox 379 1287 466 1348; x_wconf 89' lang='lat' dir='ltr'>enim</span> <span class='ocrx_word' id='word_1_50' title='bbox 495 1295 649 1349; x_wconf 88' lang='lat' dir='ltr'>terrestre</span> <span class='ocrx_word' id='word_1_51' title='bbox 677 1296 728 1349; x_wconf 92' lang='lat' dir='ltr'>est</span> <span class='ocrx_word' id='word_1_52' title='bbox 754 1286 995 1362; x_wconf 90' lang='lat' dir='ltr'>combustibile,</span> <span class='ocrx_word' id='word_1_53' title='bbox 1025 1296 1059 1350; x_wconf 93' lang='lat' dir='ltr'>et</span> <span class='ocrx_word' id='word_1_54' title='bbox 1082 1306 1181 1349; x_wconf 90' lang='lat' dir='ltr'>causa</span> <span class='ocrx_word' id='word_1_55' title='bbox 1211 1295 1261 1349; x_wconf 86' lang='lat' dir='ltr'>est</span> <span class='ocrx_word' id='word_1_56' title='bbox 1291 1284 1368 1366; x_wconf 89' lang='lat' dir='ltr'>quia</span> 
     </span>
     <span class='ocr_line' id='line_1_8' title="bbox 219 1388 1367 1472; baseline 0.001 -22"><span class='ocrx_word' id='word_1_57' title='bbox 219 1388 347 1452; x_wconf 83' lang='lat' dir='ltr'>siccitas</span> <span class='ocrx_word' id='word_1_58' title='bbox 376 1390 520 1471; x_wconf 85' lang='lat' dir='ltr'>exigitur</span> <span class='ocrx_word' id='word_1_59' title='bbox 549 1389 592 1452; x_wconf 87' lang='lat' dir='ltr'>ad</span> <span class='ocrx_word' id='word_1_60' title='bbox 622 1390 841 1472; x_wconf 84' lang='lat' dir='ltr'><strong>aptitudinem</strong></span> <span class='ocrx_word' id='word_1_61' title='bbox 865 1389 990 1466; x_wconf 88' lang='lat' dir='ltr'>caloris,</span> <span class='ocrx_word' id='word_1_62' title='bbox 1016 1391 1075 1453; x_wconf 92' lang='lat' dir='ltr'>sed</span> <span class='ocrx_word' id='word_1_63' title='bbox 1100 1390 1141 1453; x_wconf 89' lang='lat' dir='ltr'>ad</span> <span class='ocrx_word' id='word_1_64' title='bbox 1166 1388 1367 1453; x_wconf 85' lang='lat' dir='ltr'>caliditatem</span> 
     </span>
     <span class='ocr_line' id='line_1_9' title="bbox 219 1493 1368 1576; baseline 0.001 -22"><span class='ocrx_word' id='word_1_65' title='bbox 219 1494 362 1575; x_wconf 85' lang='lat' dir='ltr'>exigitur</span> <span class='ocrx_word' id='word_1_66' title='bbox 377 1494 506 1557; x_wconf 86' lang='lat' dir='ltr'>siccitas</span> <span class='ocrx_word' id='word_1_67' title='bbox 521 1514 596 1557; x_wconf 90' lang='lat' dir='ltr'>cum</span> <span class='ocrx_word' id='word_1_68' title='bbox 612 1494 774 1557; x_wconf 90' lang='lat' dir='ltr'>densitate</span> <span class='ocrx_word' id='word_1_69' title='bbox 790 1493 990 1573; x_wconf 86' lang='lat' dir='ltr'>elementari,</span> <span class='ocrx_word' id='word_1_70' title='bbox 1005 1514 1107 1576; x_wconf 84' lang='lat' dir='ltr'>quare</span> <span class='ocrx_word' id='word_1_71' title='bbox 1123 1495 1191 1558; x_wconf 89' lang='lat' dir='ltr'>duo</span> <span class='ocrx_word' id='word_1_72' title='bbox 1207 1513 1273 1557; x_wconf 90' lang='lat' dir='ltr'>non</span> <span class='ocrx_word' id='word_1_73' title='bbox 1289 1503 1368 1556; x_wconf 90' lang='lat' dir='ltr'>sunt</span> 
     </span>
     <span class='ocr_line' id='line_1_10' title="bbox 220 1596 1368 1681; baseline 0.002 -22"><span class='ocrx_word' id='word_1_74' title='bbox 220 1597 278 1659; x_wconf 92' lang='lat' dir='ltr'>nisi</span> <span class='ocrx_word' id='word_1_75' title='bbox 293 1596 325 1659; x_wconf 94' lang='lat' dir='ltr'>in</span> <span class='ocrx_word' id='word_1_76' title='bbox 342 1598 479 1660; x_wconf 90' lang='lat' dir='ltr'>materia</span> <span class='ocrx_word' id='word_1_77' title='bbox 494 1599 646 1661; x_wconf 85' lang='lat' dir='ltr'>terrestri.</span> <span class='ocrx_word' id='word_1_78' title='bbox 681 1598 820 1680; x_wconf 88' lang='lat' dir='ltr'>Propter</span> <span class='ocrx_word' id='word_1_79' title='bbox 827 1601 919 1679; x_wconf 89' lang='lat' dir='ltr'>quod</span> <span class='ocrx_word' id='word_1_80' title='bbox 930 1598 1203 1681; x_wconf 88' lang='lat' dir='ltr'>Averroessuper</span> <span class='ocrx_word' id='word_1_81' title='bbox 1214 1596 1368 1679; x_wconf 87' lang='lat' dir='ltr'>quartu&#39;m</span> 
     </span>
     <span class='ocr_line' id='line_1_11' title="bbox 220 1699 1370 1786; baseline 0 -22"><span class='ocrx_word' id='word_1_82' title='bbox 220 1699 310 1764; x_wconf 88' lang='lat' dir='ltr'>Coeli</span> <span class='ocrx_word' id='word_1_83' title='bbox 322 1710 356 1763; x_wconf 91' lang='lat' dir='ltr'>et</span> <span class='ocrx_word' id='word_1_84' title='bbox 369 1701 497 1778; x_wconf 90' lang='lat' dir='ltr'>Mundi,</span> <span class='ocrx_word' id='word_1_85' title='bbox 509 1711 543 1764; x_wconf 92' lang='lat' dir='ltr'>et</span> <span class='ocrx_word' id='word_1_86' title='bbox 559 1701 613 1765; x_wconf 91' lang='lat' dir='ltr'>alii</span> <span class='ocrx_word' id='word_1_87' title='bbox 630 1701 749 1786; x_wconf 91' lang='lat' dir='ltr'>plures,</span> <span class='ocrx_word' id='word_1_88' title='bbox 760 1704 876 1766; x_wconf 90' lang='lat' dir='ltr'>volunt</span> <span class='ocrx_word' id='word_1_89' title='bbox 892 1706 980 1784; x_wconf 93' lang='lat' dir='ltr'>quod</span> <span class='ocrx_word' id='word_1_90' title='bbox 997 1703 1081 1785; x_wconf 79' lang='lat' dir='ltr'>ignis</span> <span class='ocrx_word' id='word_1_91' title='bbox 1095 1702 1139 1766; x_wconf 88' lang='lat' dir='ltr'>de</span> <span class='ocrx_word' id='word_1_92' title='bbox 1153 1723 1211 1766; x_wconf 88' lang='lat' dir='ltr'>sua</span> <span class='ocrx_word' id='word_1_93' title='bbox 1226 1702 1370 1765; x_wconf 87' lang='lat' dir='ltr'>essentia</span> 
     </span>
     <span class='ocr_line' id='line_1_12' title="bbox 219 1803 1369 1890; baseline -0.001 -21"><span class='ocrx_word' id='word_1_94' title='bbox 219 1803 420 1869; x_wconf 88' lang='lat' dir='ltr'>caliditatem</span> <span class='ocrx_word' id='word_1_95' title='bbox 443 1826 509 1869; x_wconf 93' lang='lat' dir='ltr'>non</span> <span class='ocrx_word' id='word_1_96' title='bbox 531 1806 663 1881; x_wconf 87' lang='lat' dir='ltr'>habeat,</span> <span class='ocrx_word' id='word_1_97' title='bbox 680 1827 740 1871; x_wconf 89' lang='lat' dir='ltr'>nec</span> <span class='ocrx_word' id='word_1_98' title='bbox 763 1808 795 1870; x_wconf 92' lang='lat' dir='ltr'>in</span> <span class='ocrx_word' id='word_1_99' title='bbox 818 1829 877 1871; x_wconf 91' lang='lat' dir='ltr'>sua</span> <span class='ocrx_word' id='word_1_100' title='bbox 900 1808 1051 1890; x_wconf 89' lang='lat' dir='ltr'>sphaera,</span> <span class='ocrx_word' id='word_1_101' title='bbox 1066 1808 1124 1871; x_wconf 91' lang='lat' dir='ltr'>sed</span> <span class='ocrx_word' id='word_1_102' title='bbox 1148 1807 1369 1890; x_wconf 87' lang='lat' dir='ltr'>aptitudinem</span> 
     </span>
     <span class='ocr_line' id='line_1_13' title="bbox 218 1909 1370 1995; baseline 0.002 -23"><span class='ocrx_word' id='word_1_103' title='bbox 218 1909 321 1974; x_wconf 89' lang='lat' dir='ltr'>solam</span> <span class='ocrx_word' id='word_1_104' title='bbox 345 1921 481 1993; x_wconf 86' lang='lat' dir='ltr'>propter</span> <span class='ocrx_word' id='word_1_105' title='bbox 500 1912 693 1985; x_wconf 89' lang='lat' dir='ltr'>siccitatem,</span> <span class='ocrx_word' id='word_1_106' title='bbox 709 1933 795 1994; x_wconf 89' lang='lat' dir='ltr'>quae</span> <span class='ocrx_word' id='word_1_107' title='bbox 818 1913 972 1995; x_wconf 91' lang='lat' dir='ltr'>aptitudo</span> <span class='ocrx_word' id='word_1_108' title='bbox 994 1915 1037 1978; x_wconf 93' lang='lat' dir='ltr'>ad</span> <span class='ocrx_word' id='word_1_109' title='bbox 1059 1923 1171 1976; x_wconf 91' lang='lat' dir='ltr'>actum</span> <span class='ocrx_word' id='word_1_110' title='bbox 1195 1912 1370 1989; x_wconf 91' lang='lat' dir='ltr'>reducitur,</span> 
     </span>
     <span class='ocr_line' id='line_1_14' title="bbox 218 2015 1103 2099; baseline 0.002 -22"><span class='ocrx_word' id='word_1_111' title='bbox 218 2015 352 2097; x_wconf 88' lang='lat' dir='ltr'>quando</span> <span class='ocrx_word' id='word_1_112' title='bbox 367 2016 496 2079; x_wconf 88' lang='lat' dir='ltr'>siccitas</span> <span class='ocrx_word' id='word_1_113' title='bbox 508 2015 659 2099; x_wconf 84' lang='lat' dir='ltr'>jungitur</span> <span class='ocrx_word' id='word_1_114' title='bbox 673 2036 748 2081; x_wconf 93' lang='lat' dir='ltr'>cum</span> <span class='ocrx_word' id='word_1_115' title='bbox 764 2017 928 2081; x_wconf 90' lang='lat' dir='ltr'>densitate</span> <span class='ocrx_word' id='word_1_116' title='bbox 946 2016 1103 2080; x_wconf 88' lang='lat' dir='ltr'>terrestri.</span> 
     </span>
    </p>
   </div>
   <div class='ocr_carea' id='block_1_3' title="bbox 635 2300 953 2365">
    <p class='ocr_par' dir='ltr' id='par_1_3' title="bbox 635 2300 953 2365">
     <span class='ocr_line' id='line_1_15' title="bbox 635 2300 953 2365; baseline -0.006 0"><span class='ocrx_word' id='word_1_117' title='bbox 635 2300 862 2365; x_wconf 74' lang='lat' dir='ltr'>Carrrunuu</span> <span class='ocrx_word' id='word_1_118' title='bbox 889 2300 953 2364; x_wconf 93' lang='lat'><em>111.</em></span> 
     </span>
    </p>
   </div>
   <div class='ocr_carea' id='block_1_4' title="bbox 217 2454 1503 2644">
    <p class='ocr_par' dir='ltr' id='par_1_4' title="bbox 217 2454 1503 2644">
     <span class='ocr_line' id='line_1_16' title="bbox 262 2454 1503 2539; baseline -0.002 -22"><span class='ocrx_word' id='word_1_119' title='bbox 262 2454 392 2520; x_wconf 90' lang='lat' dir='ltr'>Deinde</span> <span class='ocrx_word' id='word_1_120' title='bbox 420 2456 520 2521; x_wconf 89' lang='lat' dir='ltr'>tertio</span> <span class='ocrx_word' id='word_1_121' title='bbox 549 2457 824 2520; x_wconf 88' lang='lat' dir='ltr'>considerandum</span> <span class='ocrx_word' id='word_1_122' title='bbox 857 2467 908 2521; x_wconf 90' lang='lat' dir='ltr'>est</span> <span class='ocrx_word' id='word_1_123' title='bbox 934 2456 1023 2538; x_wconf 93' lang='lat' dir='ltr'>quod</span> <span class='ocrx_word' id='word_1_124' title='bbox 1050 2476 1124 2521; x_wconf 90' lang='lat' dir='ltr'>cum</span> <span class='ocrx_word' id='word_1_125' title='bbox 1151 2456 1240 2519; x_wconf 89' lang='lat' dir='ltr'>idem</span> <span class='ocrx_word' id='word_1_126' title='bbox 1266 2475 1368 2539; x_wconf 89' lang='lat' dir='ltr'>agens</span> <span class='ocrx_word' id='word_1_127' title='bbox 1382 2464 1438 2516; x_wconf 82' lang='lat' dir='ltr'>The</span> <span class='ocrx_word' id='word_1_128' title='bbox 1449 2480 1503 2516; x_wconf 82' lang='lat' dir='ltr'>sne-</span> 
     </span>
     <span class='ocr_line' id='line_1_17' title="bbox 217 2558 1368 2644; baseline 0.003 -25"><span class='ocrx_word' id='word_1_129' title='bbox 217 2558 333 2621; x_wconf 87' lang='lat' dir='ltr'>itenrm</span> <span class='ocrx_word' id='word_1_130' title='bbox 351 2561 465 2624; x_wconf 87' lang='lat' dir='ltr'>redeat</span> <span class='ocrx_word' id='word_1_131' title='bbox 484 2581 582 2644; x_wconf 88' lang='lat' dir='ltr'>super</span> <span class='ocrx_word' id='word_1_132' title='bbox 596 2561 736 2624; x_wconf 90' lang='lat' dir='ltr'>eandem</span> <span class='ocrx_word' id='word_1_133' title='bbox 752 2572 903 2624; x_wconf 88' lang='lat' dir='ltr'>naturam</span> <span class='ocrx_word' id='word_1_134' title='bbox 921 2560 1081 2642; x_wconf 88' lang='lat' dir='ltr'>patientis,</span> <span class='ocrx_word' id='word_1_135' title='bbox 1091 2559 1168 2625; x_wconf 85' lang='lat' dir='ltr'>facit</span> <span class='ocrx_word' id='word_1_136' title='bbox 1183 2560 1368 2643; x_wconf 89' lang='lat' dir='ltr'>impressio-</span> 
     </span>
    </p>
   </div>
   <div class='ocr_carea' id='block_1_5' title="bbox 214 2533 1540 4205">
    <p class='ocr_par' dir='ltr' id='par_1_5' title="bbox 217 2533 1540 3373">
     <span class='ocr_line' id='line_1_18' title="bbox 1381 2533 1539 2595; baseline -0.013 -12"><span class='ocrx_word' id='word_1_137' title='bbox 1381 2533 1539 2595; x_wconf 76' lang='lat' dir='ltr'>oeseirepro·</span> 
     </span>
     <span class='ocr_line' id='line_1_19' title="bbox 1381 2599 1513 2663; baseline -0.008 -16"><span class='ocrx_word' id='word_1_138' title='bbox 1381 2599 1513 2663; x_wconf 80' lang='lat' dir='ltr'>pagations</span> 
     </span>
     <span class='ocr_line' id='line_1_20' title="bbox 218 2664 1539 2747; baseline 0.001 -23"><span class='ocrx_word' id='word_1_139' title='bbox 218 2683 294 2725; x_wconf 94' lang='lat' dir='ltr'>nem</span> <span class='ocrx_word' id='word_1_140' title='bbox 310 2684 367 2727; x_wconf 92' lang='lat' dir='ltr'>seu</span> <span class='ocrx_word' id='word_1_141' title='bbox 383 2664 525 2747; x_wconf 91' lang='lat' dir='ltr'>speciem</span> <span class='ocrx_word' id='word_1_142' title='bbox 543 2666 703 2729; x_wconf 88' lang='lat' dir='ltr'>diversam</span> <span class='ocrx_word' id='word_1_143' title='bbox 715 2685 852 2727; x_wconf 90' lang='lat' dir='ltr'>numero</span> <span class='ocrx_word' id='word_1_144' title='bbox 868 2686 888 2727; x_wconf 92' lang='lat' dir='ltr'>a</span> <span class='ocrx_word' id='word_1_145' title='bbox 903 2664 1018 2747; x_wconf 88' lang='lat' dir='ltr'>priore,</span> <span class='ocrx_word' id='word_1_146' title='bbox 1029 2684 1115 2746; x_wconf 91' lang='lat' dir='ltr'>quae</span> <span class='ocrx_word' id='word_1_147' title='bbox 1126 2664 1196 2745; x_wconf 88' lang='lat' dir='ltr'>jam</span> <span class='ocrx_word' id='word_1_148' title='bbox 1213 2674 1367 2747; x_wconf 87' lang='lat' dir='ltr'>corrupta</span> <span class='ocrx_word' id='word_1_149' title='bbox 1381 2664 1410 2713; x_wconf 79' lang='lat' dir='ltr'>of</span> <span class='ocrx_word' id='word_1_150' title='bbox 1419 2664 1485 2713; x_wconf 69' lang='lat' dir='ltr'>torae</span> <span class='ocrx_word' id='word_1_151' title='bbox 1497 2680 1539 2712; x_wconf 67' lang='lat' dir='ltr'>are</span> 
     </span>
     <span class='ocr_line' id='line_1_21' title="bbox 218 2730 1514 2860; baseline 0.002 -30"><span class='ocrx_word' id='word_1_152' title='bbox 218 2778 279 2844; x_wconf 87' lang='lat' dir='ltr'>est,</span> <span class='ocrx_word' id='word_1_153' title='bbox 295 2770 373 2850; x_wconf 92' lang='lat' dir='ltr'>quia</span> <span class='ocrx_word' id='word_1_154' title='bbox 389 2770 476 2831; x_wconf 91' lang='lat' dir='ltr'>actio</span> <span class='ocrx_word' id='word_1_155' title='bbox 491 2769 556 2832; x_wconf 90' lang='lat' dir='ltr'>alia</span> <span class='ocrx_word' id='word_1_156' title='bbox 572 2779 604 2832; x_wconf 91' lang='lat' dir='ltr'>et</span> <span class='ocrx_word' id='word_1_157' title='bbox 620 2767 684 2831; x_wconf 88' lang='lat' dir='ltr'>alia</span> <span class='ocrx_word' id='word_1_158' title='bbox 698 2780 749 2833; x_wconf 90' lang='lat' dir='ltr'>est</span> <span class='ocrx_word' id='word_1_159' title='bbox 765 2790 911 2848; x_wconf 91' lang='lat' dir='ltr'>numero,</span> <span class='ocrx_word' id='word_1_160' title='bbox 924 2780 957 2833; x_wconf 93' lang='lat' dir='ltr'>et</span> <span class='ocrx_word' id='word_1_161' title='bbox 974 2770 1049 2833; x_wconf 91' lang='lat' dir='ltr'>ideo</span> <span class='ocrx_word' id='word_1_162' title='bbox 1064 2768 1201 2833; x_wconf 85' lang='lat' dir='ltr'>effectus</span> <span class='ocrx_word' id='word_1_163' title='bbox 1217 2789 1368 2832; x_wconf 87' lang='lat' dir='ltr'>numera·</span> <span class='ocrx_word' id='word_1_164' title='bbox 1380 2730 1514 2860; x_wconf 54' lang='lat' dir='ltr'><strong>ffidoe&#39;„</strong></span> 
     </span>
     <span class='ocr_line' id='line_1_22' title="bbox 217 2860 1504 2977; baseline 0.002 -44"><span class='ocrx_word' id='word_1_165' title='bbox 217 2882 272 2933; x_wconf 91' lang='lat' dir='ltr'>tur</span> <span class='ocrx_word' id='word_1_166' title='bbox 283 2872 303 2935; x_wconf 89' lang='lat'>¹.</span> <span class='ocrx_word' id='word_1_167' title='bbox 349 2872 386 2936; x_wconf 90' lang='lat' dir='ltr'>Si</span> <span class='ocrx_word' id='word_1_168' title='bbox 402 2874 539 2945; x_wconf 89' lang='lat' dir='ltr'>dicatur,</span> <span class='ocrx_word' id='word_1_169' title='bbox 554 2874 644 2954; x_wconf 91' lang='lat' dir='ltr'>quod</span> <span class='ocrx_word' id='word_1_170' title='bbox 660 2873 748 2935; x_wconf 92' lang='lat' dir='ltr'>idem</span> <span class='ocrx_word' id='word_1_171' title='bbox 765 2891 901 2935; x_wconf 88' lang='lat' dir='ltr'>manens</span> <span class='ocrx_word' id='word_1_172' title='bbox 919 2871 1007 2936; x_wconf 82' lang='lat' dir='ltr'>idern</span> <span class='ocrx_word' id='word_1_173' title='bbox 1029 2893 1159 2954; x_wconf 89' lang='lat' dir='ltr'>semper</span> <span class='ocrx_word' id='word_1_174' title='bbox 1182 2886 1295 2936; x_wconf 89' lang='lat' dir='ltr'>natum</span> <span class='ocrx_word' id='word_1_175' title='bbox 1319 2881 1369 2936; x_wconf 85' lang='lat' dir='ltr'>est</span> <span class='ocrx_word' id='word_1_176' title='bbox 1382 2860 1504 2977; x_wconf 45' lang='lat' dir='ltr'>ffissl&#39;gtjg·</span> 
     </span>
     <span class='ocr_line' id='line_1_23' title="bbox 218 2943 1500 3067; baseline 0.003 -29"><span class='ocrx_word' id='word_1_177' title='bbox 218 2977 328 3038; x_wconf 84' lang='lat' dir='ltr'>lacere</span> <span class='ocrx_word' id='word_1_178' title='bbox 339 2977 436 3052; x_wconf 87' lang='lat' dir='ltr'>idem,</span> <span class='ocrx_word' id='word_1_179' title='bbox 448 2985 484 3039; x_wconf 94' lang='lat' dir='ltr'>ut</span> <span class='ocrx_word' id='word_1_180' title='bbox 497 2977 576 3040; x_wconf 93' lang='lat' dir='ltr'>dicit</span> <span class='ocrx_word' id='word_1_181' title='bbox 587 2975 787 3039; x_wconf 89' lang='lat' dir='ltr'>Aristoteles</span> <span class='ocrx_word' id='word_1_182' title='bbox 798 2976 945 3039; x_wconf 91' lang='lat' dir='ltr'>secundo</span> <span class='ocrx_word' id='word_1_183' title='bbox 958 2978 1000 3040; x_wconf 92' lang='lat' dir='ltr'>de</span> <span class='ocrx_word' id='word_1_184' title='bbox 1011 2975 1238 3050; x_wconf 84' lang='lat' dir='ltr'>Generatione‚</span> <span class='ocrx_word' id='word_1_185' title='bbox 1250 2987 1283 3040; x_wconf 93' lang='lat' dir='ltr'>et</span> <span class='ocrx_word' id='word_1_186' title='bbox 1293 2976 1369 3039; x_wconf 93' lang='lat' dir='ltr'>ideo</span> <span class='ocrx_word' id='word_1_187' title='bbox 1382 2943 1452 3041; x_wconf 73' lang='lat' dir='ltr'>iindt.</span> <span class='ocrx_word' id='word_1_188' title='bbox 1494 3056 1500 3067; x_wconf 37' lang='lat'><strong>·</strong></span> 
     </span>
     <span class='ocr_line' id='line_1_24' title="bbox 217 3058 1540 3173; baseline -0.002 -30"><span class='ocrx_word' id='word_1_189' title='bbox 217 3082 356 3143; x_wconf 89' lang='lat' dir='ltr'>eandem</span> <span class='ocrx_word' id='word_1_190' title='bbox 373 3081 469 3144; x_wconf 84' lang='lat' dir='ltr'>saciet</span> <span class='ocrx_word' id='word_1_191' title='bbox 487 3081 651 3144; x_wconf 91' lang='lat' dir='ltr'>actionem</span> <span class='ocrx_word' id='word_1_192' title='bbox 673 3091 706 3143; x_wconf 91' lang='lat' dir='ltr'>et</span> <span class='ocrx_word' id='word_1_193' title='bbox 727 3101 787 3163; x_wconf 88' lang='lat' dir='ltr'>per</span> <span class='ocrx_word' id='word_1_194' title='bbox 803 3099 1008 3162; x_wconf 89' lang='lat' dir='ltr'>consequens</span> <span class='ocrx_word' id='word_1_195' title='bbox 1031 3081 1172 3143; x_wconf 89' lang='lat' dir='ltr'>eundern</span> <span class='ocrx_word' id='word_1_196' title='bbox 1195 3079 1349 3144; x_wconf 80' lang='lat' dir='ltr'>ellectum</span> <span class='ocrx_word' id='word_1_197' title='bbox 1362 3104 1370 3156; x_wconf 90' lang='lat'>;</span> <span class='ocrx_word' id='word_1_198' title='bbox 1383 3058 1540 3173; x_wconf 48' lang='lat' dir='ltr'>ffiffl‘*</span> 
     </span>
     <span class='ocr_line' id='line_1_25' title="bbox 217 3184 1463 3268; baseline -0.002 -19"><span class='ocrx_word' id='word_1_199' title='bbox 217 3187 395 3249; x_wconf 91' lang='lat' dir='ltr'>dicendum</span> <span class='ocrx_word' id='word_1_200' title='bbox 418 3186 577 3266; x_wconf 84' lang='lat' dir='ltr'>estquod</span> <span class='ocrx_word' id='word_1_201' title='bbox 601 3186 671 3268; x_wconf 90' lang='lat' dir='ltr'>ipse</span> <span class='ocrx_word' id='word_1_202' title='bbox 694 3185 776 3247; x_wconf 92' lang='lat' dir='ltr'>dicit</span> <span class='ocrx_word' id='word_1_203' title='bbox 797 3185 915 3267; x_wconf 90' lang='lat' dir='ltr'>quinto</span> <span class='ocrx_word' id='word_1_204' title='bbox 938 3184 1163 3265; x_wconf 84' lang='lat' dir='ltr'>Physicorum,</span> <span class='ocrx_word' id='word_1_205' title='bbox 1177 3185 1267 3267; x_wconf 91' lang='lat' dir='ltr'>quod</span> <span class='ocrx_word' id='word_1_206' title='bbox 1284 3185 1370 3249; x_wconf 91' lang='lat' dir='ltr'>actio</span> <span class='ocrx_word' id='word_1_207' title='bbox 1384 3190 1463 3255; x_wconf 83' lang='lat' dir='ltr'>reply·</span> 
     </span>
     <span class='ocr_line' id='line_1_26' title="bbox 217 3289 1371 3373; baseline 0 -20"><span class='ocrx_word' id='word_1_208' title='bbox 217 3300 410 3353; x_wconf 87' lang='lat' dir='ltr'>numeratur</span> <span class='ocrx_word' id='word_1_209' title='bbox 432 3289 593 3371; x_wconf 88' lang='lat' dir='ltr'>subjecto,</span> <span class='ocrx_word' id='word_1_210' title='bbox 606 3291 717 3371; x_wconf 87' lang='lat' dir='ltr'>specie</span> <span class='ocrx_word' id='word_1_211' title='bbox 739 3298 772 3352; x_wconf 90' lang='lat' dir='ltr'>et</span> <span class='ocrx_word' id='word_1_212' title='bbox 795 3298 955 3370; x_wconf 88' lang='lat' dir='ltr'>tempore,</span> <span class='ocrx_word' id='word_1_213' title='bbox 973 3300 1007 3352; x_wconf 91' lang='lat' dir='ltr'>et</span> <span class='ocrx_word' id='word_1_214' title='bbox 1030 3289 1104 3354; x_wconf 92' lang='lat' dir='ltr'>ideo</span> <span class='ocrx_word' id='word_1_215' title='bbox 1127 3298 1260 3373; x_wconf 85' lang='lat' dir='ltr'>oportet</span> <span class='ocrx_word' id='word_1_216' title='bbox 1281 3290 1371 3371; x_wconf 92' lang='lat' dir='ltr'>quod</span> 
     </span>
    </p>

    <p class='ocr_par' dir='ltr' id='par_1_6' title="bbox 216 3391 1371 3477">
     <span class='ocr_line' id='line_1_27' title="bbox 216 3391 1371 3477; baseline 0.001 -21"><span class='ocrx_word' id='word_1_217' title='bbox 216 3396 250 3456; x_wconf 94' lang='lat' dir='ltr'>in</span> <span class='ocrx_word' id='word_1_218' title='bbox 266 3396 402 3459; x_wconf 86' lang='lat' dir='ltr'>diversis</span> <span class='ocrx_word' id='word_1_219' title='bbox 417 3394 620 3477; x_wconf 91' lang='lat' dir='ltr'>temporibus</span> <span class='ocrx_word' id='word_1_220' title='bbox 635 3394 781 3458; x_wconf 90' lang='lat' dir='ltr'>actiones</span> <span class='ocrx_word' id='word_1_221' title='bbox 795 3391 893 3457; x_wconf 86' lang='lat' dir='ltr'>faciat</span> <span class='ocrx_word' id='word_1_222' title='bbox 909 3394 1063 3457; x_wconf 90' lang='lat' dir='ltr'>diversas.</span> <span class='ocrx_word' id='word_1_223' title='bbox 1097 3392 1142 3455; x_wconf 89' lang='lat' dir='ltr'>Et</span> <span class='ocrx_word' id='word_1_224' title='bbox 1157 3405 1293 3477; x_wconf 90' lang='lat' dir='ltr'>propter</span> <span class='ocrx_word' id='word_1_225' title='bbox 1308 3393 1371 3457; x_wconf 91' lang='lat' dir='ltr'>hoc</span> 
     </span>
    </p>

    <p class='ocr_par' dir='ltr' id='par_1_7' title="bbox 217 3497 1370 3579">
     <span class='ocr_line' id='line_1_28' title="bbox 217 3497 1370 3579; baseline 0.002 -20"><span class='ocrx_word' id='word_1_226' title='bbox 217 3500 283 3562; x_wconf 90' lang='lat' dir='ltr'>ista</span> <span class='ocrx_word' id='word_1_227' title='bbox 298 3500 477 3562; x_wconf 85' lang='lat' dir='ltr'>auctoritas</span> <span class='ocrx_word' id='word_1_228' title='bbox 492 3498 626 3561; x_wconf 88' lang='lat' dir='ltr'>secundi</span> <span class='ocrx_word' id='word_1_229' title='bbox 643 3499 685 3562; x_wconf 92' lang='lat' dir='ltr'>de</span> <span class='ocrx_word' id='word_1_230' title='bbox 697 3497 918 3561; x_wconf 87' lang='lat' dir='ltr'>Generatione</span> <span class='ocrx_word' id='word_1_231' title='bbox 933 3498 1129 3579; x_wconf 87' lang='lat' dir='ltr'>intelligitur</span> <span class='ocrx_word' id='word_1_232' title='bbox 1140 3498 1183 3562; x_wconf 91' lang='lat' dir='ltr'>de</span> <span class='ocrx_word' id='word_1_233' title='bbox 1198 3498 1370 3562; x_wconf 89' lang='lat' dir='ltr'>identitate</span> 
     </span>
    </p>

    <p class='ocr_par' dir='ltr' id='par_1_8' title="bbox 215 3601 1488 3789">
     <span class='ocr_line' id='line_1_29' title="bbox 217 3601 1488 3684; baseline -0.002 -19"><span class='ocrx_word' id='word_1_234' title='bbox 217 3604 253 3665; x_wconf 95' lang='lat' dir='ltr'>in</span> <span class='ocrx_word' id='word_1_235' title='bbox 279 3604 390 3684; x_wconf 90' lang='lat' dir='ltr'>specie</span> <span class='ocrx_word' id='word_1_236' title='bbox 414 3614 448 3667; x_wconf 91' lang='lat' dir='ltr'>et</span> <span class='ocrx_word' id='word_1_237' title='bbox 472 3622 536 3665; x_wconf 95' lang='lat' dir='ltr'>non</span> <span class='ocrx_word' id='word_1_238' title='bbox 566 3603 599 3665; x_wconf 91' lang='lat' dir='ltr'>iu</span> <span class='ocrx_word' id='word_1_239' title='bbox 625 3623 771 3665; x_wconf 83' lang='lat' dir='ltr'>numero</span> <span class='ocrx_word' id='word_1_240' title='bbox 817 3601 853 3666; x_wconf 88' lang='lat' dir='ltr'>Si</span> <span class='ocrx_word' id='word_1_241' title='bbox 881 3602 1009 3667; x_wconf 89' lang='lat' dir='ltr'>dicatur</span> <span class='ocrx_word' id='word_1_242' title='bbox 1034 3604 1123 3683; x_wconf 94' lang='lat' dir='ltr'>quod</span> <span class='ocrx_word' id='word_1_243' title='bbox 1148 3612 1280 3683; x_wconf 88' lang='lat' dir='ltr'>tempus</span> <span class='ocrx_word' id='word_1_244' title='bbox 1304 3604 1488 3666; x_wconf 81' lang='lat' dir='ltr'>no&#39;nSeeond.</span> 
     </span>
     <span class='ocr_line' id='line_1_30' title="bbox 215 3704 1370 3789; baseline -0.001 -19"><span class='ocrx_word' id='word_1_245' title='bbox 215 3708 296 3770; x_wconf 83' lang='lat' dir='ltr'>lacit</span> <span class='ocrx_word' id='word_1_246' title='bbox 312 3707 474 3771; x_wconf 86' lang='lat' dir='ltr'>actionem</span> <span class='ocrx_word' id='word_1_247' title='bbox 490 3727 549 3770; x_wconf 93' lang='lat' dir='ltr'>nec</span> <span class='ocrx_word' id='word_1_248' title='bbox 564 3707 688 3788; x_wconf 90' lang='lat' dir='ltr'>aliquid</span> <span class='ocrx_word' id='word_1_249' title='bbox 707 3707 808 3789; x_wconf 90' lang='lat' dir='ltr'>ipsius</span> <span class='ocrx_word' id='word_1_250' title='bbox 824 3707 971 3779; x_wconf 89' lang='lat' dir='ltr'>actionis,</span> <span class='ocrx_word' id='word_1_251' title='bbox 987 3708 1076 3769; x_wconf 92' lang='lat' dir='ltr'>unde</span> <span class='ocrx_word' id='word_1_252' title='bbox 1097 3704 1188 3769; x_wconf 93' lang='lat' dir='ltr'>nullo</span> <span class='ocrx_word' id='word_1_253' title='bbox 1204 3708 1304 3770; x_wconf 91' lang='lat' dir='ltr'>modo</span> <span class='ocrx_word' id='word_1_254' title='bbox 1319 3716 1370 3770; x_wconf 91' lang='lat' dir='ltr'>est</span> 
     </span>
    </p>

    <p class='ocr_par' dir='ltr' id='par_1_9' title="bbox 215 3809 1372 3891">
     <span class='ocr_line' id='line_1_31' title="bbox 215 3809 1372 3891; baseline 0 -18"><span class='ocrx_word' id='word_1_255' title='bbox 215 3830 319 3874; x_wconf 91' lang='lat' dir='ltr'>causa</span> <span class='ocrx_word' id='word_1_256' title='bbox 341 3810 493 3883; x_wconf 86' lang='lat' dir='ltr'>efficiens,</span> <span class='ocrx_word' id='word_1_257' title='bbox 516 3811 573 3873; x_wconf 89' lang='lat' dir='ltr'>sed</span> <span class='ocrx_word' id='word_1_258' title='bbox 599 3830 754 3873; x_wconf 89' lang='lat' dir='ltr'>mensura</span> <span class='ocrx_word' id='word_1_259' title='bbox 776 3811 957 3874; x_wconf 87' lang='lat' dir='ltr'>durationis</span> <span class='ocrx_word' id='word_1_260' title='bbox 978 3819 1013 3874; x_wconf 90' lang='lat' dir='ltr'>et</span> <span class='ocrx_word' id='word_1_261' title='bbox 1036 3811 1204 3891; x_wconf 81' lang='lat' dir='ltr'>quantitas</span> <span class='ocrx_word' id='word_1_262' title='bbox 1227 3810 1258 3873; x_wconf 92' lang='lat' dir='ltr'>in</span> <span class='ocrx_word' id='word_1_263' title='bbox 1283 3809 1372 3873; x_wconf 91' lang='lat' dir='ltr'>nullo</span> 
     </span>
    </p>

    <p class='ocr_par' dir='ltr' id='par_1_10' title="bbox 214 3914 1373 4205">
     <span class='ocr_line' id='line_1_32' title="bbox 215 3914 1373 3997; baseline 0.001 -20"><span class='ocrx_word' id='word_1_264' title='bbox 215 3916 337 3988; x_wconf 87' lang='lat' dir='ltr'>activa,</span> <span class='ocrx_word' id='word_1_265' title='bbox 352 3936 432 3997; x_wconf 85' lang='lat' dir='ltr'>ergo</span> <span class='ocrx_word' id='word_1_266' title='bbox 447 3936 468 3977; x_wconf 92' lang='lat' dir='ltr'>a</span> <span class='ocrx_word' id='word_1_267' title='bbox 486 3915 676 3978; x_wconf 88' lang='lat' dir='ltr'>diversitate</span> <span class='ocrx_word' id='word_1_268' title='bbox 695 3916 854 3996; x_wconf 86' lang='lat' dir='ltr'>temporis</span> <span class='ocrx_word' id='word_1_269' title='bbox 877 3934 942 3978; x_wconf 95' lang='lat' dir='ltr'>non</span> <span class='ocrx_word' id='word_1_270' title='bbox 967 3916 1029 3977; x_wconf 93' lang='lat' dir='ltr'>erit</span> <span class='ocrx_word' id='word_1_271' title='bbox 1051 3935 1150 3978; x_wconf 86' lang='lat' dir='ltr'>causa</span> <span class='ocrx_word' id='word_1_272' title='bbox 1172 3914 1373 3978; x_wconf 83' lang='lat' dir='ltr'>diversitatis</span> 
     </span>
     <span class='ocr_line' id='line_1_33' title="bbox 215 4018 1372 4102; baseline 0 -21"><span class='ocrx_word' id='word_1_273' title='bbox 215 4020 370 4092; x_wconf 88' lang='lat' dir='ltr'>actionis,</span> <span class='ocrx_word' id='word_1_274' title='bbox 400 4021 458 4083; x_wconf 84' lang='lat' dir='ltr'>sed</span> <span class='ocrx_word' id='word_1_275' title='bbox 489 4020 533 4082; x_wconf 91' lang='lat' dir='ltr'>ab</span> <span class='ocrx_word' id='word_1_276' title='bbox 565 4019 636 4101; x_wconf 89' lang='lat' dir='ltr'>ipsa</span> <span class='ocrx_word' id='word_1_277' title='bbox 658 4019 809 4102; x_wconf 91' lang='lat' dir='ltr'>potentia</span> <span class='ocrx_word' id='word_1_278' title='bbox 832 4018 949 4094; x_wconf 88' lang='lat' dir='ltr'>activa,</span> <span class='ocrx_word' id='word_1_279' title='bbox 973 4038 1059 4100; x_wconf 89' lang='lat' dir='ltr'>quae</span> <span class='ocrx_word' id='word_1_280' title='bbox 1085 4018 1232 4082; x_wconf 89' lang='lat' dir='ltr'>totaliter</span> <span class='ocrx_word' id='word_1_281' title='bbox 1259 4026 1372 4082; x_wconf 89' lang='lat' dir='ltr'>causat</span> 
     </span>
     <span class='ocr_line' id='line_1_34' title="bbox 214 4122 1372 4205; baseline 0.001 -20"><span class='ocrx_word' id='word_1_282' title='bbox 214 4122 403 4200; x_wconf 80' lang='lat' dir='ltr'>actionem3</span> <span class='ocrx_word' id='word_1_283' title='bbox 425 4123 601 4186; x_wconf 90' lang='lat' dir='ltr'>dicendum</span> <span class='ocrx_word' id='word_1_284' title='bbox 618 4134 677 4196; x_wconf 86' lang='lat' dir='ltr'>est,</span> <span class='ocrx_word' id='word_1_285' title='bbox 693 4124 783 4205; x_wconf 91' lang='lat' dir='ltr'>quod</span> <span class='ocrx_word' id='word_1_286' title='bbox 806 4125 895 4186; x_wconf 90' lang='lat' dir='ltr'>actio</span> <span class='ocrx_word' id='word_1_287' title='bbox 917 4134 950 4187; x_wconf 90' lang='lat' dir='ltr'>et</span> <span class='ocrx_word' id='word_1_288' title='bbox 973 4123 1084 4203; x_wconf 88' lang='lat' dir='ltr'>passio</span> <span class='ocrx_word' id='word_1_289' title='bbox 1106 4132 1140 4185; x_wconf 92' lang='lat' dir='ltr'>et</span> <span class='ocrx_word' id='word_1_290' title='bbox 1163 4132 1273 4186; x_wconf 91' lang='lat' dir='ltr'>motus</span> <span class='ocrx_word' id='word_1_291' title='bbox 1295 4131 1372 4186; x_wconf 89' lang='lat' dir='ltr'>sunt</span> 
     </span>
    </p>
   </div>
   <div class='ocr_carea' id='block_1_6' title="bbox 215 4225 1371 4309">
    <p class='ocr_par' dir='ltr' id='par_1_11' title="bbox 215 4225 1371 4309">
     <span class='ocr_line' id='line_1_35' title="bbox 215 4225 1371 4309; baseline -0.001 -19"><span class='ocrx_word' id='word_1_292' title='bbox 215 4228 413 4304; x_wconf 87' lang='lat' dir='ltr'>successiva,</span> <span class='ocrx_word' id='word_1_293' title='bbox 425 4247 485 4289; x_wconf 92' lang='lat' dir='ltr'>nec</span> <span class='ocrx_word' id='word_1_294' title='bbox 501 4230 687 4291; x_wconf 88' lang='lat' dir='ltr'>educuntur</span> <span class='ocrx_word' id='word_1_295' title='bbox 702 4228 743 4291; x_wconf 92' lang='lat' dir='ltr'>de</span> <span class='ocrx_word' id='word_1_296' title='bbox 759 4228 917 4309; x_wconf 89' lang='lat' dir='ltr'>potentia.</span> <span class='ocrx_word' id='word_1_297' title='bbox 934 4226 1012 4307; x_wconf 90' lang='lat' dir='ltr'>quia</span> <span class='ocrx_word' id='word_1_298' title='bbox 1028 4247 1094 4289; x_wconf 94' lang='lat' dir='ltr'>non</span> <span class='ocrx_word' id='word_1_299' title='bbox 1108 4236 1186 4290; x_wconf 93' lang='lat' dir='ltr'>sunt</span> <span class='ocrx_word' id='word_1_300' title='bbox 1201 4246 1251 4289; x_wconf 92' lang='lat' dir='ltr'>res</span> <span class='ocrx_word' id='word_1_301' title='bbox 1268 4225 1371 4304; x_wconf 82' lang='lat' dir='ltr'>fixae3</span> 
     </span>
    </p>
   </div>
   <div class='ocr_carea' id='block_1_7' title="bbox 214 4398 1374 4616">
    <p class='ocr_par' dir='ltr' id='par_1_12' title="bbox 214 4398 1374 4616">
     <span class='ocr_line' id='line_1_36' title="bbox 252 4398 1373 4462; baseline 0 -13"><span class='ocrx_word' id='word_1_302' title='bbox 252 4400 260 4429; x_wconf 84' lang='lat'>¹</span> <span class='ocrx_word' id='word_1_303' title='bbox 279 4400 350 4461; x_wconf 80' lang='lat' dir='ltr'>This,</span> <span class='ocrx_word' id='word_1_304' title='bbox 363 4401 449 4450; x_wconf 85' lang='lat' dir='ltr'>which</span> <span class='ocrx_word' id='word_1_305' title='bbox 461 4402 484 4451; x_wconf 78' lang='lat' dir='ltr'>is</span> <span class='ocrx_word' id='word_1_306' title='bbox 500 4403 546 4449; x_wconf 89' lang='lat' dir='ltr'>the</span> <span class='ocrx_word' id='word_1_307' title='bbox 558 4401 665 4461; x_wconf 76' lang='lat' dir='ltr'>reading</span> <span class='ocrx_word' id='word_1_308' title='bbox 675 4401 706 4448; x_wconf 86' lang='lat' dir='ltr'>os</span> <span class='ocrx_word' id='word_1_309' title='bbox 720 4400 797 4462; x_wconf 66' lang='lat' dir='ltr'>neg,</span> <span class='ocrx_word' id='word_1_310' title='bbox 810 4400 833 4449; x_wconf 78' lang='lat' dir='ltr'>is</span> <span class='ocrx_word' id='word_1_311' title='bbox 844 4400 932 4447; x_wconf 83' lang='lat' dir='ltr'>better</span> <span class='ocrx_word' id='word_1_312' title='bbox 943 4399 1004 4447; x_wconf 83' lang='lat' dir='ltr'>than</span> <span class='ocrx_word' id='word_1_313' title='bbox 1017 4406 1135 4457; x_wconf 78' lang='lat' dir='ltr'>mutatur,</span> <span class='ocrx_word' id='word_1_314' title='bbox 1147 4399 1233 4448; x_wconf 84' lang='lat' dir='ltr'>which</span> <span class='ocrx_word' id='word_1_315' title='bbox 1244 4398 1310 4460; x_wconf 88' lang='lat' dir='ltr'>Jebb</span> <span class='ocrx_word' id='word_1_316' title='bbox 1325 4399 1373 4449; x_wconf 79' lang='lat' dir='ltr'>has</span> 
     </span>
     <span class='ocr_line' id='line_1_37' title="bbox 214 4477 1374 4541; baseline -0.002 -15"><span class='ocrx_word' id='word_1_317' title='bbox 214 4478 360 4541; x_wconf 81' lang='lat' dir='ltr'>preferred.</span> <span class='ocrx_word' id='word_1_318' title='bbox 393 4479 451 4527; x_wconf 86' lang='lat' dir='ltr'>The</span> <span class='ocrx_word' id='word_1_319' title='bbox 461 4481 556 4537; x_wconf 78' lang='lat' dir='ltr'>action,</span> <span class='ocrx_word' id='word_1_320' title='bbox 568 4480 618 4527; x_wconf 85' lang='lat' dir='ltr'>and</span> <span class='ocrx_word' id='word_1_321' title='bbox 630 4479 687 4527; x_wconf 78' lang='lat' dir='ltr'>also</span> <span class='ocrx_word' id='word_1_322' title='bbox 704 4480 748 4526; x_wconf 89' lang='lat' dir='ltr'>the</span> <span class='ocrx_word' id='word_1_323' title='bbox 765 4479 844 4527; x_wconf 79' lang='lat' dir='ltr'>result</span> <span class='ocrx_word' id='word_1_324' title='bbox 862 4477 893 4526; x_wconf 83' lang='lat' dir='ltr'>os</span> <span class='ocrx_word' id='word_1_325' title='bbox 905 4479 949 4526; x_wconf 89' lang='lat' dir='ltr'>the</span> <span class='ocrx_word' id='word_1_326' title='bbox 966 4478 1059 4537; x_wconf 83' lang='lat' dir='ltr'>action,</span> <span class='ocrx_word' id='word_1_327' title='bbox 1072 4494 1116 4526; x_wconf 86' lang='lat' dir='ltr'>are</span> <span class='ocrx_word' id='word_1_328' title='bbox 1133 4485 1160 4525; x_wconf 89' lang='lat' dir='ltr'>to</span> <span class='ocrx_word' id='word_1_329' title='bbox 1177 4478 1210 4526; x_wconf 88' lang='lat' dir='ltr'>be</span> <span class='ocrx_word' id='word_1_330' title='bbox 1227 4480 1374 4540; x_wconf 79' lang='lat' dir='ltr'>sepamtely</span> 
     </span>
     <span class='ocr_line' id='line_1_38' title="bbox 214 4555 1374 4616; baseline 0 -13"><span class='ocrx_word' id='word_1_331' title='bbox 214 4557 339 4605; x_wconf 87' lang='lat' dir='ltr'>counted.</span> <span class='ocrx_word' id='word_1_332' title='bbox 372 4556 428 4605; x_wconf 79' lang='grc' dir='ltr'>’Πιε</span> <span class='ocrx_word' id='word_1_333' title='bbox 446 4573 493 4604; x_wconf 80' lang='lat' dir='ltr'>use</span> <span class='ocrx_word' id='word_1_334' title='bbox 509 4558 539 4605; x_wconf 82' lang='lat' dir='ltr'>oi</span> <span class='ocrx_word' id='word_1_335' title='bbox 548 4559 611 4605; x_wconf 87' lang='lat' dir='ltr'>such</span> <span class='ocrx_word' id='word_1_336' title='bbox 622 4557 710 4605; x_wconf 88' lang='lat' dir='ltr'>words</span> <span class='ocrx_word' id='word_1_337' title='bbox 726 4573 756 4605; x_wconf 82' lang='lat' dir='ltr'>as</span> <span class='ocrx_word' id='word_1_338' title='bbox 772 4573 847 4616; x_wconf 75' lang='lat' dir='ltr'>mue,</span> <span class='ocrx_word' id='word_1_339' title='bbox 865 4556 1010 4615; x_wconf 65' lang='lat' dir='ltr'>oscillatione,</span> <span class='ocrx_word' id='word_1_340' title='bbox 1024 4555 1182 4616; x_wconf 69' lang='lat' dir='ltr'>aemulatum,</span> <span class='ocrx_word' id='word_1_341' title='bbox 1195 4556 1283 4604; x_wconf 85' lang='lat' dir='ltr'>would</span> <span class='ocrx_word' id='word_1_342' title='bbox 1301 4556 1374 4604; x_wconf 82' lang='lat' dir='ltr'>make</span> 
     </span>
    </p>
   </div>
   <div class='ocr_carea' id='block_1_8' title="bbox 214 4634 851 4784">
    <p class='ocr_par' dir='ltr' id='par_1_13' title="bbox 214 4634 851 4784">
     <span class='ocr_line' id='line_1_39' title="bbox 214 4634 551 4697; baseline 0.006 -13"><span class='ocrx_word' id='word_1_343' title='bbox 214 4634 332 4684; x_wconf 84' lang='lat' dir='ltr'>Bacon&#39;s</span> <span class='ocrx_word' id='word_1_344' title='bbox 343 4636 463 4697; x_wconf 67' lang='lat' dir='ltr'>running</span> <span class='ocrx_word' id='word_1_345' title='bbox 474 4635 551 4687; x_wconf 75' lang='lat' dir='ltr'>clear.</span> 
     </span>
     <span class='ocr_line' id='line_1_40' title="bbox 745 4732 851 4784; baseline 0.028 -4"><span class='ocrx_word' id='word_1_346' title='bbox 745 4732 770 4781; x_wconf 89' lang='lat' dir='ltr'>N</span> <span class='ocrx_word' id='word_1_347' title='bbox 791 4739 813 4781; x_wconf 88' lang='lat' dir='ltr'>n</span> <span class='ocrx_word' id='word_1_348' title='bbox 833 4737 851 4784; x_wconf 79' lang='lat'>2</span> 
     </span>
    </p>
   </div>
   <div class='ocr_carea' id='block_1_9' title="bbox 0 0 1776 5359">
    <p class='ocr_par' dir='ltr' id='par_1_14' title="bbox 0 0 1776 5359">
     <span class='ocr_line' id='line_1_41' title="bbox 0 0 1776 5359; baseline 0 1"><span class='ocrx_word' id='word_1_349' title='bbox 0 0 1776 5359; x_wconf 95' lang='lat' dir='ltr'> </span> 
     </span>
    </p>
   </div>
  </div>
 </body>
</html>
