3542 5359
381 598 578 656 MORALIS
601 597 896 657 PHILOSOPHIA
909 620 920 654 .·
953 599 1068 657 PARS
1093 599 1302 658 SECUNDA.
1359 616 1419 678 253

266 772 378 826 tamen
401 773 436 825 ut
461 763 549 844 prius
573 761 698 845 populo
722 763 914 828 innotescat.
962 763 998 827 Si
1028 773 1139 826 autem
1162 761 1216 826 ille
1238 764 1295 846 qui
1317 763 1418 827 debet

267 865 393 930 institui
405 886 471 929 non
486 867 531 931 sit
547 867 667 949 dignus
682 876 716 931 et
732 867 907 949 probatum
925 865 1031 945 fuerit,
1047 866 1131 931 alius
1147 867 1337 932 instituatur
1348 867 1368 929 ¹.

310 970 356 1034 Et
378 969 425 1035 sic
447 970 643 1033 terminatur
665 971 805 1034 intentio
835 971 984 1034 radicum
1016 972 1180 1034 secundae
1206 973 1311 1053 partis
1340 992 1417 1035 cum

266 1075 542 1158 consequentibus
559 1076 601 1138 ad
618 1075 744 1139 radices
759 1075 792 1137 in
808 1095 950 1140 summa.
995 1075 1041 1138 Et
1056 1075 1119 1138 sub
1138 1074 1201 1137 hac
1222 1086 1315 1158 parte
1328 1096 1419 1140 corn-

267 1176 480 1260 prehenditur
498 1179 553 1260 jus
575 1180 669 1243 civile
691 1183 779 1261 quod
802 1200 889 1243 nunc
912 1190 964 1243 est
993 1180 1027 1242 in
1055 1200 1117 1242 usu
1141 1179 1358 1258 Latinorum3
1381 1190 1418 1244 ut

269 1283 476 1347 manifestum
491 1292 542 1347 est
557 1304 601 1345 ex
612 1285 777 1347 radicibus
788 1284 888 1366 hujus
903 1285 1015 1366 partis,
1062 1283 1107 1347 Et
1123 1293 1250 1346 certum
1266 1285 1417 1365 estquod

268 1385 377 1450 Latini
403 1409 423 1450 a
448 1387 582 1451 Graecis
604 1387 791 1452 habuerunt
817 1388 893 1469 jura
918 1398 952 1452 et
979 1387 1090 1469 leges;
1124 1386 1249 1451 scilieet
1278 1408 1298 1451 a
1329 1387 1420 1453 libris

269 1489 461 1555 Aristotelis
499 1512 538 1555 ac
568 1492 793 1575 Theophrasti
824 1492 896 1573 ejus
933 1491 1140 1570 successoris,
1169 1500 1301 1574 praeter
1329 1491 1420 1575 leges

265 1594 441 1658 duodecim
472 1595 659 1660 tabularum
696 1616 780 1679 quas
811 1597 920 1678 primo
949 1595 1188 1660 transtulerunt
1218 1595 1262 1659 de
1291 1594 1420 1680 legibus

266 1697 399 1762 Solonis
422 1700 644 1764 Atheniensis.

298 1841 305 1870 ¹
324 1843 363 1892 Cf.
375 1844 419 1892 the
427 1859 492 1905 very
499 1845 657 1894 remarkable
669 1844 849 1893 observatious
858 1845 888 1894 oi
892 1845 964 1905 John
973 1844 1003 1892 os
1011 1844 1145 1906 Salisbury
1153 1861 1188 1893 on
1197 1846 1242 1893 the
1251 1844 1418 1906 justificatiou

265 1921 296 1969 os
309 1923 484 1983 tyrannicide;
502 1923 676 1984 Polymnum,
693 1923 734 1972 lib.
747 1924 798 1972 viii.
813 1939 869 1986 cap.
890 1924 978 1972 18-21.
1011 1924 1068 1972 Τὴο
1084 1924 1225 1972 mediaevai
1242 1923 1346 1971 Church
1363 1939 1420 1972 was

266 2015 300 2049 no
311 2001 425 2049 believer
436 2001 461 2049 in
473 2001 590 2050 absolute
602 2002 766 2052 submission.
802 2001 814 2050 1
833 2003 915 2064 speak
926 2002 955 2050 oi
963 2017 1056 2051 course
1071 2001 1101 2050 ot*
1109 2002 1154 2050 the
1165 2001 1291 2051 western
1306 2002 1419 2052 Church.

266 2078 296 2127 ln
309 2080 353 2126 the
366 2079 429 2129 Enst
441 2081 460 2128 it
471 2096 527 2129 was
538 2081 578 2129 sar
588 2082 737 2130 otherwise.

299 2157 329 2206 ln
346 2158 388 2206 his
405 2160 550 2208 somewhat
568 2174 671 2220 meagre
693 2167 832 2208 treatment
850 2158 881 2207 os
903 2158 954 2207 this
974 2157 1072 2206 branch
1092 2158 1122 2207 os
1138 2158 1179 2206 his
1202 2158 1309 2219 subject,
1330 2158 1418 2207 Bacou

266 2251 400 2298 compares
417 2236 604 2298 unsavournbly
622 2238 686 2286 with
705 2237 743 2286 St.
755 2239 868 2286 Thomas
885 2237 1010 2299 Aquinas,
1029 2237 1121 2285 whose
1141 2237 1264 2299 masterly
1280 2245 1420 2286 treatment

265 2315 295 2364 oi
310 2314 356 2363 the
367 2317 450 2364 virtue
466 2316 496 2365 os
508 2316 523 2377 J
528 2317 607 2364 ustiee
619 2316 706 2365 would
718 2330 818 2378 occupy
832 2322 885 2365 two
902 2316 1021 2364 hundred
1038 2316 1069 2364 os
1083 2316 1157 2364 these
1170 2331 1259 2378 peges.
1294 2314 1334 2365 Cf.
1347 2315 1377 2364 S.
1391 2315 1418 2366 T.

266 2394 385 2444 Secunde
398 2393 534 2444 Secundae
547 2394 653 2456 Quaest.
666 2394 798 2443 lvii-lxxx.
