3542 5359
551 637 667 696 Pras
696 636 872 696 rrum:
908 636 1048 697 caer.
1316 652 1377 715 505

227 800 328 884 Quod
344 801 430 865 enim
451 801 577 884 species
592 802 639 866 sic
649 801 760 883 jaceat
777 803 810 865 in
831 820 899 863 uno
920 800 1046 863 incessu
1068 799 1280 864 immobiliter
1299 799 1377 865 licet

226 927 284 969 aer
310 914 491 984 moveatur,
515 905 579 970 hoc
606 917 717 988 potest
747 926 827 981 esse,
854 914 912 968 aut
940 905 1019 986 quia
1042 914 1120 968 nata
1142 914 1193 968 est
1216 925 1377 987 occupare

226 1009 335 1073 locum
358 1030 418 1093 per
439 1030 475 1073 se
497 1020 535 1074 ut
558 1030 685 1092 corpus,
700 1021 733 1074 et
757 1011 804 1075 sic
826 1028 892 1072 non
917 1016 967 1071 est
989 1009 1053 1083 hic,
1069 1018 1127 1073 aut
1145 1007 1223 1090 quia
1243 1020 1377 1092 propter

225 1114 443 1177 directionem
462 1116 591 1197 agentis
607 1114 760 1178 debentis
776 1114 884 1178 lacere
902 1132 996 1175 suam
1017 1113 1181 1176 actionem
1198 1112 1231 1175 in
1245 1123 1374 1195 partem

225 1237 333 1293 unam,
347 1218 420 1299 ipsa
434 1219 559 1299 species
575 1239 661 1301 quae
675 1228 726 1282 est
742 1218 852 1301 passio
868 1216 965 1279 medii
981 1225 1073 1280 tenet
1085 1216 1246 1279 incessum
1262 1236 1375 1291 unum,

225 1322 283 1384 sed
305 1332 418 1385 tamen
436 1343 566 1405 semper
585 1323 824 1406 praesupponit
845 1329 972 1406 partem
997 1321 1081 1383 aeris
1103 1320 1136 1383 in
1159 1339 1225 1402 qua
1246 1321 1300 1399 sit,
1316 1341 1377 1403 per

225 1445 327 1506 quam
346 1425 469 1490 habeat
491 1425 611 1506 locum,
627 1426 703 1492 licet
724 1427 780 1490 illa
796 1447 872 1509 pars
895 1426 979 1489 aeris
994 1425 1037 1489 sit
1053 1425 1182 1488 diversa
1196 1435 1230 1489 et
1245 1425 1376 1488 diversa

225 1530 405 1595 succedens
422 1542 559 1613 propter
577 1542 705 1595 motum
721 1530 928 1613 quarundam
947 1529 1092 1611 partium
1107 1530 1200 1592 aeris.
1246 1528 1374 1593 Locum

225 1633 429 1697 immobilem
444 1656 510 1699 non
526 1645 618 1699 tenet
633 1636 759 1719 species
775 1646 813 1699 ut
832 1653 951 1716 corpus
971 1643 1006 1697 et
1026 1652 1084 1715 per
1104 1654 1149 1710 se,
1165 1634 1225 1696 sed
1245 1654 1376 1718 semper

223 1758 284 1820 per
312 1750 441 1820 partem
471 1742 556 1803 aeris
585 1741 676 1824 prius
705 1749 896 1804 renovatam
931 1739 963 1800 in
995 1737 1053 1802 tali
1076 1737 1160 1817 loco,
1182 1758 1269 1819 quae
1299 1758 1376 1820 pars

224 1844 343 1924 speciei
358 1855 409 1907 est
423 1843 621 1926 subjectum.
668 1844 712 1909 Et
734 1866 801 1908 non
824 1844 931 1908 solum
954 1862 1031 1926 pars
1051 1842 1134 1906 aeris
1150 1854 1325 1907 renovatur
1339 1845 1374 1906 in

224 1966 290 2027 qua
319 1949 445 2031 species
470 1949 582 2031 jaceat
611 1950 697 2012 sicut
724 1949 757 2012 in
783 1949 935 2030 subjecto
963 1966 1030 2010 non
1057 1946 1089 2009 in
1116 1947 1201 2020 loco,
1220 1947 1278 2011 sed
1303 1948 1374 2029 ipsa

224 2052 348 2131 species
373 2054 405 2115 in
437 2054 583 2137 partibus
614 2054 779 2116 renovatis
809 2061 995 2128 renovatur,
1026 2070 1086 2113 nec
1116 2063 1227 2115 manet
1257 2053 1374 2114 eadem

224 2175 371 2219 numero.
418 2157 595 2240 Quoniam,
616 2158 676 2221 etsi
700 2176 756 2219 aer
775 2157 969 2239 quiesceret,
990 2164 1203 2217 renovaretur
1224 2156 1259 2216 in
1280 2165 1375 2237 parte

225 2270 391 2338 renovata,
414 2271 446 2325 et
472 2262 504 2324 in
529 2271 623 2344 parte
647 2260 712 2322 alia
735 2270 769 2323 et
791 2259 877 2335 alia3
902 2267 935 2321 et
958 2258 1034 2321 ideo
1057 2277 1133 2320 curn
1157 2268 1268 2339 partes
1290 2260 1374 2323 aeris

224 2365 403 2427 succedunt
420 2366 452 2427 in
469 2366 589 2428 eodem
608 2365 694 2442 loco,
710 2384 776 2427 non
796 2372 909 2425 manet
928 2362 1044 2426 eadem
1064 2362 1189 2443 species
1208 2382 1375 2445 occupans

224 2466 334 2529 locum
351 2466 453 2541 illum,
465 2470 524 2532 sed
539 2470 761 2551 corrumpitur
775 2487 851 2531 cum
868 2486 944 2549 pars
959 2466 1043 2529 aeris
1060 2466 1092 2528 in
1109 2486 1175 2547 qua
1190 2465 1251 2531 luit
1267 2476 1375 2531 mutat

223 2570 316 2633 illum
333 2573 452 2648 locum,
467 2584 501 2635 et
517 2593 582 2636 non
597 2582 773 2655 generatur
788 2591 882 2649 nova,
896 2583 1076 2652 antequam
1094 2571 1157 2635 alia
1173 2592 1250 2656 pars
1264 2574 1375 2637 veniat

225 2674 257 2735 in
273 2674 364 2740 illum
380 2677 499 2753 locum,
516 2688 549 2740 et
565 2678 641 2741 ideo
656 2696 723 2739 non
738 2676 840 2741 habet
857 2676 966 2739 locum
984 2694 1042 2758 per
1057 2695 1092 2737 se
1108 2678 1166 2738 sed
1184 2695 1242 2757 per
1256 2676 1359 2741 aliud.

269 2778 306 2842 Si
321 2800 400 2843 vero
414 2782 563 2864 arguitur
573 2782 616 2844 de
635 2782 896 2845 reverberatione
912 2802 932 2844 a
946 2800 1095 2863 corpore,
1107 2789 1200 2861 patet
1216 2801 1260 2844 ex
1275 2782 1373 2844 dictis
1387 2798 1463 2849 what
1474 2797 1536 2863 hap

224 2883 313 2963 quod
330 2904 395 2946 non
412 2883 450 2948 fit
465 2906 509 2948 ex
525 2884 689 2962 violentia,
705 2886 763 2947 sed
782 2891 919 2966 generat
934 2904 971 2947 se
985 2882 1017 2946 in
1035 2891 1163 2965 partem
1184 2884 1247 2947 sibi
1270 2885 1373 2966 possi-
1386 2864 1535 2978 ffigssffle

224 2986 324 3049 bilem
348 3008 422 3051 cum
443 2988 638 3073 prohibetur
659 2990 799 3052 transire
813 2998 949 3071 propter
964 2988 1162 3051 densitatem
1183 2987 1372 3053 resistentis.
1385 2994 1511 3045 reflexion.

226 3087 262 3151 Si
284 3091 371 3153 enim
394 3091 555 3156 violenter
577 3102 836 3176 repercuteretur
857 3100 895 3153 ut
918 3089 985 3172 pila
1007 3110 1027 3153 a
1051 3090 1184 3171 pariete,
1206 3100 1373 3173 oporteret

224 3196 408 3259 necessario
427 3196 519 3277 quod
539 3204 627 3259 esset
647 3215 776 3277 corpus
821 3192 921 3276 Quod
940 3193 967 3255 si
987 3192 1127 3269 dicatur,
1142 3212 1218 3255 cum
1239 3192 1317 3256 facit
1338 3216 1374 3260 se

224 3295 344 3361 iterum
372 3319 431 3381 per
453 3299 667 3363 reflexionem
695 3299 728 3362 in
754 3297 855 3361 alium
881 3297 990 3360 locum
1015 3317 1074 3378 per
1098 3316 1191 3360 suam
1221 3309 1374 3362 naturam

223 3404 400 3484 propriam,
425 3406 535 3470 medio
566 3425 626 3469 nec
655 3404 801 3487 pellente
830 3424 891 3468 nec
921 3412 1076 3466 movente
1102 3422 1162 3467 nec
1186 3412 1288 3482 moto,
1312 3424 1373 3468 nec

224 3506 334 3589 aliquo
354 3509 421 3572 alio
437 3510 574 3591 juvante
595 3530 654 3573 nec
678 3509 817 3573 iaciente
834 3510 926 3591 quod
951 3517 1119 3571 removeat
1143 3506 1262 3582 locum,
1281 3511 1372 3591 quod

224 3631 290 3673 non
315 3614 435 3678 accidit
462 3616 494 3675 in
522 3616 649 3688 umbra,
670 3614 752 3695 quia
777 3615 821 3678 ad
852 3624 981 3676 motum
1008 3612 1157 3695 corporis
1187 3625 1373 3692 renovatur,

222 3715 352 3779 videtur
369 3719 458 3799 quod
482 3738 540 3799 per
556 3739 593 3781 se
621 3717 731 3781 locum
754 3736 918 3801 occupare
947 3716 1086 3792 debeat3
1113 3716 1292 3780 dicendum
1313 3729 1373 3795 est,

223 3821 314 3900 quod
334 3821 444 3885 locum
464 3842 530 3884 non
552 3823 679 3903 quaerit
697 3833 735 3884 ut
755 3842 874 3905 corpus
895 3823 953 3884 sed
971 3820 1168 3902 subjectum,
1184 3841 1243 3883 nec
1259 3832 1371 3886 tamen

223 3943 326 3986 unum
350 3926 541 3988 innumero
565 3925 645 3988 illud
671 3927 799 4009 quaerit
822 3925 931 3990 solum
957 3925 1015 3989 sed
1040 3925 1206 3989 diversum
1233 3946 1373 4007 semper,

222 4040 359 4112 propter
374 4029 437 4093 hoc
455 4031 546 4112 quod
564 4031 688 4113 species
711 4032 744 4094 in
768 4052 834 4095 una
852 4042 947 4113 parte
966 4028 1065 4093 medii
1083 4038 1242 4112 generata
1261 4040 1373 4112 potest

223 4131 331 4196 facere
344 4134 407 4197 sibi
429 4134 570 4197 similem
587 4135 619 4197 in
636 4134 710 4198 alia·
757 4136 802 4198 Et
817 4136 894 4198 ideo
909 4143 1041 4196 nonest
1060 4133 1106 4196 ibi
1122 4134 1293 4214 acquisitio
1309 4135 1372 4201 loci

223 4247 260 4301 ut
281 4257 400 4321 corpus
423 4238 572 4321 acquirit,
595 4240 654 4303 sed
677 4250 728 4304 est
751 4238 796 4302 ibi
817 4237 989 4301 renovatio
1012 4236 1130 4320 speciei
1154 4257 1214 4319 per
1234 4258 1370 4321 genera·

221 4343 346 4406 tionem
361 4343 394 4405 in
411 4342 559 4425 partibus
576 4343 674 4407 medii
690 4341 847 4426 pluribus.

266 4445 368 4529 Quod
383 4467 462 4511 vero
476 4447 643 4512 diversum
659 4459 709 4512 est
724 4447 824 4511 hicet
839 4447 873 4510 in
890 4446 1017 4525 umbra,
1031 4444 1151 4509 accidit
1167 4464 1232 4508 non
1248 4466 1292 4507 ex
1307 4446 1371 4511 hoc

221 4551 312 4634 quod
337 4550 465 4635 species
490 4551 533 4615 sit
556 4570 687 4631 corpus,
709 4552 769 4613 sed
796 4552 876 4632 quia
906 4550 1007 4614 habet
1036 4549 1193 4614 virtutem
1220 4550 1371 4628 activam,

221 4676 307 4738 quae
323 4665 435 4739 potest
454 4655 516 4720 sibi
535 4654 675 4717 similem
693 4654 878 4736 producere
899 4654 931 4717 in
952 4664 1046 4736 parte
1071 4652 1170 4717 medii
1194 4651 1370 4735 conjuncta
