<?xml version="1.0" encoding="UTF-8"?>
<!DOCTYPE html PUBLIC "-//W3C//DTD XHTML 1.0 Transitional//EN"
    "http://www.w3.org/TR/xhtml1/DTD/xhtml1-transitional.dtd">
<html xmlns="http://www.w3.org/1999/xhtml" xml:lang="en" lang="en">
 <head>
  <title>
</title>
<meta http-equiv="Content-Type" content="text/html;charset=utf-8" />
  <meta name='ocr-system' content='tesseract 3.04.00' />
  <meta name='ocr-capabilities' content='ocr_page ocr_carea ocr_par ocr_line ocrx_word'/>
</head>
<body>
  <div class='ocr_page' id='page_1' title='image "./opusmajusrogerb02bridgoog/opusmajusrogerb02bridgoog_0298.png"; bbox 0 0 3542 5359; ppageno 0'>
   <div class='ocr_carea' id='block_1_1' title="bbox 388 622 1399 702">
    <p class='ocr_par' dir='ltr' id='par_1_1' title="bbox 388 622 1399 702">
     <span class='ocr_line' id='line_1_1' title="bbox 388 622 1399 702; baseline 0.002 -20"><span class='ocrx_word' id='word_1_1' title='bbox 388 622 584 684; x_wconf 80' lang='lat' dir='ltr'><em>MORALIS</em></span> <span class='ocrx_word' id='word_1_2' title='bbox 608 624 927 684; x_wconf 81' lang='lat' dir='ltr'><em>PHILOSOPHIA:</em></span> <span class='ocrx_word' id='word_1_3' title='bbox 953 623 1068 684; x_wconf 78' lang='lat' dir='ltr'><em>PARS</em></span> <span class='ocrx_word' id='word_1_4' title='bbox 1095 625 1260 686; x_wconf 81' lang='lat' dir='ltr'><em>TERTIA.</em></span> <span class='ocrx_word' id='word_1_5' title='bbox 1336 641 1399 702; x_wconf 81' lang='lat'><strong>279</strong></span> 
     </span>
    </p>
   </div>
   <div class='ocr_carea' id='block_1_2' title="bbox 247 785 1552 4726">
    <p class='ocr_par' dir='ltr' id='par_1_2' title="bbox 247 785 1398 976">
     <span class='ocr_line' id='line_1_2' title="bbox 247 785 1398 874; baseline -0.002 -21"><span class='ocrx_word' id='word_1_6' title='bbox 247 788 332 853; x_wconf 74' lang='lat' dir='ltr'><strong>eitur</strong></span> <span class='ocrx_word' id='word_1_7' title='bbox 345 789 476 852; x_wconf 88' lang='lat' dir='ltr'><strong>veritati</strong></span> <span class='ocrx_word' id='word_1_8' title='bbox 493 788 555 871; x_wconf 92' lang='lat' dir='ltr'><strong>ipsi</strong></span> <span class='ocrx_word' id='word_1_9' title='bbox 570 786 598 850; x_wconf 91' lang='lat' dir='ltr'><strong>si</strong></span> <span class='ocrx_word' id='word_1_10' title='bbox 613 798 729 850; x_wconf 82' lang='lat' dir='ltr'><strong>contra</strong></span> <span class='ocrx_word' id='word_1_11' title='bbox 738 786 947 870; x_wconf 83' lang='lat' dir='ltr'><strong>voluptatem</strong></span> <span class='ocrx_word' id='word_1_12' title='bbox 964 808 1057 852; x_wconf 90' lang='lat' dir='ltr'><strong>suam</strong></span> <span class='ocrx_word' id='word_1_13' title='bbox 1073 788 1273 874; x_wconf 85' lang='lat' dir='ltr'><strong>apparuerit.</strong></span> <span class='ocrx_word' id='word_1_14' title='bbox 1312 785 1398 852; x_wconf 92' lang='lat' dir='ltr'><strong>Cum</strong></span> 
     </span>
     <span class='ocr_line' id='line_1_3' title="bbox 247 890 1398 976; baseline 0.001 -20"><span class='ocrx_word' id='word_1_15' title='bbox 247 892 391 956; x_wconf 87' lang='lat' dir='ltr'><strong>clamore</strong></span> <span class='ocrx_word' id='word_1_16' title='bbox 407 899 441 956; x_wconf 89' lang='lat' dir='ltr'><strong>et</strong></span> <span class='ocrx_word' id='word_1_17' title='bbox 455 890 600 956; x_wconf 80' lang='lat' dir='ltr'><strong>tumultu</strong></span> <span class='ocrx_word' id='word_1_18' title='bbox 615 902 650 957; x_wconf 87' lang='lat' dir='ltr'><strong>et</strong></span> <span class='ocrx_word' id='word_1_19' title='bbox 665 891 768 956; x_wconf 91' lang='lat' dir='ltr'><strong>totius</strong></span> <span class='ocrx_word' id='word_1_20' title='bbox 783 891 932 976; x_wconf 89' lang='lat' dir='ltr'><strong>corporis</strong></span> <span class='ocrx_word' id='word_1_21' title='bbox 944 891 1137 973; x_wconf 89' lang='lat' dir='ltr'><strong>jactatione,</strong></span> <span class='ocrx_word' id='word_1_22' title='bbox 1153 913 1238 976; x_wconf 89' lang='lat' dir='ltr'><strong>quos</strong></span> <span class='ocrx_word' id='word_1_23' title='bbox 1252 893 1398 957; x_wconf 85' lang='lat' dir='ltr'><strong>destina·</strong></span> 
     </span>
    </p>

    <p class='ocr_par' dir='ltr' id='par_1_3' title="bbox 247 995 1464 1602">
     <span class='ocr_line' id='line_1_4' title="bbox 247 995 1464 1080; baseline -0.002 -19"><span class='ocrx_word' id='word_1_24' title='bbox 247 996 296 1061; x_wconf 86' lang='lat' dir='ltr'><strong>vit</strong></span> <span class='ocrx_word' id='word_1_25' title='bbox 329 997 524 1079; x_wconf 86' lang='lat' dir='ltr'><strong>insequitur,</strong></span> <span class='ocrx_word' id='word_1_26' title='bbox 552 995 693 1078; x_wconf 88' lang='lat' dir='ltr'><strong>adjectis</strong></span> <span class='ocrx_word' id='word_1_27' title='bbox 720 997 877 1060; x_wconf 90' lang='lat' dir='ltr'><strong>conviciis</strong></span> <span class='ocrx_word' id='word_1_28' title='bbox 912 997 1271 1080; x_wconf 85' lang='lat' dir='ltr'><strong>maledictionibusque.</strong></span> <span class='ocrx_word' id='word_1_29' title='bbox 1322 996 1398 1060; x_wconf 92' lang='lat' dir='ltr'><strong>Hoc</strong></span> <span class='ocrx_word' id='word_1_30' title='bbox 1460 1041 1464 1048; x_wconf 67' lang='grc'><strong>»</strong></span> 
     </span>
     <span class='ocr_line' id='line_1_5' title="bbox 248 1101 1398 1186; baseline -0.001 -21"><span class='ocrx_word' id='word_1_31' title='bbox 248 1122 315 1166; x_wconf 89' lang='lat' dir='ltr'><strong>non</strong></span> <span class='ocrx_word' id='word_1_32' title='bbox 335 1101 414 1165; x_wconf 85' lang='lat' dir='ltr'><strong>iacit</strong></span> <span class='ocrx_word' id='word_1_33' title='bbox 431 1101 541 1176; x_wconf 83' lang='lat' dir='ltr'><strong>Ratio,</strong></span> <span class='ocrx_word' id='word_1_34' title='bbox 557 1102 625 1177; x_wconf 91' lang='lat' dir='ltr'><strong>sed,</strong></span> <span class='ocrx_word' id='word_1_35' title='bbox 641 1102 670 1164; x_wconf 91' lang='lat' dir='ltr'><strong>si</strong></span> <span class='ocrx_word' id='word_1_36' title='bbox 690 1102 739 1165; x_wconf 91' lang='lat' dir='ltr'><strong>ita</strong></span> <span class='ocrx_word' id='word_1_37' title='bbox 754 1121 839 1182; x_wconf 87' lang='lat' dir='ltr'><strong>opus</strong></span> <span class='ocrx_word' id='word_1_38' title='bbox 859 1110 919 1178; x_wconf 89' lang='lat' dir='ltr'><strong>est,</strong></span> <span class='ocrx_word' id='word_1_39' title='bbox 935 1101 1034 1165; x_wconf 89' lang='lat' dir='ltr'><strong>silens</strong></span> <span class='ocrx_word' id='word_1_40' title='bbox 1054 1104 1167 1186; x_wconf 90' lang='lat' dir='ltr'><strong>quieta</strong></span> <span class='ocrx_word' id='word_1_41' title='bbox 1190 1101 1330 1166; x_wconf 79' lang='lat' dir='ltr'><strong>familias</strong></span> <span class='ocrx_word' id='word_1_42' title='bbox 1351 1102 1398 1164; x_wconf 90' lang='lat' dir='ltr'><strong>rei</strong></span> 
     </span>
     <span class='ocr_line' id='line_1_6' title="bbox 247 1204 1399 1290; baseline -0.001 -21"><span class='ocrx_word' id='word_1_43' title='bbox 247 1204 400 1290; x_wconf 88' lang='lat' dir='ltr'><strong>publicae</strong></span> <span class='ocrx_word' id='word_1_44' title='bbox 431 1205 624 1288; x_wconf 87' lang='lat' dir='ltr'><strong>pestilentes</strong></span> <span class='ocrx_word' id='word_1_45' title='bbox 647 1224 723 1269; x_wconf 91' lang='lat' dir='ltr'><strong>cum</strong></span> <span class='ocrx_word' id='word_1_46' title='bbox 750 1205 947 1288; x_wconf 86' lang='lat' dir='ltr'><strong>conjugibus</strong></span> <span class='ocrx_word' id='word_1_47' title='bbox 970 1227 1010 1269; x_wconf 91' lang='lat' dir='ltr'><strong>ac</strong></span> <span class='ocrx_word' id='word_1_48' title='bbox 1038 1205 1149 1270; x_wconf 87' lang='lat' dir='ltr'><strong>liberis</strong></span> <span class='ocrx_word' id='word_1_49' title='bbox 1167 1207 1285 1290; x_wconf 90' lang='lat' dir='ltr'><strong>perdit,</strong></span> <span class='ocrx_word' id='word_1_50' title='bbox 1310 1215 1399 1270; x_wconf 92' lang='lat' dir='ltr'><strong>tecta</strong></span> 
     </span>
     <span class='ocr_line' id='line_1_7' title="bbox 249 1309 1399 1393; baseline 0 -21"><span class='ocrx_word' id='word_1_51' title='bbox 249 1310 323 1393; x_wconf 79' lang='lat' dir='ltr'><strong>ipsa</strong></span> <span class='ocrx_word' id='word_1_52' title='bbox 342 1311 451 1389; x_wconf 87' lang='lat' dir='ltr'><strong>dimit,</strong></span> <span class='ocrx_word' id='word_1_53' title='bbox 466 1321 501 1373; x_wconf 91' lang='lat' dir='ltr'><strong>et</strong></span> <span class='ocrx_word' id='word_1_54' title='bbox 521 1309 595 1375; x_wconf 88' lang='lat' dir='ltr'><strong>solo</strong></span> <span class='ocrx_word' id='word_1_55' title='bbox 615 1320 791 1391; x_wconf 85' lang='lat' dir='ltr'><strong>exaequat,</strong></span> <span class='ocrx_word' id='word_1_56' title='bbox 807 1320 840 1374; x_wconf 89' lang='lat' dir='ltr'><strong>et</strong></span> <span class='ocrx_word' id='word_1_57' title='bbox 861 1311 997 1375; x_wconf 89' lang='lat' dir='ltr'><strong>inimica</strong></span> <span class='ocrx_word' id='word_1_58' title='bbox 1017 1310 1161 1375; x_wconf 86' lang='lat' dir='ltr'><strong>libertati</strong></span> <span class='ocrx_word' id='word_1_59' title='bbox 1180 1311 1316 1374; x_wconf 90' lang='lat' dir='ltr'><strong>nomina</strong></span> <span class='ocrx_word' id='word_1_60' title='bbox 1338 1331 1399 1372; x_wconf 85' lang='lat' dir='ltr'><strong>ex-</strong></span> 
     </span>
     <span class='ocr_line' id='line_1_8' title="bbox 248 1413 1399 1498; baseline -0.003 -18"><span class='ocrx_word' id='word_1_61' title='bbox 248 1415 362 1496; x_wconf 87' lang='lat' dir='ltr'><strong>tirpat,</strong></span> <span class='ocrx_word' id='word_1_62' title='bbox 384 1415 466 1478; x_wconf 90' lang='lat' dir='ltr'><strong>haec</strong></span> <span class='ocrx_word' id='word_1_63' title='bbox 486 1433 553 1478; x_wconf 91' lang='lat' dir='ltr'><strong>non</strong></span> <span class='ocrx_word' id='word_1_64' title='bbox 574 1413 729 1478; x_wconf 82' lang='lat' dir='ltr'><strong>frendens</strong></span> <span class='ocrx_word' id='word_1_65' title='bbox 751 1435 811 1479; x_wconf 87' lang='lat' dir='ltr'><strong>nec</strong></span> <span class='ocrx_word' id='word_1_66' title='bbox 833 1425 935 1495; x_wconf 88' lang='lat' dir='ltr'><strong>caput</strong></span> <span class='ocrx_word' id='word_1_67' title='bbox 957 1435 1117 1497; x_wconf 88' lang='lat' dir='ltr'><strong>quassans</strong></span> <span class='ocrx_word' id='word_1_68' title='bbox 1140 1435 1200 1478; x_wconf 88' lang='lat' dir='ltr'><strong>nec</strong></span> <span class='ocrx_word' id='word_1_69' title='bbox 1222 1415 1399 1498; x_wconf 91' lang='lat' dir='ltr'><strong>quicquam</strong></span> 
     </span>
     <span class='ocr_line' id='line_1_9' title="bbox 248 1516 577 1602; baseline 0 -20"><span class='ocrx_word' id='word_1_70' title='bbox 248 1518 440 1582; x_wconf 88' lang='lat' dir='ltr'><strong>indecorum</strong></span> <span class='ocrx_word' id='word_1_71' title='bbox 455 1516 577 1602; x_wconf 76' lang='lat' dir='ltr'><strong>agens’</strong></span> 
     </span>
    </p>

    <p class='ocr_par' dir='ltr' id='par_1_4' title="bbox 248 1622 1552 4627">
     <span class='ocr_line' id='line_1_10' title="bbox 294 1622 1523 1706; baseline 0.006 -21"><span class='ocrx_word' id='word_1_72' title='bbox 294 1622 340 1687; x_wconf 90' lang='lat' dir='ltr'><strong>Et</strong></span> <span class='ocrx_word' id='word_1_73' title='bbox 366 1624 486 1686; x_wconf 87' lang='lat' dir='ltr'><strong>iterum</strong></span> <span class='ocrx_word' id='word_1_74' title='bbox 510 1623 564 1685; x_wconf 86' lang='lat' dir='ltr'><strong>Ira</strong></span> <span class='ocrx_word' id='word_1_75' title='bbox 590 1622 750 1686; x_wconf 88' lang='lat' dir='ltr'><strong>rationem</strong></span> <span class='ocrx_word' id='word_1_76' title='bbox 776 1623 913 1687; x_wconf 85' lang='lat' dir='ltr'><strong>deducit</strong></span> <span class='ocrx_word' id='word_1_77' title='bbox 937 1623 969 1686; x_wconf 93' lang='lat' dir='ltr'><strong>in</strong></span> <span class='ocrx_word' id='word_1_78' title='bbox 997 1623 1156 1687; x_wconf 90' lang='lat' dir='ltr'><strong>insaniam</strong></span> <span class='ocrx_word' id='word_1_79' title='bbox 1185 1632 1219 1685; x_wconf 92' lang='lat' dir='ltr'><strong>et</strong></span> <span class='ocrx_word' id='word_1_80' title='bbox 1245 1622 1523 1706; x_wconf 77' lang='lat' dir='ltr'><strong>furoremcompn·</strong></span> 
     </span>
     <span class='ocr_line' id='line_1_11' title="bbox 250 1707 1552 1823; baseline -0.001 -33"><span class='ocrx_word' id='word_1_81' title='bbox 250 1726 339 1790; x_wconf 92' lang='lat' dir='ltr'><strong>Nam</strong></span> <span class='ocrx_word' id='word_1_82' title='bbox 371 1726 498 1792; x_wconf 78' lang='lat' dir='ltr'><strong>Seneca</strong></span> <span class='ocrx_word' id='word_1_83' title='bbox 532 1727 565 1790; x_wconf 90' lang='lat' dir='ltr'><strong>in</strong></span> <span class='ocrx_word' id='word_1_84' title='bbox 597 1726 663 1789; x_wconf 86' lang='lat' dir='ltr'><strong>fine</strong></span> <span class='ocrx_word' id='word_1_85' title='bbox 695 1727 833 1790; x_wconf 87' lang='lat' dir='ltr'><strong>secundi</strong></span> <span class='ocrx_word' id='word_1_86' title='bbox 863 1727 938 1790; x_wconf 89' lang='lat' dir='ltr'><strong>libri</strong></span> <span class='ocrx_word' id='word_1_87' title='bbox 969 1727 1012 1791; x_wconf 91' lang='lat' dir='ltr'><strong>de</strong></span> <span class='ocrx_word' id='word_1_88' title='bbox 1042 1727 1097 1791; x_wconf 88' lang='lat' dir='ltr'><strong>Ira</strong></span> <span class='ocrx_word' id='word_1_89' title='bbox 1130 1727 1219 1802; x_wconf 92' lang='lat' dir='ltr'><strong>dicit,</strong></span> <span class='ocrx_word' id='word_1_90' title='bbox 1250 1707 1552 1823; x_wconf 51' lang='lat' dir='ltr'><strong>‘Nulla1ffiaf&#39;lh</strong></span> 
     </span>
     <span class='ocr_line' id='line_1_12' title="bbox 248 1829 1402 1913; baseline 0.001 -20"><span class='ocrx_word' id='word_1_91' title='bbox 248 1830 385 1895; x_wconf 88' lang='lat' dir='ltr'><strong>celerior</strong></span> <span class='ocrx_word' id='word_1_92' title='bbox 409 1832 453 1893; x_wconf 92' lang='lat' dir='ltr'><strong>ad</strong></span> <span class='ocrx_word' id='word_1_93' title='bbox 479 1829 641 1893; x_wconf 88' lang='lat' dir='ltr'><strong>insaniam</strong></span> <span class='ocrx_word' id='word_1_94' title='bbox 667 1830 722 1892; x_wconf 90' lang='lat' dir='ltr'><strong>via</strong></span> <span class='ocrx_word' id='word_1_95' title='bbox 747 1839 807 1893; x_wconf 90' lang='lat' dir='ltr'><strong>est.</strong></span> <span class='ocrx_word' id='word_1_96' title='bbox 856 1831 956 1895; x_wconf 90' lang='lat' dir='ltr'><strong>Multi</strong></span> <span class='ocrx_word' id='word_1_97' title='bbox 983 1829 1096 1913; x_wconf 87' lang='lat' dir='ltr'><strong>itaque</strong></span> <span class='ocrx_word' id='word_1_98' title='bbox 1126 1832 1402 1895; x_wconf 89' lang='lat' dir='ltr'><strong>continuaverunt</strong></span> 
     </span>
     <span class='ocr_line' id='line_1_13' title="bbox 249 1933 1401 2017; baseline -0.001 -17"><span class='ocrx_word' id='word_1_99' title='bbox 249 1937 318 2000; x_wconf 90' lang='lat' dir='ltr'><strong>irae</strong></span> <span class='ocrx_word' id='word_1_100' title='bbox 344 1934 496 2013; x_wconf 83' lang='lat' dir='ltr'><strong>sutorem,</strong></span> <span class='ocrx_word' id='word_1_101' title='bbox 522 1953 583 1998; x_wconf 88' lang='lat' dir='ltr'><strong>nec</strong></span> <span class='ocrx_word' id='word_1_102' title='bbox 607 1955 707 2017; x_wconf 92' lang='lat' dir='ltr'><strong>quam</strong></span> <span class='ocrx_word' id='word_1_103' title='bbox 739 1933 936 2017; x_wconf 87' lang='lat' dir='ltr'><strong>expulerant</strong></span> <span class='ocrx_word' id='word_1_104' title='bbox 963 1946 1108 1998; x_wconf 87' lang='lat' dir='ltr'><strong>mentem</strong></span> <span class='ocrx_word' id='word_1_105' title='bbox 1136 1954 1281 2017; x_wconf 88' lang='lat' dir='ltr'><strong>unquam</strong></span> <span class='ocrx_word' id='word_1_106' title='bbox 1312 1956 1401 2000; x_wconf 89' lang='lat' dir='ltr'><strong>rece-</strong></span> 
     </span>
     <span class='ocr_line' id='line_1_14' title="bbox 250 2039 1402 2124; baseline -0.001 -21"><span class='ocrx_word' id='word_1_107' title='bbox 250 2050 379 2124; x_wconf 88' lang='lat' dir='ltr'><strong>perunt.</strong></span> <span class='ocrx_word' id='word_1_108' title='bbox 424 2039 564 2120; x_wconf 86' lang='lat' dir='ltr'><strong>Ajacem</strong></span> <span class='ocrx_word' id='word_1_109' title='bbox 588 2039 621 2100; x_wconf 93' lang='lat' dir='ltr'><strong>in</strong></span> <span class='ocrx_word' id='word_1_110' title='bbox 645 2049 786 2101; x_wconf 91' lang='lat' dir='ltr'><strong>mortem</strong></span> <span class='ocrx_word' id='word_1_111' title='bbox 808 2039 878 2121; x_wconf 86' lang='lat' dir='ltr'><strong>egit</strong></span> <span class='ocrx_word' id='word_1_112' title='bbox 901 2039 998 2115; x_wconf 82' lang='lat' dir='ltr'><strong>furor,</strong></span> <span class='ocrx_word' id='word_1_113' title='bbox 1021 2040 1053 2103; x_wconf 91' lang='lat' dir='ltr'><strong>in</strong></span> <span class='ocrx_word' id='word_1_114' title='bbox 1076 2039 1219 2103; x_wconf 81' lang='lat' dir='ltr'><strong>furorem</strong></span> <span class='ocrx_word' id='word_1_115' title='bbox 1242 2039 1310 2103; x_wconf 70' lang='lat' dir='ltr'><strong>ira.¹</strong></span> <span class='ocrx_word' id='word_1_116' title='bbox 1356 2039 1402 2102; x_wconf 91' lang='lat' dir='ltr'><strong>Et</strong></span> 
     </span>
     <span class='ocr_line' id='line_1_15' title="bbox 250 2141 1470 2226; baseline -0.002 -19"><span class='ocrx_word' id='word_1_117' title='bbox 250 2145 284 2207; x_wconf 89' lang='lat' dir='ltr'><strong>in</strong></span> <span class='ocrx_word' id='word_1_118' title='bbox 304 2144 405 2209; x_wconf 88' lang='lat' dir='ltr'><strong>tertio</strong></span> <span class='ocrx_word' id='word_1_119' title='bbox 428 2143 517 2218; x_wconf 91' lang='lat' dir='ltr'><strong>dicit,</strong></span> <span class='ocrx_word' id='word_1_120' title='bbox 534 2141 642 2225; x_wconf 85' lang='lat' dir='ltr'><strong>‘Quid</strong></span> <span class='ocrx_word' id='word_1_121' title='bbox 666 2141 792 2226; x_wconf 81' lang='lat' dir='ltr'><strong>erg0²?</strong></span> <span class='ocrx_word' id='word_1_122' title='bbox 819 2163 938 2206; x_wconf 89' lang='lat' dir='ltr'><strong>sanum</strong></span> <span class='ocrx_word' id='word_1_123' title='bbox 962 2143 1049 2206; x_wconf 92' lang='lat' dir='ltr'><strong>hunc</strong></span> <span class='ocrx_word' id='word_1_124' title='bbox 1070 2142 1188 2225; x_wconf 91' lang='lat' dir='ltr'><strong>aliquis</strong></span> <span class='ocrx_word' id='word_1_125' title='bbox 1209 2152 1315 2218; x_wconf 85' lang='lat' dir='ltr'><strong>vocat,</strong></span> <span class='ocrx_word' id='word_1_126' title='bbox 1335 2144 1400 2225; x_wconf 91' lang='lat' dir='ltr'><strong>qui,</strong></span> <span class='ocrx_word' id='word_1_127' title='bbox 1461 2180 1470 2186; x_wconf 98' lang='lat'>-</span> 
     </span>
     <span class='ocr_line' id='line_1_16' title="bbox 249 2247 1403 2331; baseline 0 -20"><span class='ocrx_word' id='word_1_128' title='bbox 249 2248 341 2312; x_wconf 85' lang='lat' dir='ltr'><strong>velut</strong></span> <span class='ocrx_word' id='word_1_129' title='bbox 352 2257 553 2330; x_wconf 83' lang='lat' dir='ltr'><strong>tempestate</strong></span> <span class='ocrx_word' id='word_1_130' title='bbox 568 2257 747 2331; x_wconf 88' lang='lat' dir='ltr'><strong>correptus,</strong></span> <span class='ocrx_word' id='word_1_131' title='bbox 762 2267 829 2311; x_wconf 87' lang='lat' dir='ltr'><strong>non</strong></span> <span class='ocrx_word' id='word_1_132' title='bbox 845 2248 880 2325; x_wconf 90' lang='lat' dir='ltr'><strong>it,</strong></span> <span class='ocrx_word' id='word_1_133' title='bbox 895 2248 953 2310; x_wconf 92' lang='lat' dir='ltr'><strong>sed</strong></span> <span class='ocrx_word' id='word_1_134' title='bbox 974 2247 1085 2330; x_wconf 87' lang='lat' dir='ltr'><strong>agitur</strong></span> <span class='ocrx_word' id='word_1_135' title='bbox 1099 2267 1108 2326; x_wconf 91' lang='lat'>;</span> <span class='ocrx_word' id='word_1_136' title='bbox 1129 2257 1163 2311; x_wconf 90' lang='lat' dir='ltr'><strong>et</strong></span> <span class='ocrx_word' id='word_1_137' title='bbox 1179 2247 1296 2311; x_wconf 81' lang='lat' dir='ltr'><strong>furenti</strong></span> <span class='ocrx_word' id='word_1_138' title='bbox 1313 2248 1403 2311; x_wconf 89' lang='lat' dir='ltr'><strong>malo</strong></span> 
     </span>
     <span class='ocr_line' id='line_1_17' title="bbox 249 2350 1402 2436; baseline -0.003 -18"><span class='ocrx_word' id='word_1_139' title='bbox 249 2353 350 2418; x_wconf 86' lang='lat' dir='ltr'><strong>servit</strong></span> <span class='ocrx_word' id='word_1_140' title='bbox 366 2373 426 2415; x_wconf 91' lang='lat' dir='ltr'><strong>nec</strong></span> <span class='ocrx_word' id='word_1_141' title='bbox 439 2352 575 2415; x_wconf 84' lang='lat' dir='ltr'><strong>mandat</strong></span> <span class='ocrx_word' id='word_1_142' title='bbox 593 2351 751 2416; x_wconf 90' lang='lat' dir='ltr'><strong>ultionem</strong></span> <span class='ocrx_word' id='word_1_143' title='bbox 767 2371 872 2428; x_wconf 85' lang='lat' dir='ltr'><strong>suam,</strong></span> <span class='ocrx_word' id='word_1_144' title='bbox 885 2353 944 2416; x_wconf 87' lang='lat' dir='ltr'><strong>sed</strong></span> <span class='ocrx_word' id='word_1_145' title='bbox 961 2353 1032 2436; x_wconf 89' lang='lat' dir='ltr'><strong>ipse</strong></span> <span class='ocrx_word' id='word_1_146' title='bbox 1052 2350 1123 2433; x_wconf 88' lang='lat' dir='ltr'><strong>ejus</strong></span> <span class='ocrx_word' id='word_1_147' title='bbox 1138 2361 1275 2416; x_wconf 89' lang='lat' dir='ltr'><strong>exactor</strong></span> <span class='ocrx_word' id='word_1_148' title='bbox 1289 2352 1402 2414; x_wconf 92' lang='lat' dir='ltr'><strong>animo</strong></span> 
     </span>
     <span class='ocr_line' id='line_1_18' title="bbox 250 2447 1402 2538; baseline -0.001 -17"><span class='ocrx_word' id='word_1_149' title='bbox 250 2457 398 2522; x_wconf 88' lang='lat' dir='ltr'><strong>simulet</strong></span> <span class='ocrx_word' id='word_1_150' title='bbox 419 2477 519 2520; x_wconf 89' lang='lat' dir='ltr'><strong>manu</strong></span> <span class='ocrx_word' id='word_1_151' title='bbox 539 2452 666 2519; x_wconf 80' lang='lat' dir='ltr'><strong>saevit’</strong></span> <span class='ocrx_word' id='word_1_152' title='bbox 712 2456 758 2520; x_wconf 90' lang='lat' dir='ltr'><strong>Et</strong></span> <span class='ocrx_word' id='word_1_153' title='bbox 778 2457 810 2518; x_wconf 91' lang='lat' dir='ltr'><strong>in</strong></span> <span class='ocrx_word' id='word_1_154' title='bbox 826 2457 936 2538; x_wconf 90' lang='lat' dir='ltr'><strong>primo</strong></span> <span class='ocrx_word' id='word_1_155' title='bbox 956 2456 1040 2520; x_wconf 90' lang='lat' dir='ltr'><strong>libro</strong></span> <span class='ocrx_word' id='word_1_156' title='bbox 1061 2455 1162 2520; x_wconf 91' lang='lat' dir='ltr'><strong>dicit:</strong></span> <span class='ocrx_word' id='word_1_157' title='bbox 1201 2455 1296 2521; x_wconf 85' lang='lat' dir='ltr'><strong>‘Ut³</strong></span> <span class='ocrx_word' id='word_1_158' title='bbox 1317 2447 1402 2520; x_wconf 82' lang='lat' dir='ltr'><strong>scias</strong></span> 
     </span>
     <span class='ocr_line' id='line_1_19' title="bbox 250 2560 1400 2644; baseline -0.003 -18"><span class='ocrx_word' id='word_1_159' title='bbox 250 2563 380 2627; x_wconf 91' lang='lat' dir='ltr'><strong>animos</strong></span> <span class='ocrx_word' id='word_1_160' title='bbox 409 2581 476 2624; x_wconf 90' lang='lat' dir='ltr'><strong>non</strong></span> <span class='ocrx_word' id='word_1_161' title='bbox 505 2581 577 2624; x_wconf 80' lang='lat' dir='ltr'><strong>esse</strong></span> <span class='ocrx_word' id='word_1_162' title='bbox 605 2580 704 2624; x_wconf 89' lang='lat' dir='ltr'><strong>sanos</strong></span> <span class='ocrx_word' id='word_1_163' title='bbox 733 2580 817 2642; x_wconf 86' lang='lat' dir='ltr'><strong>quos</strong></span> <span class='ocrx_word' id='word_1_164' title='bbox 853 2560 901 2623; x_wconf 87' lang='lat' dir='ltr'><strong>ira</strong></span> <span class='ocrx_word' id='word_1_165' title='bbox 938 2561 1096 2643; x_wconf 78' lang='lat' dir='ltr'><strong>possedit,</strong></span> <span class='ocrx_word' id='word_1_166' title='bbox 1127 2561 1236 2644; x_wconf 91' lang='lat' dir='ltr'><strong>ipsum</strong></span> <span class='ocrx_word' id='word_1_167' title='bbox 1271 2560 1400 2625; x_wconf 91' lang='lat' dir='ltr'><strong>illorum</strong></span> 
     </span>
     <span class='ocr_line' id='line_1_20' title="bbox 250 2663 1402 2741; baseline 0 -13"><span class='ocrx_word' id='word_1_168' title='bbox 250 2666 401 2730; x_wconf 85' lang='lat' dir='ltr'><strong>habitum</strong></span> <span class='ocrx_word' id='word_1_169' title='bbox 438 2666 587 2728; x_wconf 77' lang='lat' dir='ltr'><strong>intuere·</strong></span> <span class='ocrx_word' id='word_1_170' title='bbox 618 2664 708 2728; x_wconf 92' lang='lat' dir='ltr'><strong>Nam</strong></span> <span class='ocrx_word' id='word_1_171' title='bbox 746 2673 783 2728; x_wconf 92' lang='lat' dir='ltr'><strong>ut</strong></span> <span class='ocrx_word' id='word_1_172' title='bbox 819 2663 999 2728; x_wconf 80' lang='lat' dir='ltr'><strong>furentium</strong></span> <span class='ocrx_word' id='word_1_173' title='bbox 1039 2677 1130 2730; x_wconf 86' lang='lat' dir='ltr'><strong>certa</strong></span> <span class='ocrx_word' id='word_1_174' title='bbox 1167 2665 1287 2729; x_wconf 91' lang='lat' dir='ltr'><strong>indicia</strong></span> <span class='ocrx_word' id='word_1_175' title='bbox 1316 2676 1402 2741; x_wconf 89' lang='lat' dir='ltr'><strong>sunt,</strong></span> 
     </span>
     <span class='ocr_line' id='line_1_21' title="bbox 250 2768 1404 2845; baseline -0.004 -10"><span class='ocrx_word' id='word_1_176' title='bbox 250 2772 364 2835; x_wconf 89' lang='lat' dir='ltr'><strong>audax</strong></span> <span class='ocrx_word' id='word_1_177' title='bbox 393 2781 427 2833; x_wconf 89' lang='lat' dir='ltr'><strong>et</strong></span> <span class='ocrx_word' id='word_1_178' title='bbox 458 2769 573 2832; x_wconf 86' lang='lat' dir='ltr'><strong>minax</strong></span> <span class='ocrx_word' id='word_1_179' title='bbox 601 2768 722 2845; x_wconf 89' lang='lat' dir='ltr'><strong>vultus,</strong></span> <span class='ocrx_word' id='word_1_180' title='bbox 750 2769 854 2833; x_wconf 90' lang='lat' dir='ltr'><strong>tristis</strong></span> <span class='ocrx_word' id='word_1_181' title='bbox 884 2768 983 2842; x_wconf 80' lang='lat' dir='ltr'><strong>frons,</strong></span> <span class='ocrx_word' id='word_1_182' title='bbox 1014 2779 1109 2833; x_wconf 87' lang='lat' dir='ltr'><strong>torva</strong></span> <span class='ocrx_word' id='word_1_183' title='bbox 1144 2768 1249 2842; x_wconf 84' lang='lat' dir='ltr'><strong>iacies,</strong></span> <span class='ocrx_word' id='word_1_184' title='bbox 1282 2769 1404 2831; x_wconf 89' lang='lat' dir='ltr'><strong>citatus</strong></span> 
     </span>
     <span class='ocr_line' id='line_1_22' title="bbox 250 2871 1405 2958; baseline -0.003 -19"><span class='ocrx_word' id='word_1_185' title='bbox 250 2876 383 2958; x_wconf 87' lang='lat' dir='ltr'><strong>gradus,</strong></span> <span class='ocrx_word' id='word_1_186' title='bbox 398 2873 566 2956; x_wconf 90' lang='lat' dir='ltr'><strong>inquietae</strong></span> <span class='ocrx_word' id='word_1_187' title='bbox 583 2893 713 2951; x_wconf 89' lang='lat' dir='ltr'><strong>manus,</strong></span> <span class='ocrx_word' id='word_1_188' title='bbox 732 2874 822 2937; x_wconf 89' lang='lat' dir='ltr'><strong>color</strong></span> <span class='ocrx_word' id='word_1_189' title='bbox 836 2893 960 2949; x_wconf 85' lang='lat' dir='ltr'><strong>versus,</strong></span> <span class='ocrx_word' id='word_1_190' title='bbox 982 2875 1096 2937; x_wconf 85' lang='lat' dir='ltr'><strong>crebra</strong></span> <span class='ocrx_word' id='word_1_191' title='bbox 1119 2881 1153 2935; x_wconf 88' lang='lat' dir='ltr'><strong>et</strong></span> <span class='ocrx_word' id='word_1_192' title='bbox 1177 2871 1405 2936; x_wconf 88' lang='lat' dir='ltr'><strong>vehementius</strong></span> 
     </span>
     <span class='ocr_line' id='line_1_23' title="bbox 250 2975 1402 3061; baseline -0.002 -18"><span class='ocrx_word' id='word_1_193' title='bbox 250 2989 326 3043; x_wconf 90' lang='lat' dir='ltr'><strong>acta</strong></span> <span class='ocrx_word' id='word_1_194' title='bbox 355 2978 504 3061; x_wconf 86' lang='lat' dir='ltr'><strong>suspiria,</strong></span> <span class='ocrx_word' id='word_1_195' title='bbox 526 2979 575 3042; x_wconf 88' lang='lat' dir='ltr'><strong>ita</strong></span> <span class='ocrx_word' id='word_1_196' title='bbox 604 2978 814 3042; x_wconf 88' lang='lat' dir='ltr'><strong>irascentium</strong></span> <span class='ocrx_word' id='word_1_197' title='bbox 846 2979 964 3042; x_wconf 89' lang='lat' dir='ltr'><strong>eadem</strong></span> <span class='ocrx_word' id='word_1_198' title='bbox 1000 2990 1077 3042; x_wconf 90' lang='lat' dir='ltr'><strong>sunt</strong></span> <span class='ocrx_word' id='word_1_199' title='bbox 1108 2977 1225 3059; x_wconf 81' lang='lat' dir='ltr'><strong>signa3</strong></span> <span class='ocrx_word' id='word_1_200' title='bbox 1252 2975 1402 3058; x_wconf 87' lang='lat' dir='ltr'><strong>flagrant,</strong></span> 
     </span>
     <span class='ocr_line' id='line_1_24' title="bbox 252 3081 1402 3161; baseline -0.003 -14"><span class='ocrx_word' id='word_1_201' title='bbox 252 3084 394 3148; x_wconf 86' lang='lat' dir='ltr'><strong>emicant</strong></span> <span class='ocrx_word' id='word_1_202' title='bbox 415 3082 524 3146; x_wconf 88' lang='lat' dir='ltr'><strong>oculi:</strong></span> <span class='ocrx_word' id='word_1_203' title='bbox 547 3081 672 3145; x_wconf 88' lang='lat' dir='ltr'><strong>multus</strong></span> <span class='ocrx_word' id='word_1_204' title='bbox 693 3102 750 3146; x_wconf 85' lang='lat' dir='ltr'><strong>ore</strong></span> <span class='ocrx_word' id='word_1_205' title='bbox 779 3091 854 3146; x_wconf 88' lang='lat' dir='ltr'><strong>toto</strong></span> <span class='ocrx_word' id='word_1_206' title='bbox 882 3083 994 3161; x_wconf 86' lang='lat' dir='ltr'><strong>rubor,</strong></span> <span class='ocrx_word' id='word_1_207' title='bbox 1017 3091 1233 3144; x_wconf 87' lang='lat' dir='ltr'><strong>exaestuante</strong></span> <span class='ocrx_word' id='word_1_208' title='bbox 1255 3082 1299 3145; x_wconf 86' lang='lat' dir='ltr'><strong>ab</strong></span> <span class='ocrx_word' id='word_1_209' title='bbox 1329 3081 1402 3144; x_wconf 92' lang='lat' dir='ltr'><strong>imis</strong></span> 
     </span>
     <span class='ocr_line' id='line_1_25' title="bbox 251 3185 1402 3271; baseline -0.003 -19"><span class='ocrx_word' id='word_1_210' title='bbox 251 3188 454 3271; x_wconf 88' lang='lat' dir='ltr'><strong>praecordiis</strong></span> <span class='ocrx_word' id='word_1_211' title='bbox 468 3187 650 3270; x_wconf 84' lang='lat' dir='ltr'><strong>sanguine;</strong></span> <span class='ocrx_word' id='word_1_212' title='bbox 673 3185 766 3251; x_wconf 88' lang='lat' dir='ltr'><strong>labra</strong></span> <span class='ocrx_word' id='word_1_213' title='bbox 781 3186 983 3268; x_wconf 88' lang='lat' dir='ltr'><strong>quatiuntur,</strong></span> <span class='ocrx_word' id='word_1_214' title='bbox 998 3187 1115 3251; x_wconf 89' lang='lat' dir='ltr'><strong>dentes</strong></span> <span class='ocrx_word' id='word_1_215' title='bbox 1129 3187 1402 3268; x_wconf 87' lang='lat' dir='ltr'><strong>comprimuntur,</strong></span> 
     </span>
     <span class='ocr_line' id='line_1_26' title="bbox 252 3291 1402 3377; baseline -0.002 -21"><span class='ocrx_word' id='word_1_216' title='bbox 252 3294 386 3358; x_wconf 91' lang='lat' dir='ltr'><strong>horrent</strong></span> <span class='ocrx_word' id='word_1_217' title='bbox 416 3314 455 3356; x_wconf 90' lang='lat' dir='ltr'><strong>ac</strong></span> <span class='ocrx_word' id='word_1_218' title='bbox 484 3293 656 3376; x_wconf 84' lang='lat' dir='ltr'><strong>subrigent</strong></span> <span class='ocrx_word' id='word_1_219' title='bbox 691 3293 811 3377; x_wconf 87' lang='lat' dir='ltr'><strong>capilli,</strong></span> <span class='ocrx_word' id='word_1_220' title='bbox 840 3294 975 3377; x_wconf 89' lang='lat' dir='ltr'><strong>spiritus</strong></span> <span class='ocrx_word' id='word_1_221' title='bbox 1011 3303 1147 3356; x_wconf 90' lang='lat' dir='ltr'><strong>coactus</strong></span> <span class='ocrx_word' id='word_1_222' title='bbox 1182 3311 1221 3356; x_wconf 89' lang='lat' dir='ltr'><strong>ac</strong></span> <span class='ocrx_word' id='word_1_223' title='bbox 1251 3291 1402 3365; x_wconf 89' lang='lat' dir='ltr'><strong>stridens,</strong></span> 
     </span>
     <span class='ocr_line' id='line_1_27' title="bbox 251 3397 1403 3481; baseline -0.004 -18"><span class='ocrx_word' id='word_1_224' title='bbox 251 3398 464 3463; x_wconf 88' lang='lat' dir='ltr'><strong>articulorum</strong></span> <span class='ocrx_word' id='word_1_225' title='bbox 486 3419 522 3462; x_wconf 91' lang='lat' dir='ltr'><strong>se</strong></span> <span class='ocrx_word' id='word_1_226' title='bbox 538 3397 628 3481; x_wconf 84' lang='lat' dir='ltr'><strong>ipsos</strong></span> <span class='ocrx_word' id='word_1_227' title='bbox 651 3398 878 3479; x_wconf 88' lang='lat' dir='ltr'><strong>torquentium</strong></span> <span class='ocrx_word' id='word_1_228' title='bbox 894 3417 1004 3471; x_wconf 72' lang='lat' dir='ltr'><strong>sonus¹</strong></span> <span class='ocrx_word' id='word_1_229' title='bbox 1026 3397 1171 3478; x_wconf 82' lang='lat' dir='ltr'><strong>gemitus</strong></span> <span class='ocrx_word' id='word_1_230' title='bbox 1193 3397 1403 3478; x_wconf 86' lang='lat' dir='ltr'><strong>mugitusque</strong></span> 
     </span>
     <span class='ocr_line' id='line_1_28' title="bbox 252 3499 1404 3585; baseline -0.004 -18"><span class='ocrx_word' id='word_1_231' title='bbox 252 3512 287 3567; x_wconf 94' lang='lat' dir='ltr'><strong>et</strong></span> <span class='ocrx_word' id='word_1_232' title='bbox 300 3522 419 3585; x_wconf 90' lang='lat' dir='ltr'><strong>parum</strong></span> <span class='ocrx_word' id='word_1_233' title='bbox 440 3501 629 3585; x_wconf 86' lang='lat' dir='ltr'><strong>explanatis</strong></span> <span class='ocrx_word' id='word_1_234' title='bbox 646 3502 784 3567; x_wconf 85' lang='lat' dir='ltr'><strong>vocibus</strong></span> <span class='ocrx_word' id='word_1_235' title='bbox 805 3522 915 3566; x_wconf 88' lang='lat' dir='ltr'><strong>sermo</strong></span> <span class='ocrx_word' id='word_1_236' title='bbox 937 3511 1134 3583; x_wconf 87' lang='lat' dir='ltr'><strong>praeruptus</strong></span> <span class='ocrx_word' id='word_1_237' title='bbox 1156 3511 1190 3564; x_wconf 89' lang='lat' dir='ltr'><strong>et</strong></span> <span class='ocrx_word' id='word_1_238' title='bbox 1213 3499 1404 3582; x_wconf 89' lang='lat' dir='ltr'><strong>complosae</strong></span> 
     </span>
     <span class='ocr_line' id='line_1_29' title="bbox 253 3603 1404 3689; baseline -0.003 -19"><span class='ocrx_word' id='word_1_239' title='bbox 253 3607 386 3689; x_wconf 89' lang='lat' dir='ltr'><strong>saepius</strong></span> <span class='ocrx_word' id='word_1_240' title='bbox 400 3626 526 3683; x_wconf 89' lang='lat' dir='ltr'><strong>manus,</strong></span> <span class='ocrx_word' id='word_1_241' title='bbox 547 3615 582 3670; x_wconf 89' lang='lat' dir='ltr'><strong>et</strong></span> <span class='ocrx_word' id='word_1_242' title='bbox 601 3605 734 3689; x_wconf 89' lang='lat' dir='ltr'><strong>pulsata</strong></span> <span class='ocrx_word' id='word_1_243' title='bbox 751 3606 872 3669; x_wconf 91' lang='lat' dir='ltr'><strong>humus</strong></span> <span class='ocrx_word' id='word_1_244' title='bbox 895 3607 1033 3688; x_wconf 92' lang='lat' dir='ltr'><strong>pedibus</strong></span> <span class='ocrx_word' id='word_1_245' title='bbox 1056 3615 1090 3670; x_wconf 92' lang='lat' dir='ltr'><strong>et</strong></span> <span class='ocrx_word' id='word_1_246' title='bbox 1112 3615 1221 3669; x_wconf 92' lang='lat' dir='ltr'><strong>totum</strong></span> <span class='ocrx_word' id='word_1_247' title='bbox 1237 3603 1404 3667; x_wconf 87' lang='lat' dir='ltr'><strong>concitum</strong></span> 
     </span>
     <span class='ocr_line' id='line_1_30' title="bbox 253 3708 1406 3794; baseline -0.004 -18"><span class='ocrx_word' id='word_1_248' title='bbox 253 3732 371 3793; x_wconf 88' lang='lat' dir='ltr'><strong>eorpus</strong></span> <span class='ocrx_word' id='word_1_249' title='bbox 403 3731 542 3794; x_wconf 87' lang='lat' dir='ltr'><strong>magnas</strong></span> <span class='ocrx_word' id='word_1_250' title='bbox 571 3709 640 3775; x_wconf 89' lang='lat' dir='ltr'><strong>irae</strong></span> <span class='ocrx_word' id='word_1_251' title='bbox 669 3710 775 3774; x_wconf 90' lang='lat' dir='ltr'><strong>minas</strong></span> <span class='ocrx_word' id='word_1_252' title='bbox 804 3730 916 3793; x_wconf 83' lang='lat' dir='ltr'><strong>agens,</strong></span> <span class='ocrx_word' id='word_1_253' title='bbox 950 3709 1047 3774; x_wconf 79' lang='lat' dir='ltr'><strong>foeda</strong></span> <span class='ocrx_word' id='word_1_254' title='bbox 1076 3712 1148 3773; x_wconf 87' lang='lat' dir='ltr'><strong>visu</strong></span> <span class='ocrx_word' id='word_1_255' title='bbox 1180 3718 1214 3772; x_wconf 91' lang='lat' dir='ltr'><strong>et</strong></span> <span class='ocrx_word' id='word_1_256' title='bbox 1240 3708 1406 3773; x_wconf 89' lang='lat' dir='ltr'><strong>horrenda</strong></span> 
     </span>
     <span class='ocr_line' id='line_1_31' title="bbox 254 3813 1404 3896; baseline -0.003 -18"><span class='ocrx_word' id='word_1_257' title='bbox 254 3814 354 3880; x_wconf 83' lang='lat' dir='ltr'><strong>facies</strong></span> <span class='ocrx_word' id='word_1_258' title='bbox 376 3861 385 3877; x_wconf 88' lang='lat'><strong>.</strong></span> <span class='ocrx_word' id='word_1_259' title='bbox 409 3859 417 3878; x_wconf 88' lang='lat'><strong>.</strong></span> <span class='ocrx_word' id='word_1_260' title='bbox 442 3862 449 3878; x_wconf 93' lang='lat'><strong>.</strong></span> <span class='ocrx_word' id='word_1_261' title='bbox 474 3814 614 3878; x_wconf 75' lang='lat' dir='ltr'><strong>Nescias</strong></span> <span class='ocrx_word' id='word_1_262' title='bbox 637 3823 747 3877; x_wconf 88' lang='lat' dir='ltr'><strong>utrum</strong></span> <span class='ocrx_word' id='word_1_263' title='bbox 779 3815 884 3896; x_wconf 88' lang='lat' dir='ltr'><strong>magis</strong></span> <span class='ocrx_word' id='word_1_264' title='bbox 914 3813 1112 3879; x_wconf 89' lang='lat' dir='ltr'><strong>detestabile</strong></span> <span class='ocrx_word' id='word_1_265' title='bbox 1141 3814 1257 3876; x_wconf 91' lang='lat' dir='ltr'><strong>vitium</strong></span> <span class='ocrx_word' id='word_1_266' title='bbox 1288 3813 1331 3876; x_wconf 88' lang='lat' dir='ltr'><strong>sit</strong></span> <span class='ocrx_word' id='word_1_267' title='bbox 1361 3833 1404 3875; x_wconf 89' lang='lat' dir='ltr'><strong>an</strong></span> 
     </span>
     <span class='ocr_line' id='line_1_32' title="bbox 253 3915 1403 3994; baseline -0.004 -11"><span class='ocrx_word' id='word_1_268' title='bbox 253 3915 420 3985; x_wconf 81' lang='lat' dir='ltr'><strong>deforme&#39;</strong></span> <span class='ocrx_word' id='word_1_269' title='bbox 467 3919 615 3984; x_wconf 90' lang='lat' dir='ltr'><strong>Demum</strong></span> <span class='ocrx_word' id='word_1_270' title='bbox 638 3928 711 3984; x_wconf 88' lang='lat' dir='ltr'><strong>tota</strong></span> <span class='ocrx_word' id='word_1_271' title='bbox 730 3918 923 3982; x_wconf 86' lang='lat' dir='ltr'><strong>innaturalis</strong></span> <span class='ocrx_word' id='word_1_272' title='bbox 946 3918 1072 3982; x_wconf 90' lang='lat' dir='ltr'><strong>homini</strong></span> <span class='ocrx_word' id='word_1_273' title='bbox 1094 3919 1141 3980; x_wconf 86' lang='lat' dir='ltr'><strong>ira</strong></span> <span class='ocrx_word' id='word_1_274' title='bbox 1160 3927 1222 3994; x_wconf 88' lang='lat' dir='ltr'><strong>est,</strong></span> <span class='ocrx_word' id='word_1_275' title='bbox 1240 3937 1315 3980; x_wconf 89' lang='lat' dir='ltr'><strong>cum</strong></span> <span class='ocrx_word' id='word_1_276' title='bbox 1337 3937 1403 3979; x_wconf 93' lang='lat' dir='ltr'><strong>non</strong></span> 
     </span>
     <span class='ocr_line' id='line_1_33' title="bbox 253 4019 1404 4106; baseline -0.005 -17"><span class='ocrx_word' id='word_1_277' title='bbox 253 4023 429 4089; x_wconf 85' lang='lat' dir='ltr'><strong>abhorreat</strong></span> <span class='ocrx_word' id='word_1_278' title='bbox 450 4023 552 4088; x_wconf 88' lang='lat' dir='ltr'><strong>homo</strong></span> <span class='ocrx_word' id='word_1_279' title='bbox 574 4023 677 4086; x_wconf 86' lang='lat' dir='ltr'><strong>iratus</strong></span> <span class='ocrx_word' id='word_1_280' title='bbox 698 4024 742 4086; x_wconf 90' lang='lat' dir='ltr'><strong>ad</strong></span> <span class='ocrx_word' id='word_1_281' title='bbox 761 4041 861 4085; x_wconf 89' lang='lat' dir='ltr'><strong>omne</strong></span> <span class='ocrx_word' id='word_1_282' title='bbox 881 4020 1062 4106; x_wconf 87' lang='lat' dir='ltr'><strong>periculum</strong></span> <span class='ocrx_word' id='word_1_283' title='bbox 1078 4023 1165 4084; x_wconf 89' lang='lat' dir='ltr'><strong>vitae</strong></span> <span class='ocrx_word' id='word_1_284' title='bbox 1182 4041 1217 4084; x_wconf 88' lang='lat' dir='ltr'><strong>se</strong></span> <span class='ocrx_word' id='word_1_285' title='bbox 1238 4019 1404 4102; x_wconf 88' lang='lat' dir='ltr'><strong>praebere,</strong></span> 
     </span>
     <span class='ocr_line' id='line_1_34' title="bbox 253 4123 1405 4209; baseline -0.003 -18"><span class='ocrx_word' id='word_1_286' title='bbox 253 4149 314 4192; x_wconf 86' lang='lat' dir='ltr'><strong>nec</strong></span> <span class='ocrx_word' id='word_1_287' title='bbox 329 4135 472 4192; x_wconf 91' lang='lat' dir='ltr'><strong>mortem</strong></span> <span class='ocrx_word' id='word_1_288' title='bbox 488 4127 597 4204; x_wconf 90' lang='lat' dir='ltr'><strong>timet,</strong></span> <span class='ocrx_word' id='word_1_289' title='bbox 611 4127 671 4190; x_wconf 88' lang='lat' dir='ltr'><strong>sed</strong></span> <span class='ocrx_word' id='word_1_290' title='bbox 686 4127 791 4209; x_wconf 88' lang='lat' dir='ltr'><strong>gratis</strong></span> <span class='ocrx_word' id='word_1_291' title='bbox 805 4135 843 4189; x_wconf 93' lang='lat' dir='ltr'><strong>ut</strong></span> <span class='ocrx_word' id='word_1_292' title='bbox 865 4147 902 4189; x_wconf 92' lang='lat' dir='ltr'><strong>se</strong></span> <span class='ocrx_word' id='word_1_293' title='bbox 916 4126 1070 4200; x_wconf 89' lang='lat' dir='ltr'><strong>vindicet,</strong></span> <span class='ocrx_word' id='word_1_294' title='bbox 1092 4126 1208 4187; x_wconf 89' lang='lat' dir='ltr'><strong>mortis</strong></span> <span class='ocrx_word' id='word_1_295' title='bbox 1223 4143 1260 4186; x_wconf 88' lang='lat' dir='ltr'><strong>se</strong></span> <span class='ocrx_word' id='word_1_296' title='bbox 1273 4123 1405 4204; x_wconf 88' lang='lat' dir='ltr'><strong>subjicit</strong></span> 
     </span>
     <span class='ocr_line' id='line_1_35' title="bbox 253 4228 1405 4315; baseline -0.005 -19"><span class='ocrx_word' id='word_1_297' title='bbox 253 4231 411 4315; x_wconf 88' lang='lat' dir='ltr'><strong>periculo.</strong></span> <span class='ocrx_word' id='word_1_298' title='bbox 452 4230 553 4296; x_wconf 91' lang='lat' dir='ltr'><strong>Unde</strong></span> <span class='ocrx_word' id='word_1_299' title='bbox 568 4231 602 4293; x_wconf 94' lang='lat' dir='ltr'><strong>in</strong></span> <span class='ocrx_word' id='word_1_300' title='bbox 618 4230 686 4293; x_wconf 88' lang='lat' dir='ltr'><strong>fine</strong></span> <span class='ocrx_word' id='word_1_301' title='bbox 699 4230 836 4295; x_wconf 88' lang='lat' dir='ltr'><strong>secundi</strong></span> <span class='ocrx_word' id='word_1_302' title='bbox 849 4229 940 4302; x_wconf 85' lang='lat' dir='ltr'><strong>dicit,</strong></span> <span class='ocrx_word' id='word_1_303' title='bbox 955 4234 963 4260; x_wconf 88' lang='lat'>‘</span> <span class='ocrx_word' id='word_1_304' title='bbox 976 4229 1054 4291; x_wconf 84' lang='lat' dir='ltr'><strong>Irati</strong></span> <span class='ocrx_word' id='word_1_305' title='bbox 1074 4228 1192 4312; x_wconf 84' lang='lat' dir='ltr'><strong>gladiis</strong></span> <span class='ocrx_word' id='word_1_306' title='bbox 1208 4237 1242 4290; x_wconf 92' lang='lat' dir='ltr'><strong>et</strong></span> <span class='ocrx_word' id='word_1_307' title='bbox 1256 4247 1405 4310; x_wconf 87' lang='lat' dir='ltr'><strong>pugnare</strong></span> 
     </span>
     <span class='ocr_line' id='line_1_36' title="bbox 253 4331 1404 4420; baseline -0.004 -20"><span class='ocrx_word' id='word_1_308' title='bbox 253 4337 360 4420; x_wconf 89' lang='lat' dir='ltr'><strong>parati</strong></span> <span class='ocrx_word' id='word_1_309' title='bbox 374 4344 452 4400; x_wconf 89' lang='lat' dir='ltr'><strong>sunt</strong></span> <span class='ocrx_word' id='word_1_310' title='bbox 467 4346 500 4399; x_wconf 90' lang='lat' dir='ltr'><strong>et</strong></span> <span class='ocrx_word' id='word_1_311' title='bbox 515 4333 727 4399; x_wconf 68' lang='lat' dir='ltr'><strong>incumbere!</strong></span> <span class='ocrx_word' id='word_1_312' title='bbox 774 4334 818 4396; x_wconf 89' lang='lat' dir='ltr'><strong>Et</strong></span> <span class='ocrx_word' id='word_1_313' title='bbox 835 4335 868 4396; x_wconf 93' lang='lat' dir='ltr'><strong>in</strong></span> <span class='ocrx_word' id='word_1_314' title='bbox 893 4333 1054 4417; x_wconf 89' lang='lat' dir='ltr'><strong>principio</strong></span> <span class='ocrx_word' id='word_1_315' title='bbox 1074 4333 1171 4410; x_wconf 87' lang='lat' dir='ltr'><strong>tertii,</strong></span> <span class='ocrx_word' id='word_1_316' title='bbox 1191 4331 1320 4394; x_wconf 85' lang='lat' dir='ltr'><strong>‘iratus</strong></span> <span class='ocrx_word' id='word_1_317' title='bbox 1338 4351 1404 4395; x_wconf 90' lang='lat' dir='ltr'><strong>non</strong></span> 
     </span>
     <span class='ocr_line' id='line_1_37' title="bbox 253 4435 1404 4523; baseline -0.004 -19"><span class='ocrx_word' id='word_1_318' title='bbox 253 4442 324 4504; x_wconf 88' lang='lat' dir='ltr'><strong>sine</strong></span> <span class='ocrx_word' id='word_1_319' title='bbox 339 4437 507 4523; x_wconf 85' lang='lat' dir='ltr'><strong>pemicie⁴</strong></span> <span class='ocrx_word' id='word_1_320' title='bbox 526 4460 587 4503; x_wconf 76' lang='lat' dir='ltr'><strong>sua</strong></span> <span class='ocrx_word' id='word_1_321' title='bbox 602 4439 813 4522; x_wconf 85' lang='lat' dir='ltr'><strong>perniciosus,</strong></span> <span class='ocrx_word' id='word_1_322' title='bbox 826 4447 861 4502; x_wconf 89' lang='lat' dir='ltr'><strong>et</strong></span> <span class='ocrx_word' id='word_1_323' title='bbox 875 4458 915 4501; x_wconf 90' lang='lat' dir='ltr'><strong>ea</strong></span> <span class='ocrx_word' id='word_1_324' title='bbox 930 4437 1118 4520; x_wconf 88' lang='lat' dir='ltr'><strong>deprimens</strong></span> <span class='ocrx_word' id='word_1_325' title='bbox 1132 4457 1218 4519; x_wconf 92' lang='lat' dir='ltr'><strong>quae</strong></span> <span class='ocrx_word' id='word_1_326' title='bbox 1228 4435 1331 4518; x_wconf 86' lang='lat' dir='ltr'><strong>mergi</strong></span> <span class='ocrx_word' id='word_1_327' title='bbox 1344 4435 1404 4500; x_wconf 92' lang='lat' dir='ltr'><strong>nisi</strong></span> 
     </span>
     <span class='ocr_line' id='line_1_38' title="bbox 253 4540 1409 4627; baseline -0.004 -19"><span class='ocrx_word' id='word_1_328' title='bbox 253 4564 330 4610; x_wconf 91' lang='lat' dir='ltr'><strong>cum</strong></span> <span class='ocrx_word' id='word_1_329' title='bbox 348 4552 517 4625; x_wconf 88' lang='lat' dir='ltr'><strong>mergente</strong></span> <span class='ocrx_word' id='word_1_330' title='bbox 531 4563 598 4606; x_wconf 89' lang='lat' dir='ltr'><strong>non</strong></span> <span class='ocrx_word' id='word_1_331' title='bbox 613 4541 773 4627; x_wconf 68' lang='lat' dir='ltr'><strong>possunt?</strong></span> <span class='ocrx_word' id='word_1_332' title='bbox 817 4541 863 4606; x_wconf 87' lang='lat' dir='ltr'><strong>Et</strong></span> <span class='ocrx_word' id='word_1_333' title='bbox 885 4561 952 4606; x_wconf 92' lang='lat' dir='ltr'><strong>non</strong></span> <span class='ocrx_word' id='word_1_334' title='bbox 972 4540 1079 4604; x_wconf 90' lang='lat' dir='ltr'><strong>solum</strong></span> <span class='ocrx_word' id='word_1_335' title='bbox 1102 4559 1137 4603; x_wconf 88' lang='lat' dir='ltr'><strong>se</strong></span> <span class='ocrx_word' id='word_1_336' title='bbox 1153 4541 1260 4622; x_wconf 86' lang='lat' dir='ltr'><strong>ipsum</strong></span> <span class='ocrx_word' id='word_1_337' title='bbox 1276 4540 1409 4621; x_wconf 86' lang='lat' dir='ltr'><strong>perimit</strong></span> 
     </span>
    </p>

    <p class='ocr_par' dir='ltr' id='par_1_5' title="bbox 289 4659 1374 4726">
     <span class='ocr_line' id='line_1_39' title="bbox 289 4659 1374 4726; baseline -0.004 -15"><span class='ocrx_word' id='word_1_338' title='bbox 289 4661 511 4726; x_wconf 53' lang='lat' dir='ltr'><strong>manaem</strong></span> <span class='ocrx_word' id='word_1_339' title='bbox 668 4661 810 4724; x_wconf 73' lang='lat' dir='ltr'><strong>²u,ni.3.</strong></span> <span class='ocrx_word' id='word_1_340' title='bbox 960 4659 1017 4709; x_wconf 76' lang='lat' dir='ltr'><strong>¹o.</strong></span> <span class='ocrx_word' id='word_1_341' title='bbox 1032 4659 1047 4708; x_wconf 92' lang='lat' dir='ltr'><strong>i.</strong></span> <span class='ocrx_word' id='word_1_342' title='bbox 1062 4675 1083 4709; x_wconf 89' lang='lat'><strong>1.</strong></span> <span class='ocrx_word' id='word_1_343' title='bbox 1235 4659 1374 4722; x_wconf 51' lang='lat' dir='ltr'><strong>wne</strong></span> 
     </span>
    </p>
   </div>
   <div class='ocr_carea' id='block_1_3' title="bbox 0 0 1784 5359">
    <p class='ocr_par' dir='ltr' id='par_1_6' title="bbox 0 0 1784 5359">
     <span class='ocr_line' id='line_1_40' title="bbox 0 0 1784 5359; baseline 0 0"><span class='ocrx_word' id='word_1_344' title='bbox 0 0 1784 5359; x_wconf 95' lang='lat' dir='ltr'><strong> </strong></span> 
     </span>
    </p>
   </div>
  </div>
 </body>
</html>
