3542 5359
390 627 717 688 PERSPECTIVAE
741 629 856 688 PARS
885 629 1064 689 TERTIA:
1089 630 1199 689 DIST.
1226 629 1268 688 II.
1350 643 1405 708 151

255 800 291 854 et
313 789 489 873 figurarum
517 792 779 873 magnitudinem
791 791 811 858 ¹.
857 793 903 858 Et
925 793 1008 858 haec
1030 793 1141 857 omnia
1165 801 1281 876 patent
1303 792 1337 854 in
1359 791 1410 856 his

257 893 379 975 figuris,
397 916 483 976 quae
506 895 560 959 hic
582 905 752 980 ponuntur
772 898 955 961 secundum
980 899 1129 961 ordinem
1152 908 1230 962 octo
1256 894 1408 960 articulo·

256 1019 329 1062 rum
351 1000 602 1080 praedictorum.

301 1103 338 1167 Si
361 1123 441 1186 ergo
467 1105 583 1169 oculus
613 1106 656 1169 sit
685 1107 717 1168 in
748 1105 911 1170 subtiliori
941 1107 1054 1169 medio
1083 1115 1118 1170 et
1148 1105 1335 1170 concavitas
1364 1107 1407 1168 sit
1420 1115 1577 1194 atghteass

257 1216 407 1291 respectu
431 1209 527 1286 oculi,
552 1220 587 1272 et
612 1209 727 1273 oculus
751 1210 795 1273 sit
822 1211 908 1273 inter
940 1220 1090 1274 centrum
1122 1220 1157 1273 et
1191 1229 1261 1273 rem
1294 1210 1407 1285 visam,
1421 1180 1576 1237 ¹¹¹⁰⁵t¹²¹⁰d³

1420 1249 1476 1296 lour
1515 1246 1527 1294 l

256 1311 422 1376 videbitur
438 1333 488 1376 res
503 1313 720 1396 propinquius
735 1334 836 1396 quam
853 1315 906 1378 sit.
953 1313 1041 1377 Nam
1057 1312 1198 1396 angulus
1213 1312 1347 1376 visualis
1362 1314 1408 1376 sic
1421 1263 1554 1375 retra'ciing

257 1417 318 1480 erit
344 1415 459 1498 major,
483 1437 583 1500 quam
610 1419 638 1480 si
665 1418 769 1481 lineae
795 1428 903 1482 rectae
927 1418 1102 1483 trahantur
1133 1418 1178 1481 ab
1209 1416 1306 1480 oculo
1337 1419 1408 1480 sine
1420 1378 1528 1494 {iffi
1539 1450 1566 1492 to

257 1519 415 1584 fractione
430 1523 473 1585 ad
489 1522 719 1586 extremitates
742 1522 796 1599 rei,
812 1532 845 1585 et
868 1522 930 1585 sub
952 1521 1070 1602 majon'
1092 1519 1225 1604 angulo,
1239 1531 1274 1586 et
1296 1531 1408 1583 tamen
1421 1511 1465 1560 ¹¹¹0
1476 1525 1537 1574 05⁸³

258 1626 370 1708 imago
397 1627 506 1690 minor
530 1635 581 1689 est
607 1627 747 1709 reipsa.
793 1624 829 1690 Si
856 1646 935 1689 vero
959 1624 1075 1689 oculus
1106 1625 1150 1688 sit
1182 1625 1215 1687 in
1245 1624 1409 1689 subtiliori

257 1731 369 1794 medio
391 1741 426 1794 et
448 1730 637 1795 concavitas
658 1731 701 1794 sit
718 1750 832 1794 versus
854 1730 998 1804 oculum,
1021 1739 1056 1793 et
1075 1738 1224 1792 centrum
1247 1729 1409 1793 densioris

1060 3179 1120 3227 Frc.
1132 3177 1172 3241 64.

261 3289 406 3372 corporis
421 3290 465 3354 sit
481 3289 567 3351 inter
581 3285 715 3351 oculum
731 3294 766 3349 et
789 3304 868 3360 rem,
882 3281 993 3346 adhuc
1016 3279 1183 3343 videbitur
1205 3299 1256 3343 res
1279 3278 1412 3361 propin·

261 3396 365 3476 quior.
410 3393 480 3458 Sed
506 3391 645 3474 angulus
671 3390 733 3453 erit
757 3388 876 3461 minor,
907 3394 941 3449 et
967 3385 1080 3466 imago
1107 3383 1226 3446 minor.
1272 3382 1309 3448 Si
1335 3404 1414 3448 vero

262 3498 375 3564 oculus
397 3497 440 3562 sit
463 3497 496 3559 in
519 3495 664 3561 densiori
688 3493 808 3571 medio,
823 3499 857 3555 et
879 3488 1068 3553 concavitas
1088 3507 1202 3560 versus
1224 3486 1366 3565 oculum,
1381 3499 1414 3551 et

262 3601 376 3665 oculus
401 3603 444 3666 sit
471 3602 557 3665 inter
580 3609 728 3664 centrum
756 3594 893 3661 concavi
918 3592 1064 3676 corporis
1088 3601 1122 3656 et
1148 3612 1229 3671 rem,
1260 3602 1333 3656 tum
1364 3612 1415 3656 res

262 3707 428 3771 videbitur
444 3705 530 3768 ultra
543 3702 653 3767 locum
669 3721 765 3766 suum
782 3699 952 3774 remotius,
968 3706 1002 3762 et
1017 3694 1080 3759 sub
1095 3695 1212 3759 minori
1233 3695 1366 3779 angulo,
1380 3706 1415 3760 et

264 3813 375 3893 imago
389 3811 452 3875 erit
468 3809 582 3892 major.
629 3807 666 3871 Si
681 3826 759 3872 vero
779 3815 929 3870 centrum
946 3801 1090 3884 corporis
1112 3801 1248 3865 concavi
1271 3803 1314 3865 sit
1330 3802 1415 3865 inter

263 3916 395 3980 oculum
423 3926 457 3978 et
482 3934 551 3977 rem
575 3913 693 3990 visam,
716 3909 856 3974 caeteris
880 3905 1128 3973 conditionibus
1160 3907 1414 3980 remanentibus,

263 4020 372 4084 adhuc
395 4039 446 4083 res
469 4017 539 4081 visa
564 4015 730 4080 videbitur
751 4013 910 4077 remotius
935 4019 969 4076 et
993 4009 1055 4072 sub
1082 4009 1206 4092 angulo
1230 4009 1358 4093 majori,
1380 4021 1414 4073 et

265 4125 375 4206 imago
394 4124 456 4187 erit
478 4121 594 4205 major.

296 4261 305 4291 ¹
323 4260 394 4310 Each
411 4259 441 4308 ol
453 4259 498 4308 the
515 4257 649 4320 following
664 4256 737 4318 eight
752 4255 848 4317 figures
859 4253 886 4302 in
900 4254 967 4314 Reg.
978 4266 1069 4300 covers
1080 4264 1131 4299 one
1142 4248 1200 4299 side
1212 4250 1242 4297 ol
1249 4265 1266 4299 a
1276 4249 1347 4316 solip.
1384 4251 1415 4300 ln

264 4339 353 4390 aeide
370 4345 433 4388 note
450 4351 484 4386 on
502 4336 566 4386 each
586 4336 617 4384 ol
630 4336 675 4384 the
692 4334 765 4396 eight
781 4347 868 4396 peges,
884 4333 929 4381 the
947 4330 1020 4392 point
1037 4335 1065 4377 to
1081 4329 1113 4376 be
1131 4327 1274 4376 illustrated
1290 4328 1313 4376 is
1324 4328 1416 4392 brielly

264 4420 364 4470 stated:
384 4418 445 4467 thus
461 4431 495 4465 on
512 4417 555 4464 the
573 4415 628 4464 nter
641 4413 804 4478 (tnswering
820 4421 847 4461 to
862 4411 906 4472 fig.
918 4411 949 4458 61
967 4409 993 4456 in
1006 4408 1058 4456 this
1069 4405 1179 4468 edition)
1194 4421 1239 4455 are
1255 4405 1301 4455 the
1317 4409 1415 4470 words,

264 4495 435 4559 ‘Exemplum
447 4510 525 4557 quum
537 4494 626 4543 oculus
637 4501 676 4542 est
688 4493 716 4542 in
727 4490 852 4540 subtiliori
864 4488 950 4536 medio
958 4494 986 4536 et
996 4485 1142 4534 concavitas
1152 4491 1193 4533 eet
1203 4499 1293 4534 versus
1304 4486 1415 4548 oculum,

264 4583 291 4624 et
303 4574 394 4624 oculus
405 4583 446 4623 est
458 4575 527 4622 inter
537 4579 653 4622 centrum
665 4579 691 4621 et
702 4567 815 4620 visibile'
825 4585 831 4630 ;
848 4567 899 4617 and
909 4581 939 4615 so
947 4566 1013 4614 with
1025 4565 1069 4613 the
1081 4563 1179 4613 others.
1206 4563 1262 4612 The
1272 4566 1359 4615 words
1368 4567 1417 4615 sub

264 4655 337 4718 ἅμα
348 4653 487 4717 ιρρειιάοά
498 4659 526 4702 to
536 4652 582 4701 the
592 4652 699 4714 chapter
710 4649 736 4698 ln
748 4648 773 4708 J.
784 4663 828 4696 are
840 4643 1036 4707 unintelligible.
