<?xml version="1.0" encoding="UTF-8"?>
<!DOCTYPE html PUBLIC "-//W3C//DTD XHTML 1.0 Transitional//EN"
    "http://www.w3.org/TR/xhtml1/DTD/xhtml1-transitional.dtd">
<html xmlns="http://www.w3.org/1999/xhtml" xml:lang="en" lang="en">
 <head>
  <title>
</title>
<meta http-equiv="Content-Type" content="text/html;charset=utf-8" />
  <meta name='ocr-system' content='tesseract 3.04.00' />
  <meta name='ocr-capabilities' content='ocr_page ocr_carea ocr_par ocr_line ocrx_word'/>
</head>
<body>
  <div class='ocr_page' id='page_1' title='image "./opusmajusrogerb02bridgoog/opusmajusrogerb02bridgoog_0230.png"; bbox 0 0 3542 5359; ppageno 0'>
   <div class='ocr_carea' id='block_1_1' title="bbox 538 673 1419 735">
    <p class='ocr_par' dir='ltr' id='par_1_1' title="bbox 538 673 1419 735">
     <span class='ocr_line' id='line_1_1' title="bbox 538 673 1419 735; baseline -0.001 -2"><span class='ocrx_word' id='word_1_1' title='bbox 538 673 737 734; x_wconf 80' lang='lat' dir='ltr'>SCIENTIA</span> <span class='ocrx_word' id='word_1_2' title='bbox 764 673 1156 734; x_wconf 79' lang='lat' dir='ltr'>EXPERIMENTALIS.</span> <span class='ocrx_word' id='word_1_3' title='bbox 1361 691 1419 735; x_wconf 86' lang='lat'>211</span> 
     </span>
    </p>
   </div>
   <div class='ocr_carea' id='block_1_2' title="bbox 268 833 1423 920">
    <p class='ocr_par' dir='ltr' id='par_1_2' title="bbox 268 833 1423 920">
     <span class='ocr_line' id='line_1_2' title="bbox 268 833 1423 920; baseline 0.008 -24"><span class='ocrx_word' id='word_1_4' title='bbox 268 833 419 898; x_wconf 89' lang='lat' dir='ltr'>animalis</span> <span class='ocrx_word' id='word_1_5' title='bbox 441 835 561 918; x_wconf 87' lang='lat' dir='ltr'>longae</span> <span class='ocrx_word' id='word_1_6' title='bbox 578 838 676 913; x_wconf 90' lang='lat' dir='ltr'>vitae,</span> <span class='ocrx_word' id='word_1_7' title='bbox 691 836 814 901; x_wconf 88' lang='lat' dir='ltr'>scilicet</span> <span class='ocrx_word' id='word_1_8' title='bbox 838 838 934 916; x_wconf 85' lang='lat' dir='ltr'>cervi,</span> <span class='ocrx_word' id='word_1_9' title='bbox 950 845 985 900; x_wconf 92' lang='lat' dir='ltr'>et</span> <span class='ocrx_word' id='word_1_10' title='bbox 1007 848 1058 902; x_wconf 91' lang='lat' dir='ltr'>est</span> <span class='ocrx_word' id='word_1_11' title='bbox 1080 858 1118 902; x_wconf 94' lang='lat' dir='ltr'>os</span> <span class='ocrx_word' id='word_1_12' title='bbox 1133 839 1223 920; x_wconf 90' lang='lat' dir='ltr'>quod</span> <span class='ocrx_word' id='word_1_13' title='bbox 1246 848 1423 919; x_wconf 83' lang='lat' dir='ltr'>generatur</span> 
     </span>
    </p>
   </div>
   <div class='ocr_carea' id='block_1_3' title="bbox 269 939 1601 4566">
    <p class='ocr_par' dir='ltr' id='par_1_3' title="bbox 269 939 1433 3818">
     <span class='ocr_line' id='line_1_3' title="bbox 269 939 1421 1024; baseline 0.006 -24"><span class='ocrx_word' id='word_1_14' title='bbox 269 939 301 1002; x_wconf 94' lang='lat' dir='ltr'>in</span> <span class='ocrx_word' id='word_1_15' title='bbox 325 940 426 1004; x_wconf 91' lang='lat' dir='ltr'>corde</span> <span class='ocrx_word' id='word_1_16' title='bbox 448 942 546 1018; x_wconf 89' lang='lat' dir='ltr'>cervi,</span> <span class='ocrx_word' id='word_1_17' title='bbox 567 941 693 1004; x_wconf 88' lang='lat' dir='ltr'>habens</span> <span class='ocrx_word' id='word_1_18' title='bbox 716 961 871 1024; x_wconf 84' lang='lat' dir='ltr'>magnam</span> <span class='ocrx_word' id='word_1_19' title='bbox 896 943 1129 1024; x_wconf 83' lang='lat' dir='ltr'>proprietatem</span> <span class='ocrx_word' id='word_1_20' title='bbox 1153 952 1268 1007; x_wconf 91' lang='lat' dir='ltr'>contra</span> <span class='ocrx_word' id='word_1_21' title='bbox 1290 944 1421 1008; x_wconf 83' lang='lat' dir='ltr'>festina-</span> 
     </span>
     <span class='ocr_line' id='line_1_4' title="bbox 269 1045 1421 1130; baseline 0.003 -23"><span class='ocrx_word' id='word_1_22' title='bbox 269 1045 395 1108; x_wconf 88' lang='lat' dir='ltr'>tionem</span> <span class='ocrx_word' id='word_1_23' title='bbox 421 1045 609 1108; x_wconf 87' lang='lat' dir='ltr'>senectutis.</span> <span class='ocrx_word' id='word_1_24' title='bbox 657 1045 791 1127; x_wconf 89' lang='lat' dir='ltr'>Repens</span> <span class='ocrx_word' id='word_1_25' title='bbox 817 1055 928 1108; x_wconf 87' lang='lat' dir='ltr'>autem</span> <span class='ocrx_word' id='word_1_26' title='bbox 954 1047 1045 1129; x_wconf 91' lang='lat' dir='ltr'>quod</span> <span class='ocrx_word' id='word_1_27' title='bbox 1072 1055 1123 1109; x_wconf 90' lang='lat' dir='ltr'>est</span> <span class='ocrx_word' id='word_1_28' title='bbox 1148 1067 1225 1112; x_wconf 87' lang='lat' dir='ltr'>esca</span> <span class='ocrx_word' id='word_1_29' title='bbox 1245 1046 1421 1130; x_wconf 90' lang='lat' dir='ltr'>Tyrorum,</span> 
     </span>
     <span class='ocr_line' id='line_1_5' title="bbox 270 1148 1423 1235; baseline 0.003 -24"><span class='ocrx_word' id='word_1_30' title='bbox 270 1159 320 1212; x_wconf 91' lang='lat' dir='ltr'>est</span> <span class='ocrx_word' id='word_1_31' title='bbox 344 1158 438 1231; x_wconf 90' lang='lat' dir='ltr'>tyrus</span> <span class='ocrx_word' id='word_1_32' title='bbox 465 1169 600 1232; x_wconf 90' lang='lat' dir='ltr'>serpens</span> <span class='ocrx_word' id='word_1_33' title='bbox 626 1149 669 1213; x_wconf 90' lang='lat' dir='ltr'>de</span> <span class='ocrx_word' id='word_1_34' title='bbox 692 1169 759 1231; x_wconf 93' lang='lat' dir='ltr'>quo</span> <span class='ocrx_word' id='word_1_35' title='bbox 782 1148 819 1213; x_wconf 86' lang='lat' dir='ltr'>fit</span> <span class='ocrx_word' id='word_1_36' title='bbox 839 1149 990 1231; x_wconf 83' lang='lat' dir='ltr'>Tyriaca,</span> <span class='ocrx_word' id='word_1_37' title='bbox 1013 1160 1046 1213; x_wconf 89' lang='lat' dir='ltr'>et</span> <span class='ocrx_word' id='word_1_38' title='bbox 1073 1149 1167 1231; x_wconf 91' lang='lat' dir='ltr'>cujus</span> <span class='ocrx_word' id='word_1_39' title='bbox 1193 1171 1307 1216; x_wconf 76' lang='lat' dir='ltr'>camos</span> <span class='ocrx_word' id='word_1_40' title='bbox 1330 1172 1423 1235; x_wconf 75' lang='lat' dir='ltr'>prae</span> 
     </span>
     <span class='ocr_line' id='line_1_6' title="bbox 270 1254 1424 1337; baseline 0.003 -22"><span class='ocrx_word' id='word_1_41' title='bbox 270 1263 429 1334; x_wconf 88' lang='lat' dir='ltr'>parantur</span> <span class='ocrx_word' id='word_1_42' title='bbox 455 1264 491 1317; x_wconf 92' lang='lat' dir='ltr'>ut</span> <span class='ocrx_word' id='word_1_43' title='bbox 519 1263 660 1337; x_wconf 81' lang='lat' dir='ltr'>oportet,</span> <span class='ocrx_word' id='word_1_44' title='bbox 684 1262 718 1318; x_wconf 90' lang='lat' dir='ltr'>et</span> <span class='ocrx_word' id='word_1_45' title='bbox 743 1254 964 1317; x_wconf 88' lang='lat' dir='ltr'>comeduntur</span> <span class='ocrx_word' id='word_1_46' title='bbox 987 1274 1065 1320; x_wconf 89' lang='lat' dir='ltr'>cum</span> <span class='ocrx_word' id='word_1_47' title='bbox 1092 1255 1191 1319; x_wconf 90' lang='lat' dir='ltr'>rebus</span> <span class='ocrx_word' id='word_1_48' title='bbox 1216 1255 1424 1330; x_wconf 85' lang='lat' dir='ltr'>aromaticis3</span> 
     </span>
     <span class='ocr_line' id='line_1_7' title="bbox 270 1355 1425 1440; baseline 0.003 -21"><span class='ocrx_word' id='word_1_49' title='bbox 270 1367 305 1419; x_wconf 88' lang='lat' dir='ltr'>et</span> <span class='ocrx_word' id='word_1_50' title='bbox 331 1355 414 1420; x_wconf 93' lang='lat' dir='ltr'>haec</span> <span class='ocrx_word' id='word_1_51' title='bbox 439 1366 490 1421; x_wconf 86' lang='lat' dir='ltr'>est</span> <span class='ocrx_word' id='word_1_52' title='bbox 516 1377 568 1421; x_wconf 90' lang='lat' dir='ltr'>res</span> <span class='ocrx_word' id='word_1_53' title='bbox 594 1358 730 1422; x_wconf 92' lang='lat' dir='ltr'>omnino</span> <span class='ocrx_word' id='word_1_54' title='bbox 756 1358 862 1422; x_wconf 87' lang='lat' dir='ltr'>electa</span> <span class='ocrx_word' id='word_1_55' title='bbox 893 1367 1008 1421; x_wconf 89' lang='lat' dir='ltr'>contra</span> <span class='ocrx_word' id='word_1_56' title='bbox 1034 1359 1222 1440; x_wconf 87' lang='lat' dir='ltr'>passionem</span> <span class='ocrx_word' id='word_1_57' title='bbox 1248 1360 1425 1425; x_wconf 86' lang='lat' dir='ltr'>senectutis</span> 
     </span>
     <span class='ocr_line' id='line_1_8' title="bbox 272 1461 1425 1544; baseline 0.003 -21"><span class='ocrx_word' id='word_1_58' title='bbox 272 1469 305 1524; x_wconf 92' lang='lat' dir='ltr'>et</span> <span class='ocrx_word' id='word_1_59' title='bbox 335 1471 451 1524; x_wconf 90' lang='lat' dir='ltr'>contra</span> <span class='ocrx_word' id='word_1_60' title='bbox 481 1482 595 1525; x_wconf 92' lang='lat' dir='ltr'>omnes</span> <span class='ocrx_word' id='word_1_61' title='bbox 624 1462 852 1543; x_wconf 86' lang='lat' dir='ltr'>corruptiones</span> <span class='ocrx_word' id='word_1_62' title='bbox 882 1461 1134 1544; x_wconf 88' lang='lat' dir='ltr'>complexionis,</span> <span class='ocrx_word' id='word_1_63' title='bbox 1161 1463 1189 1524; x_wconf 92' lang='lat' dir='ltr'>si</span> <span class='ocrx_word' id='word_1_64' title='bbox 1219 1482 1295 1527; x_wconf 89' lang='lat' dir='ltr'>cum</span> <span class='ocrx_word' id='word_1_65' title='bbox 1327 1464 1425 1527; x_wconf 88' lang='lat' dir='ltr'>rebus</span> 
     </span>
     <span class='ocr_line' id='line_1_9' title="bbox 272 1565 1426 1649; baseline 0.001 -21"><span class='ocrx_word' id='word_1_66' title='bbox 272 1565 450 1646; x_wconf 85' lang='lat' dir='ltr'>accipiatur</span> <span class='ocrx_word' id='word_1_67' title='bbox 465 1567 619 1648; x_wconf 82' lang='lat' dir='ltr'>congruis</span> <span class='ocrx_word' id='word_1_68' title='bbox 633 1565 768 1630; x_wconf 87' lang='lat' dir='ltr'>cuilibet</span> <span class='ocrx_word' id='word_1_69' title='bbox 783 1565 1007 1649; x_wconf 86' lang='lat' dir='ltr'>complexioni</span> <span class='ocrx_word' id='word_1_70' title='bbox 1022 1576 1057 1631; x_wconf 89' lang='lat' dir='ltr'>et</span> <span class='ocrx_word' id='word_1_71' title='bbox 1072 1566 1224 1648; x_wconf 90' lang='lat' dir='ltr'>passioni,</span> <span class='ocrx_word' id='word_1_72' title='bbox 1235 1577 1271 1631; x_wconf 88' lang='lat' dir='ltr'>ut</span> <span class='ocrx_word' id='word_1_73' title='bbox 1287 1567 1426 1631; x_wconf 90' lang='lat' dir='ltr'>docetur</span> 
     </span>
     <span class='ocr_line' id='line_1_10' title="bbox 271 1667 1424 1754; baseline 0.003 -24"><span class='ocrx_word' id='word_1_74' title='bbox 271 1668 304 1731; x_wconf 90' lang='lat' dir='ltr'>in</span> <span class='ocrx_word' id='word_1_75' title='bbox 324 1667 407 1731; x_wconf 89' lang='lat' dir='ltr'>libro</span> <span class='ocrx_word' id='word_1_76' title='bbox 429 1669 472 1732; x_wconf 88' lang='lat' dir='ltr'>de</span> <span class='ocrx_word' id='word_1_77' title='bbox 489 1669 664 1754; x_wconf 90' lang='lat' dir='ltr'>Regimine</span> <span class='ocrx_word' id='word_1_78' title='bbox 689 1668 825 1733; x_wconf 89' lang='lat' dir='ltr'>Senum.</span> <span class='ocrx_word' id='word_1_79' title='bbox 875 1669 921 1734; x_wconf 92' lang='lat' dir='ltr'>Et</span> <span class='ocrx_word' id='word_1_80' title='bbox 936 1669 1136 1735; x_wconf 89' lang='lat' dir='ltr'>Aristoteles</span> <span class='ocrx_word' id='word_1_81' title='bbox 1154 1671 1187 1734; x_wconf 93' lang='lat' dir='ltr'>in</span> <span class='ocrx_word' id='word_1_82' title='bbox 1208 1670 1295 1735; x_wconf 89' lang='lat' dir='ltr'>libro</span> <span class='ocrx_word' id='word_1_83' title='bbox 1311 1670 1424 1735; x_wconf 86' lang='lat' dir='ltr'>Secre-</span> 
     </span>
     <span class='ocr_line' id='line_1_11' title="bbox 271 1773 1426 1856; baseline 0.002 -20"><span class='ocrx_word' id='word_1_84' title='bbox 271 1781 382 1836; x_wconf 90' lang='lat' dir='ltr'>torum</span> <span class='ocrx_word' id='word_1_85' title='bbox 405 1773 503 1838; x_wconf 90' lang='lat' dir='ltr'>docet</span> <span class='ocrx_word' id='word_1_86' title='bbox 524 1775 709 1837; x_wconf 89' lang='lat' dir='ltr'>maximum</span> <span class='ocrx_word' id='word_1_87' title='bbox 732 1775 970 1837; x_wconf 89' lang='lat' dir='ltr'>documentum</span> <span class='ocrx_word' id='word_1_88' title='bbox 992 1785 1106 1838; x_wconf 85' lang='lat' dir='ltr'>contra</span> <span class='ocrx_word' id='word_1_89' title='bbox 1128 1774 1233 1838; x_wconf 91' lang='lat' dir='ltr'>malas</span> <span class='ocrx_word' id='word_1_90' title='bbox 1254 1777 1426 1856; x_wconf 86' lang='lat' dir='ltr'>passiones</span> 
     </span>
     <span class='ocr_line' id='line_1_12' title="bbox 272 1875 1425 1962; baseline 0.004 -23"><span class='ocrx_word' id='word_1_91' title='bbox 272 1896 332 1961; x_wconf 90' lang='lat' dir='ltr'>per</span> <span class='ocrx_word' id='word_1_92' title='bbox 345 1875 532 1960; x_wconf 91' lang='lat' dir='ltr'>hujusmodi</span> <span class='ocrx_word' id='word_1_93' title='bbox 548 1898 662 1942; x_wconf 89' lang='lat' dir='ltr'>carnes</span> <span class='ocrx_word' id='word_1_94' title='bbox 678 1879 753 1960; x_wconf 90' lang='lat' dir='ltr'>tyri.</span> <span class='ocrx_word' id='word_1_95' title='bbox 798 1879 934 1961; x_wconf 90' lang='lat' dir='ltr'>Repens</span> <span class='ocrx_word' id='word_1_96' title='bbox 948 1879 1039 1961; x_wconf 93' lang='lat' dir='ltr'>quod</span> <span class='ocrx_word' id='word_1_97' title='bbox 1055 1889 1106 1942; x_wconf 89' lang='lat' dir='ltr'>est</span> <span class='ocrx_word' id='word_1_98' title='bbox 1126 1900 1202 1943; x_wconf 91' lang='lat' dir='ltr'>esca</span> <span class='ocrx_word' id='word_1_99' title='bbox 1217 1878 1425 1962; x_wconf 89' lang='lat' dir='ltr'>Aethiopum</span> 
     </span>
     <span class='ocr_line' id='line_1_13' title="bbox 274 1983 1425 2066; baseline 0 -20"><span class='ocrx_word' id='word_1_100' title='bbox 274 1991 324 2046; x_wconf 80' lang='lat' dir='ltr'>est</span> <span class='ocrx_word' id='word_1_101' title='bbox 340 1983 449 2060; x_wconf 89' lang='lat' dir='ltr'>draco,</span> <span class='ocrx_word' id='word_1_102' title='bbox 465 1983 645 2046; x_wconf 87' lang='lat' dir='ltr'>secundum</span> <span class='ocrx_word' id='word_1_103' title='bbox 662 1983 751 2066; x_wconf 89' lang='lat' dir='ltr'>quod</span> <span class='ocrx_word' id='word_1_104' title='bbox 769 1983 877 2047; x_wconf 90' lang='lat' dir='ltr'>David</span> <span class='ocrx_word' id='word_1_105' title='bbox 900 1983 981 2049; x_wconf 89' lang='lat' dir='ltr'>dicit</span> <span class='ocrx_word' id='word_1_106' title='bbox 1001 1983 1035 2045; x_wconf 95' lang='lat' dir='ltr'>in</span> <span class='ocrx_word' id='word_1_107' title='bbox 1050 1983 1188 2065; x_wconf 89' lang='lat' dir='ltr'>psalm0,</span> <span class='ocrx_word' id='word_1_108' title='bbox 1205 1983 1336 2047; x_wconf 86' lang='lat' dir='ltr'>Dedisti</span> <span class='ocrx_word' id='word_1_109' title='bbox 1351 2003 1425 2046; x_wconf 91' lang='lat' dir='ltr'>eam</span> 
     </span>
     <span class='ocr_line' id='line_1_14' title="bbox 274 2086 1427 2171; baseline 0.003 -21"><span class='ocrx_word' id='word_1_110' title='bbox 274 2106 382 2150; x_wconf 90' lang='lat' dir='ltr'>escam</span> <span class='ocrx_word' id='word_1_111' title='bbox 402 2087 532 2168; x_wconf 90' lang='lat' dir='ltr'>populis</span> <span class='ocrx_word' id='word_1_112' title='bbox 548 2086 766 2170; x_wconf 87' lang='lat' dir='ltr'>Aethiopum.</span> <span class='ocrx_word' id='word_1_113' title='bbox 812 2088 902 2150; x_wconf 92' lang='lat' dir='ltr'>Nam</span> <span class='ocrx_word' id='word_1_114' title='bbox 921 2097 1047 2151; x_wconf 89' lang='lat' dir='ltr'>certum</span> <span class='ocrx_word' id='word_1_115' title='bbox 1068 2098 1118 2151; x_wconf 89' lang='lat' dir='ltr'>est</span> <span class='ocrx_word' id='word_1_116' title='bbox 1134 2089 1225 2171; x_wconf 90' lang='lat' dir='ltr'>quod</span> <span class='ocrx_word' id='word_1_117' title='bbox 1240 2087 1427 2170; x_wconf 88' lang='lat' dir='ltr'>Aethiopes</span> 
     </span>
     <span class='ocr_line' id='line_1_15' title="bbox 274 2188 1427 2274; baseline 0.002 -20"><span class='ocrx_word' id='word_1_118' title='bbox 274 2188 460 2272; x_wconf 88' lang='lat' dir='ltr'>sapientes¹</span> <span class='ocrx_word' id='word_1_119' title='bbox 473 2201 634 2255; x_wconf 91' lang='lat' dir='ltr'>venerunt</span> <span class='ocrx_word' id='word_1_120' title='bbox 657 2191 690 2254; x_wconf 92' lang='lat' dir='ltr'>in</span> <span class='ocrx_word' id='word_1_121' title='bbox 713 2192 844 2257; x_wconf 90' lang='lat' dir='ltr'>ltaliam</span> <span class='ocrx_word' id='word_1_122' title='bbox 867 2203 903 2256; x_wconf 90' lang='lat' dir='ltr'>et</span> <span class='ocrx_word' id='word_1_123' title='bbox 924 2192 1121 2274; x_wconf 87' lang='lat' dir='ltr'>Hispaniam</span> <span class='ocrx_word' id='word_1_124' title='bbox 1144 2200 1179 2254; x_wconf 92' lang='lat' dir='ltr'>et</span> <span class='ocrx_word' id='word_1_125' title='bbox 1195 2191 1369 2255; x_wconf 88' lang='lat' dir='ltr'>Franciam</span> <span class='ocrx_word' id='word_1_126' title='bbox 1392 2201 1427 2256; x_wconf 92' lang='lat' dir='ltr'>et</span> 
     </span>
     <span class='ocr_line' id='line_1_16' title="bbox 275 2294 1428 2380; baseline 0 -22"><span class='ocrx_word' id='word_1_127' title='bbox 275 2294 444 2380; x_wconf 89' lang='lat' dir='ltr'>Angliam,</span> <span class='ocrx_word' id='word_1_128' title='bbox 471 2306 505 2358; x_wconf 89' lang='lat' dir='ltr'>et</span> <span class='ocrx_word' id='word_1_129' title='bbox 534 2297 567 2358; x_wconf 94' lang='lat' dir='ltr'>in</span> <span class='ocrx_word' id='word_1_130' title='bbox 598 2297 679 2360; x_wconf 91' lang='lat' dir='ltr'>istas</span> <span class='ocrx_word' id='word_1_131' title='bbox 708 2308 811 2361; x_wconf 88' lang='lat' dir='ltr'>terras</span> <span class='ocrx_word' id='word_1_132' title='bbox 843 2296 1105 2361; x_wconf 89' lang='lat' dir='ltr'>Christianorum</span> <span class='ocrx_word' id='word_1_133' title='bbox 1135 2297 1169 2358; x_wconf 90' lang='lat' dir='ltr'>in</span> <span class='ocrx_word' id='word_1_134' title='bbox 1199 2296 1319 2379; x_wconf 90' lang='lat' dir='ltr'>quibus</span> <span class='ocrx_word' id='word_1_135' title='bbox 1349 2305 1428 2359; x_wconf 93' lang='lat' dir='ltr'>sunt</span> 
     </span>
     <span class='ocr_line' id='line_1_17' title="bbox 275 2399 1428 2485; baseline 0.001 -22"><span class='ocrx_word' id='word_1_136' title='bbox 275 2400 434 2464; x_wconf 87' lang='lat' dir='ltr'>dracones</span> <span class='ocrx_word' id='word_1_137' title='bbox 455 2400 535 2462; x_wconf 91' lang='lat' dir='ltr'>boni</span> <span class='ocrx_word' id='word_1_138' title='bbox 554 2400 713 2478; x_wconf 87' lang='lat' dir='ltr'>volantes,</span> <span class='ocrx_word' id='word_1_139' title='bbox 732 2411 766 2466; x_wconf 94' lang='lat' dir='ltr'>et</span> <span class='ocrx_word' id='word_1_140' title='bbox 788 2422 848 2485; x_wconf 92' lang='lat' dir='ltr'>per</span> <span class='ocrx_word' id='word_1_141' title='bbox 867 2412 973 2466; x_wconf 91' lang='lat' dir='ltr'>artem</span> <span class='ocrx_word' id='word_1_142' title='bbox 995 2400 1160 2465; x_wconf 85' lang='lat' dir='ltr'>occultam</span> <span class='ocrx_word' id='word_1_143' title='bbox 1180 2421 1279 2482; x_wconf 88' lang='lat' dir='ltr'>quam</span> <span class='ocrx_word' id='word_1_144' title='bbox 1303 2399 1428 2464; x_wconf 89' lang='lat' dir='ltr'>habent</span> 
     </span>
     <span class='ocr_line' id='line_1_18' title="bbox 275 2504 1428 2582; baseline -0.001 -13"><span class='ocrx_word' id='word_1_145' title='bbox 275 2504 423 2569; x_wconf 89' lang='lat' dir='ltr'>excitant</span> <span class='ocrx_word' id='word_1_146' title='bbox 437 2505 596 2569; x_wconf 90' lang='lat' dir='ltr'>dracones</span> <span class='ocrx_word' id='word_1_147' title='bbox 612 2505 655 2568; x_wconf 94' lang='lat' dir='ltr'>de</span> <span class='ocrx_word' id='word_1_148' title='bbox 675 2505 842 2570; x_wconf 80' lang='lat' dir='ltr'>cavernis²</span> <span class='ocrx_word' id='word_1_149' title='bbox 858 2507 935 2582; x_wconf 90' lang='lat' dir='ltr'>suis,</span> <span class='ocrx_word' id='word_1_150' title='bbox 950 2516 985 2570; x_wconf 88' lang='lat' dir='ltr'>et</span> <span class='ocrx_word' id='word_1_151' title='bbox 1004 2505 1130 2570; x_wconf 90' lang='lat' dir='ltr'>habent</span> <span class='ocrx_word' id='word_1_152' title='bbox 1149 2504 1248 2568; x_wconf 89' lang='lat' dir='ltr'>sellas</span> <span class='ocrx_word' id='word_1_153' title='bbox 1267 2515 1301 2568; x_wconf 90' lang='lat' dir='ltr'>et</span> <span class='ocrx_word' id='word_1_154' title='bbox 1316 2505 1428 2568; x_wconf 86' lang='lat' dir='ltr'>sroena</span> 
     </span>
     <span class='ocr_line' id='line_1_19' title="bbox 276 2607 1427 2692; baseline 0.001 -22"><span class='ocrx_word' id='word_1_155' title='bbox 276 2609 309 2671; x_wconf 90' lang='lat' dir='ltr'>in</span> <span class='ocrx_word' id='word_1_156' title='bbox 333 2617 502 2692; x_wconf 89' lang='lat' dir='ltr'>promptu,</span> <span class='ocrx_word' id='word_1_157' title='bbox 523 2619 557 2673; x_wconf 90' lang='lat' dir='ltr'>et</span> <span class='ocrx_word' id='word_1_158' title='bbox 579 2609 731 2692; x_wconf 89' lang='lat' dir='ltr'>equitant</span> <span class='ocrx_word' id='word_1_159' title='bbox 752 2630 852 2692; x_wconf 90' lang='lat' dir='ltr'>super</span> <span class='ocrx_word' id='word_1_160' title='bbox 874 2631 933 2673; x_wconf 92' lang='lat' dir='ltr'>eos</span> <span class='ocrx_word' id='word_1_161' title='bbox 955 2620 989 2672; x_wconf 92' lang='lat' dir='ltr'>et</span> <span class='ocrx_word' id='word_1_162' title='bbox 1011 2610 1140 2692; x_wconf 88' lang='lat' dir='ltr'>agitant</span> <span class='ocrx_word' id='word_1_163' title='bbox 1162 2608 1195 2671; x_wconf 92' lang='lat' dir='ltr'>in</span> <span class='ocrx_word' id='word_1_164' title='bbox 1218 2629 1292 2673; x_wconf 89' lang='lat' dir='ltr'>aere</span> <span class='ocrx_word' id='word_1_165' title='bbox 1313 2607 1427 2671; x_wconf 87' lang='lat' dir='ltr'>volatu</span> 
     </span>
     <span class='ocr_line' id='line_1_20' title="bbox 277 2711 1428 2796; baseline 0 -22"><span class='ocrx_word' id='word_1_166' title='bbox 277 2711 462 2790; x_wconf 82' lang='lat' dir='ltr'>fortissimo,</span> <span class='ocrx_word' id='word_1_167' title='bbox 474 2722 510 2777; x_wconf 89' lang='lat' dir='ltr'>ut</span> <span class='ocrx_word' id='word_1_168' title='bbox 527 2714 679 2777; x_wconf 88' lang='lat' dir='ltr'>dometur</span> <span class='ocrx_word' id='word_1_169' title='bbox 692 2713 841 2796; x_wconf 85' lang='lat' dir='ltr'>rigiditas</span> <span class='ocrx_word' id='word_1_170' title='bbox 856 2713 1005 2777; x_wconf 91' lang='lat' dir='ltr'>carnium</span> <span class='ocrx_word' id='word_1_171' title='bbox 1021 2724 1055 2775; x_wconf 90' lang='lat' dir='ltr'>et</span> <span class='ocrx_word' id='word_1_172' title='bbox 1070 2721 1273 2795; x_wconf 86' lang='lat' dir='ltr'>temperetur</span> <span class='ocrx_word' id='word_1_173' title='bbox 1283 2711 1428 2787; x_wconf 91' lang='lat' dir='ltr'>durities,</span> 
     </span>
     <span class='ocr_line' id='line_1_21' title="bbox 277 2815 1429 2898; baseline 0 -18"><span class='ocrx_word' id='word_1_174' title='bbox 277 2817 362 2880; x_wconf 86' lang='lat' dir='ltr'>sicut</span> <span class='ocrx_word' id='word_1_175' title='bbox 384 2815 453 2898; x_wconf 91' lang='lat' dir='ltr'>apri</span> <span class='ocrx_word' id='word_1_176' title='bbox 476 2826 511 2881; x_wconf 91' lang='lat' dir='ltr'>et</span> <span class='ocrx_word' id='word_1_177' title='bbox 532 2817 597 2880; x_wconf 91' lang='lat' dir='ltr'>ursi</span> <span class='ocrx_word' id='word_1_178' title='bbox 620 2827 654 2880; x_wconf 88' lang='lat' dir='ltr'>et</span> <span class='ocrx_word' id='word_1_179' title='bbox 675 2817 762 2881; x_wconf 91' lang='lat' dir='ltr'>tauri</span> <span class='ocrx_word' id='word_1_180' title='bbox 785 2817 954 2898; x_wconf 86' lang='lat' dir='ltr'>agitantur</span> <span class='ocrx_word' id='word_1_181' title='bbox 968 2817 1106 2879; x_wconf 90' lang='lat' dir='ltr'>canibus</span> <span class='ocrx_word' id='word_1_182' title='bbox 1127 2826 1161 2878; x_wconf 92' lang='lat' dir='ltr'>et</span> <span class='ocrx_word' id='word_1_183' title='bbox 1175 2816 1275 2879; x_wconf 88' lang='lat' dir='ltr'>variis</span> <span class='ocrx_word' id='word_1_184' title='bbox 1295 2835 1429 2897; x_wconf 88' lang='lat' dir='ltr'>percus·</span> 
     </span>
     <span class='ocr_line' id='line_1_22' title="bbox 278 2918 1428 3003; baseline -0.003 -19"><span class='ocrx_word' id='word_1_185' title='bbox 278 2918 422 2984; x_wconf 91' lang='lat' dir='ltr'>sionibus</span> <span class='ocrx_word' id='word_1_186' title='bbox 452 2919 668 3002; x_wconf 88' lang='lat' dir='ltr'>flagellantur,</span> <span class='ocrx_word' id='word_1_187' title='bbox 694 2933 874 3003; x_wconf 87' lang='lat' dir='ltr'>antequam</span> <span class='ocrx_word' id='word_1_188' title='bbox 904 2920 1099 2985; x_wconf 86' lang='lat' dir='ltr'>occidantur</span> <span class='ocrx_word' id='word_1_189' title='bbox 1125 2939 1186 3002; x_wconf 90' lang='lat' dir='ltr'>pro</span> <span class='ocrx_word' id='word_1_190' title='bbox 1215 2919 1428 2983; x_wconf 85' lang='lat' dir='ltr'>comestione.</span> 
     </span>
     <span class='ocr_line' id='line_1_23' title="bbox 278 3023 1429 3107; baseline -0.003 -18"><span class='ocrx_word' id='word_1_191' title='bbox 278 3023 365 3089; x_wconf 90' lang='lat' dir='ltr'>Cum</span> <span class='ocrx_word' id='word_1_192' title='bbox 384 3045 463 3107; x_wconf 87' lang='lat' dir='ltr'>ergo</span> <span class='ocrx_word' id='word_1_193' title='bbox 484 3025 530 3088; x_wconf 91' lang='lat' dir='ltr'>sic</span> <span class='ocrx_word' id='word_1_194' title='bbox 551 3025 838 3089; x_wconf 87' lang='lat' dir='ltr'>domesticaverint</span> <span class='ocrx_word' id='word_1_195' title='bbox 859 3045 925 3102; x_wconf 89' lang='lat' dir='ltr'>eos,</span> <span class='ocrx_word' id='word_1_196' title='bbox 940 3024 1064 3089; x_wconf 87' lang='lat' dir='ltr'>habent</span> <span class='ocrx_word' id='word_1_197' title='bbox 1084 3033 1190 3086; x_wconf 90' lang='lat' dir='ltr'>artem</span> <span class='ocrx_word' id='word_1_198' title='bbox 1211 3023 1429 3107; x_wconf 87' lang='lat' dir='ltr'>praeparandi</span> 
     </span>
     <span class='ocr_line' id='line_1_24' title="bbox 278 3128 1430 3212; baseline -0.002 -20"><span class='ocrx_word' id='word_1_199' title='bbox 278 3148 392 3192; x_wconf 88' lang='lat' dir='ltr'>carnes</span> <span class='ocrx_word' id='word_1_200' title='bbox 408 3148 530 3202; x_wconf 90' lang='lat' dir='ltr'>eorum,</span> <span class='ocrx_word' id='word_1_201' title='bbox 546 3128 629 3193; x_wconf 90' lang='lat' dir='ltr'>sicut</span> <span class='ocrx_word' id='word_1_202' title='bbox 643 3138 694 3194; x_wconf 92' lang='lat' dir='ltr'>est</span> <span class='ocrx_word' id='word_1_203' title='bbox 714 3149 766 3193; x_wconf 90' lang='lat' dir='ltr'>ars</span> <span class='ocrx_word' id='word_1_204' title='bbox 781 3129 1000 3212; x_wconf 85' lang='lat' dir='ltr'>praeparandi</span> <span class='ocrx_word' id='word_1_205' title='bbox 1015 3147 1130 3193; x_wconf 87' lang='lat' dir='ltr'>carnes</span> <span class='ocrx_word' id='word_1_206' title='bbox 1149 3128 1222 3209; x_wconf 88' lang='lat' dir='ltr'>tyri,</span> <span class='ocrx_word' id='word_1_207' title='bbox 1238 3135 1273 3190; x_wconf 91' lang='lat' dir='ltr'>et</span> <span class='ocrx_word' id='word_1_208' title='bbox 1293 3134 1430 3190; x_wconf 90' lang='lat' dir='ltr'>utuntur</span> 
     </span>
     <span class='ocr_line' id='line_1_25' title="bbox 279 3230 1430 3314; baseline -0.003 -18"><span class='ocrx_word' id='word_1_209' title='bbox 279 3233 324 3296; x_wconf 90' lang='lat' dir='ltr'>eis</span> <span class='ocrx_word' id='word_1_210' title='bbox 345 3243 459 3297; x_wconf 89' lang='lat' dir='ltr'>contra</span> <span class='ocrx_word' id='word_1_211' title='bbox 481 3233 662 3298; x_wconf 86' lang='lat' dir='ltr'>accidentia</span> <span class='ocrx_word' id='word_1_212' title='bbox 684 3234 872 3310; x_wconf 88' lang='lat' dir='ltr'>senectutis,</span> <span class='ocrx_word' id='word_1_213' title='bbox 887 3242 921 3296; x_wconf 90' lang='lat' dir='ltr'>et</span> <span class='ocrx_word' id='word_1_214' title='bbox 936 3233 1038 3296; x_wconf 89' lang='lat' dir='ltr'>vitam</span> <span class='ocrx_word' id='word_1_215' title='bbox 1056 3231 1257 3314; x_wconf 86' lang='lat' dir='ltr'>prolongant</span> <span class='ocrx_word' id='word_1_216' title='bbox 1278 3241 1313 3294; x_wconf 83' lang='lat' dir='ltr'>et</span> <span class='ocrx_word' id='word_1_217' title='bbox 1335 3230 1430 3294; x_wconf 88' lang='lat' dir='ltr'>intel-</span> 
     </span>
     <span class='ocr_line' id='line_1_26' title="bbox 279 3333 1431 3402; baseline -0.002 -2"><span class='ocrx_word' id='word_1_218' title='bbox 279 3337 404 3400; x_wconf 89' lang='lat' dir='ltr'>lectum</span> <span class='ocrx_word' id='word_1_219' title='bbox 435 3336 607 3402; x_wconf 90' lang='lat' dir='ltr'>subtiliant</span> <span class='ocrx_word' id='word_1_220' title='bbox 634 3337 720 3401; x_wconf 90' lang='lat' dir='ltr'>ultra</span> <span class='ocrx_word' id='word_1_221' title='bbox 743 3357 875 3401; x_wconf 91' lang='lat' dir='ltr'>omnem</span> <span class='ocrx_word' id='word_1_222' title='bbox 904 3334 1180 3401; x_wconf 88' lang='lat' dir='ltr'>aestimationem.</span> <span class='ocrx_word' id='word_1_223' title='bbox 1223 3335 1312 3399; x_wconf 92' lang='lat' dir='ltr'>Nam</span> <span class='ocrx_word' id='word_1_224' title='bbox 1339 3333 1431 3398; x_wconf 87' lang='lat' dir='ltr'>nulla</span> 
     </span>
     <span class='ocr_line' id='line_1_27' title="bbox 279 3439 1430 3524; baseline -0.003 -19"><span class='ocrx_word' id='word_1_225' title='bbox 279 3441 431 3505; x_wconf 87' lang='lat' dir='ltr'>doctrina</span> <span class='ocrx_word' id='word_1_226' title='bbox 456 3461 542 3524; x_wconf 89' lang='lat' dir='ltr'>quae</span> <span class='ocrx_word' id='word_1_227' title='bbox 567 3461 626 3524; x_wconf 93' lang='lat' dir='ltr'>per</span> <span class='ocrx_word' id='word_1_228' title='bbox 649 3441 819 3506; x_wconf 90' lang='lat' dir='ltr'>hominem</span> <span class='ocrx_word' id='word_1_229' title='bbox 846 3440 916 3505; x_wconf 90' lang='lat' dir='ltr'>fieri</span> <span class='ocrx_word' id='word_1_230' title='bbox 943 3449 1053 3524; x_wconf 88' lang='lat' dir='ltr'>potest</span> <span class='ocrx_word' id='word_1_231' title='bbox 1079 3451 1208 3503; x_wconf 88' lang='lat' dir='ltr'>tantam</span> <span class='ocrx_word' id='word_1_232' title='bbox 1233 3439 1430 3522; x_wconf 85' lang='lat' dir='ltr'>sapientiam</span> 
     </span>
     <span class='ocr_line' id='line_1_28' title="bbox 281 3544 1432 3627; baseline 0.001 -20"><span class='ocrx_word' id='word_1_233' title='bbox 281 3545 434 3609; x_wconf 91' lang='lat' dir='ltr'>inducere</span> <span class='ocrx_word' id='word_1_234' title='bbox 459 3545 549 3608; x_wconf 88' lang='lat' dir='ltr'>valet</span> <span class='ocrx_word' id='word_1_235' title='bbox 573 3545 658 3609; x_wconf 90' lang='lat' dir='ltr'>sicut</span> <span class='ocrx_word' id='word_1_236' title='bbox 683 3566 757 3609; x_wconf 90' lang='lat' dir='ltr'>esus</span> <span class='ocrx_word' id='word_1_237' title='bbox 789 3548 926 3610; x_wconf 83' lang='lat' dir='ltr'>istarum</span> <span class='ocrx_word' id='word_1_238' title='bbox 952 3545 1110 3618; x_wconf 87' lang='lat' dir='ltr'>caminm,</span> <span class='ocrx_word' id='word_1_239' title='bbox 1133 3544 1314 3610; x_wconf 88' lang='lat' dir='ltr'>secundum</span> <span class='ocrx_word' id='word_1_240' title='bbox 1339 3545 1432 3627; x_wconf 90' lang='lat' dir='ltr'>quod</span> 
     </span>
     <span class='ocr_line' id='line_1_29' title="bbox 280 3647 1433 3731; baseline -0.002 -19"><span class='ocrx_word' id='word_1_241' title='bbox 280 3669 340 3731; x_wconf 92' lang='lat' dir='ltr'>per</span> <span class='ocrx_word' id='word_1_242' title='bbox 375 3649 525 3714; x_wconf 77' lang='lat' dir='ltr'>homines</span> <span class='ocrx_word' id='word_1_243' title='bbox 561 3650 724 3731; x_wconf 87' lang='lat' dir='ltr'>probatae</span> <span class='ocrx_word' id='word_1_244' title='bbox 760 3649 837 3714; x_wconf 88' lang='lat' dir='ltr'>fidei</span> <span class='ocrx_word' id='word_1_245' title='bbox 874 3649 1048 3714; x_wconf 89' lang='lat' dir='ltr'>didicimus</span> <span class='ocrx_word' id='word_1_246' title='bbox 1080 3647 1150 3711; x_wconf 89' lang='lat' dir='ltr'>sine</span> <span class='ocrx_word' id='word_1_247' title='bbox 1187 3649 1361 3712; x_wconf 89' lang='lat' dir='ltr'>mendacio</span> <span class='ocrx_word' id='word_1_248' title='bbox 1398 3656 1433 3712; x_wconf 92' lang='lat' dir='ltr'>et</span> 
     </span>
     <span class='ocr_line' id='line_1_30' title="bbox 281 3753 498 3818; baseline -0.014 0"><span class='ocrx_word' id='word_1_249' title='bbox 281 3753 498 3818; x_wconf 87' lang='lat' dir='ltr'>dubitatione.</span> 
     </span>
    </p>

    <p class='ocr_par' dir='ltr' id='par_1_4' title="bbox 281 3855 1601 4566">
     <span class='ocr_line' id='line_1_31' title="bbox 326 3855 1583 3941; baseline -0.008 -19"><span class='ocrx_word' id='word_1_250' title='bbox 326 3857 361 3922; x_wconf 92' lang='lat' dir='ltr'>Si</span> <span class='ocrx_word' id='word_1_251' title='bbox 377 3877 455 3920; x_wconf 88' lang='lat' dir='ltr'>vero</span> <span class='ocrx_word' id='word_1_252' title='bbox 470 3857 634 3922; x_wconf 87' lang='lat' dir='ltr'>elementa</span> <span class='ocrx_word' id='word_1_253' title='bbox 649 3857 943 3940; x_wconf 82' lang='lat' dir='ltr'>praepararentur³</span> <span class='ocrx_word' id='word_1_254' title='bbox 958 3868 993 3923; x_wconf 92' lang='lat' dir='ltr'>et</span> <span class='ocrx_word' id='word_1_255' title='bbox 1008 3855 1280 3941; x_wconf 85' lang='lat' dir='ltr'>purificarentur</span> <span class='ocrx_word' id='word_1_256' title='bbox 1272 3877 1304 3918; x_wconf 86' lang='lat' dir='ltr'>rn</span> <span class='ocrx_word' id='word_1_257' title='bbox 1321 3855 1433 3937; x_wconf 89' lang='lat' dir='ltr'>aliquo</span> <span class='ocrx_word' id='word_1_258' title='bbox 1448 3863 1583 3928; x_wconf 70' lang='lat' dir='ltr'>principles</span> 
     </span>
     <span class='ocr_line' id='line_1_32' title="bbox 282 3880 1601 4060; baseline -0.002 -34"><span class='ocrx_word' id='word_1_259' title='bbox 282 3962 390 4026; x_wconf 88' lang='lat' dir='ltr'>mixto</span> <span class='ocrx_word' id='word_1_260' title='bbox 406 3981 611 4044; x_wconf 88' lang='lat' dir='ltr'>quocunque,</span> <span class='ocrx_word' id='word_1_261' title='bbox 628 3962 674 4026; x_wconf 86' lang='lat' dir='ltr'>ita</span> <span class='ocrx_word' id='word_1_262' title='bbox 689 3963 779 4045; x_wconf 92' lang='lat' dir='ltr'>quod</span> <span class='ocrx_word' id='word_1_263' title='bbox 795 3961 885 4025; x_wconf 87' lang='lat' dir='ltr'>nulla</span> <span class='ocrx_word' id='word_1_264' title='bbox 901 3962 1035 4026; x_wconf 84' lang='lat' dir='ltr'>iniectio</span> <span class='ocrx_word' id='word_1_265' title='bbox 1049 3973 1136 4025; x_wconf 92' lang='lat' dir='ltr'>esset</span> <span class='ocrx_word' id='word_1_266' title='bbox 1151 3961 1246 4024; x_wconf 91' lang='lat' dir='ltr'>unius</span> <span class='ocrx_word' id='word_1_267' title='bbox 1261 3980 1321 4041; x_wconf 89' lang='lat' dir='ltr'>per</span> <span class='ocrx_word' id='word_1_268' title='bbox 1334 3947 1463 4023; x_wconf 89' lang='lat' dir='ltr'>aliud⁰</span> <span class='ocrx_word' id='word_1_269' title='bbox 1427 3999 1488 4046; x_wconf 70' lang='lat' dir='ltr'>’the</span> <span class='ocrx_word' id='word_1_270' title='bbox 1464 3880 1601 4060; x_wconf 48' lang='lat' dir='ltr'>”regffdy</span> 
     </span>
     <span class='ocr_line' id='line_1_33' title="bbox 281 4061 1600 4149; baseline -0.002 -20"><span class='ocrx_word' id='word_1_271' title='bbox 281 4066 340 4130; x_wconf 92' lang='lat' dir='ltr'>sed</span> <span class='ocrx_word' id='word_1_272' title='bbox 371 4066 606 4129; x_wconf 88' lang='lat' dir='ltr'>reducerentur</span> <span class='ocrx_word' id='word_1_273' title='bbox 635 4067 679 4130; x_wconf 92' lang='lat' dir='ltr'>ad</span> <span class='ocrx_word' id='word_1_274' title='bbox 703 4086 819 4148; x_wconf 90' lang='lat' dir='ltr'>puram</span> <span class='ocrx_word' id='word_1_275' title='bbox 845 4066 1104 4149; x_wconf 88' lang='lat' dir='ltr'>simplicitatem,</span> <span class='ocrx_word' id='word_1_276' title='bbox 1126 4075 1208 4129; x_wconf 90' lang='lat' dir='ltr'>tunc</span> <span class='ocrx_word' id='word_1_277' title='bbox 1237 4065 1432 4126; x_wconf 90' lang='lat' dir='ltr'>aestimave-</span> <span class='ocrx_word' id='word_1_278' title='bbox 1446 4063 1469 4113; x_wconf 84' lang='lat' dir='ltr'>is</span> <span class='ocrx_word' id='word_1_279' title='bbox 1484 4061 1600 4112; x_wconf 80' lang='lat' dir='ltr'>founded.</span> 
     </span>
     <span class='ocr_line' id='line_1_34' title="bbox 282 4168 1432 4253; baseline -0.003 -20"><span class='ocrx_word' id='word_1_280' title='bbox 282 4179 359 4233; x_wconf 88' lang='lat' dir='ltr'>runt</span> <span class='ocrx_word' id='word_1_281' title='bbox 375 4170 607 4253; x_wconf 87' lang='lat' dir='ltr'>sapientissimi</span> <span class='ocrx_word' id='word_1_282' title='bbox 622 4171 715 4252; x_wconf 89' lang='lat' dir='ltr'>quod</span> <span class='ocrx_word' id='word_1_283' title='bbox 728 4191 894 4234; x_wconf 85' lang='lat' dir='ltr'>summam</span> <span class='ocrx_word' id='word_1_284' title='bbox 910 4169 1107 4234; x_wconf 88' lang='lat' dir='ltr'>medicinam</span> <span class='ocrx_word' id='word_1_285' title='bbox 1129 4168 1298 4231; x_wconf 90' lang='lat' dir='ltr'>haberent.</span> <span class='ocrx_word' id='word_1_286' title='bbox 1344 4168 1432 4231; x_wconf 90' lang='lat' dir='ltr'>Nam</span> 
     </span>
     <span class='ocr_line' id='line_1_35' title="bbox 281 4273 1435 4357; baseline 0 -21"><span class='ocrx_word' id='word_1_287' title='bbox 281 4275 329 4336; x_wconf 90' lang='lat' dir='ltr'>sic</span> <span class='ocrx_word' id='word_1_288' title='bbox 359 4283 471 4338; x_wconf 89' lang='lat' dir='ltr'>essent</span> <span class='ocrx_word' id='word_1_289' title='bbox 501 4273 666 4337; x_wconf 83' lang='lat' dir='ltr'>elementa</span> <span class='ocrx_word' id='word_1_290' title='bbox 695 4275 856 4357; x_wconf 86' lang='lat' dir='ltr'>aequalia.</span> <span class='ocrx_word' id='word_1_291' title='bbox 903 4274 950 4338; x_wconf 93' lang='lat' dir='ltr'>Et</span> <span class='ocrx_word' id='word_1_292' title='bbox 980 4274 1148 4336; x_wconf 85' lang='lat' dir='ltr'>Avenoes</span> <span class='ocrx_word' id='word_1_293' title='bbox 1180 4273 1290 4354; x_wconf 89' lang='lat' dir='ltr'>arguit</span> <span class='ocrx_word' id='word_1_294' title='bbox 1319 4281 1435 4336; x_wconf 87' lang='lat' dir='ltr'>contra</span> 
     </span>
     <span class='ocr_line' id='line_1_36' title="bbox 283 4375 1435 4460; baseline -0.003 -18"><span class='ocrx_word' id='word_1_295' title='bbox 283 4375 485 4442; x_wconf 80' lang='lat' dir='ltr'>Galienum⁴</span> <span class='ocrx_word' id='word_1_296' title='bbox 508 4398 607 4460; x_wconf 87' lang='lat' dir='ltr'>super</span> <span class='ocrx_word' id='word_1_297' title='bbox 636 4377 766 4442; x_wconf 94' lang='lat' dir='ltr'>decimo</span> <span class='ocrx_word' id='word_1_298' title='bbox 798 4377 1083 4460; x_wconf 80' lang='lat' dir='ltr'>Metaphysicae⁶,</span> <span class='ocrx_word' id='word_1_299' title='bbox 1112 4376 1204 4459; x_wconf 90' lang='lat' dir='ltr'>quod</span> <span class='ocrx_word' id='word_1_300' title='bbox 1233 4376 1261 4438; x_wconf 92' lang='lat' dir='ltr'>si</span> <span class='ocrx_word' id='word_1_301' title='bbox 1291 4375 1435 4441; x_wconf 86' lang='lat' dir='ltr'>mixtum</span> 
     </span>
     <span class='ocr_line' id='line_1_37' title="bbox 283 4479 1435 4566; baseline -0.001 -19"><span class='ocrx_word' id='word_1_302' title='bbox 283 4493 370 4547; x_wconf 90' lang='lat' dir='ltr'>esset</span> <span class='ocrx_word' id='word_1_303' title='bbox 398 4501 458 4564; x_wconf 89' lang='lat' dir='ltr'>per</span> <span class='ocrx_word' id='word_1_304' title='bbox 489 4482 724 4566; x_wconf 88' lang='lat' dir='ltr'>aequalitatem</span> <span class='ocrx_word' id='word_1_305' title='bbox 749 4481 965 4562; x_wconf 90' lang='lat' dir='ltr'>miscibilium,</span> <span class='ocrx_word' id='word_1_306' title='bbox 989 4491 1070 4547; x_wconf 91' lang='lat' dir='ltr'>tunc</span> <span class='ocrx_word' id='word_1_307' title='bbox 1092 4499 1159 4544; x_wconf 93' lang='lat' dir='ltr'>non</span> <span class='ocrx_word' id='word_1_308' title='bbox 1182 4490 1268 4544; x_wconf 89' lang='lat' dir='ltr'>esset</span> <span class='ocrx_word' id='word_1_309' title='bbox 1291 4479 1379 4545; x_wconf 91' lang='lat' dir='ltr'>actio</span> <span class='ocrx_word' id='word_1_310' title='bbox 1401 4490 1435 4546; x_wconf 93' lang='lat' dir='ltr'>et</span> 
     </span>
    </p>
   </div>
   <div class='ocr_carea' id='block_1_4' title="bbox 315 4629 1402 4773">
    <p class='ocr_par' dir='ltr' id='par_1_5' title="bbox 315 4629 1402 4773">
     <span class='ocr_line' id='line_1_38' title="bbox 315 4629 1402 4694; baseline -0.001 -13"><span class='ocrx_word' id='word_1_311' title='bbox 315 4631 325 4661; x_wconf 84' lang='lat'>¹</span> <span class='ocrx_word' id='word_1_312' title='bbox 342 4638 487 4694; x_wconf 82' lang='lat' dir='ltr'>serpentes,</span> <span class='ocrx_word' id='word_1_313' title='bbox 500 4631 526 4692; x_wconf 93' lang='lat' dir='ltr'>J.</span> <span class='ocrx_word' id='word_1_314' title='bbox 745 4629 755 4660; x_wconf 87' lang='lat'><strong>¹</strong></span> <span class='ocrx_word' id='word_1_315' title='bbox 770 4633 900 4693; x_wconf 80' lang='lat' dir='ltr'>concavis,</span> <span class='ocrx_word' id='word_1_316' title='bbox 911 4632 936 4692; x_wconf 91' lang='lat' dir='ltr'>J.</span> <span class='ocrx_word' id='word_1_317' title='bbox 1142 4630 1153 4660; x_wconf 86' lang='lat'><strong>¹</strong></span> <span class='ocrx_word' id='word_1_318' title='bbox 1171 4639 1367 4694; x_wconf 70' lang='lat' dir='ltr'>praeparentur,</span> <span class='ocrx_word' id='word_1_319' title='bbox 1377 4631 1402 4691; x_wconf 92' lang='lat' dir='ltr'>J.</span> 
     </span>
     <span class='ocr_line' id='line_1_39' title="bbox 582 4709 1302 4773; baseline 0 -13"><span class='ocrx_word' id='word_1_320' title='bbox 582 4710 590 4740; x_wconf 80' lang='lat'><strong>⁴</strong></span> <span class='ocrx_word' id='word_1_321' title='bbox 609 4710 748 4773; x_wconf 75' lang='lat' dir='ltr'>Salienum,</span> <span class='ocrx_word' id='word_1_322' title='bbox 759 4710 785 4770; x_wconf 94' lang='lat' dir='ltr'>J.</span> <span class='ocrx_word' id='word_1_323' title='bbox 1034 4711 1045 4742; x_wconf 84' lang='lat'>⁸</span> <span class='ocrx_word' id='word_1_324' title='bbox 1061 4709 1266 4773; x_wconf 69' lang='lat' dir='ltr'>Mathematieae,</span> <span class='ocrx_word' id='word_1_325' title='bbox 1276 4710 1293 4771; x_wconf 99' lang='lat' dir='ltr'>J</span> <span class='ocrx_word' id='word_1_326' title='bbox 1295 4746 1302 4758; x_wconf 94' lang='lat'>.</span> 
     </span>
    </p>
   </div>
   <div class='ocr_carea' id='block_1_5' title="bbox 837 4803 894 4854">
    <p class='ocr_par' dir='ltr' id='par_1_6' title="bbox 837 4803 894 4854">
     <span class='ocr_line' id='line_1_40' title="bbox 837 4803 894 4854; baseline -0.035 0"><span class='ocrx_word' id='word_1_327' title='bbox 837 4803 894 4854; x_wconf 75' lang='grc' dir='ltr'>Μ</span> 
     </span>
    </p>
   </div>
   <div class='ocr_carea' id='block_1_6' title="bbox 0 0 1795 5359">
    <p class='ocr_par' dir='ltr' id='par_1_7' title="bbox 0 0 1795 5359">
     <span class='ocr_line' id='line_1_41' title="bbox 0 0 1795 5359; baseline 0 0"><span class='ocrx_word' id='word_1_328' title='bbox 0 0 1795 5359; x_wconf 95' lang='lat' dir='ltr'> </span> 
     </span>
    </p>
   </div>
  </div>
 </body>
</html>
