3542 5359
376 618 707 689 PERSPECTIVAE
731 630 846 690 PARS
870 630 1031 689 PRIMA:
1065 631 1172 689 DIST.
1200 631 1225 690 I.
1359 648 1379 707 3

221 812 281 873 per
293 792 416 856 visum.
465 792 500 857 Si
517 802 627 857 autem
641 791 822 875 allegemus
838 805 973 876 gustum
987 804 1021 857 et
1033 804 1160 858 tactum
1173 807 1207 858 et
1219 793 1376 858 olfactum

222 908 302 959 tunc
317 897 487 961 induimus
503 897 676 961 bestialem
692 898 900 983 sapientiam.
947 899 1035 962 Nam
1051 900 1149 963 bruta
1164 903 1249 963 circa
1264 908 1377 982 gusta-

224 1000 304 1063 bilia
335 1010 369 1063 et
401 1000 575 1083 tangibilia
603 1013 786 1080 versantur,
814 1013 847 1066 et
871 1002 1031 1067 olfactum
1062 1014 1218 1067 exercent
1243 1014 1379 1086 propter

226 1114 361 1188 gustum
376 1114 410 1169 et
425 1114 560 1183 tactum,
575 1107 633 1169 sed
648 1106 726 1169 vilia
748 1116 822 1170 sunt
839 1116 873 1171 et
888 1128 994 1190 pauca
1014 1118 1048 1172 et
1067 1108 1255 1171 communia
1275 1108 1379 1169 brutis

226 1211 416 1290 dequibus
446 1210 629 1273 certificant
658 1209 692 1273 hi
722 1230 846 1287 sensus,
870 1222 905 1275 et
935 1212 1010 1275 ideo
1040 1232 1107 1276 non
1136 1220 1315 1294 assurgunt
1346 1211 1380 1273 in

228 1313 424 1395 dignitatem
454 1313 635 1395 sapientiae
664 1314 838 1379 humanae.
899 1314 1074 1380 Caeterum
1104 1324 1240 1400 propter
1269 1335 1381 1379 neces·

229 1418 358 1481 sitatem
379 1428 415 1481 et
437 1418 614 1481 utilitatem
637 1428 672 1482 et
694 1418 923 1484 difficultatem
946 1421 1193 1484 constituuntur
1214 1420 1380 1496 scientiae,

230 1522 306 1603 quia
328 1542 382 1585 ars
403 1530 454 1584 est
476 1523 519 1585 de
537 1520 661 1586 difficili
685 1530 719 1585 et
739 1522 840 1599 bono,
856 1534 893 1587 ut
907 1524 1108 1588 Aristoteles
1130 1526 1211 1588 dicit
1234 1525 1380 1588 secundo

232 1626 434 1689 Ethicorum.
481 1625 518 1691 Si
542 1627 631 1689 enim
657 1626 751 1690 facile
777 1638 827 1691 est
851 1630 941 1710 quod
965 1631 1140 1709 quaeritur,
1163 1650 1229 1692 non
1251 1637 1381 1710 oportet

228 1731 401 1794 scientiam
416 1731 581 1793 constitui.
627 1729 787 1795 Similiter
802 1732 864 1795 etsi
885 1732 930 1796 sit
944 1731 1085 1806 difficile,
1102 1743 1135 1797 et
1153 1755 1216 1797 non
1234 1734 1276 1797 sit
1293 1731 1381 1807 utile,

229 1856 295 1898 non
312 1834 351 1898 fit
366 1835 502 1897 scientia
514 1836 557 1899 de
568 1856 618 1911 eo,
628 1836 706 1916 quia
722 1836 816 1899 labor
831 1835 952 1899 stultus
964 1848 1050 1901 esset
1062 1845 1096 1900 et
1108 1838 1222 1902 inanis.
1269 1837 1381 1901 Etiam

228 1941 289 2004 nisi
306 1938 403 2003 valde
418 1950 504 2006 esset
519 1940 601 2003 utile
618 1951 652 2004 et
668 1939 789 2004 multas
810 1948 843 2003 et
859 1941 1044 2022 praeclaras
1066 1941 1201 2006 haberet
1217 1942 1381 2017 veritates,

228 2064 297 2109 non
321 2044 421 2108 debet
442 2044 575 2107 scientia
593 2054 746 2128 separata
764 2044 930 2122 constitui,
945 2047 1002 2109 sed
1023 2046 1142 2109 sufficit
1163 2057 1199 2110 ut
1219 2047 1250 2109 in
1271 2046 1382 2128 aliquo

228 2148 360 2234 partiali
383 2147 464 2211 libro
487 2147 540 2212 vel
566 2148 712 2231 capitulo
736 2148 971 2213 determinetur
996 2170 1072 2213 cum
1096 2150 1166 2215 aliis
1187 2150 1219 2213 in
1248 2151 1382 2215 scientia

228 2254 408 2317 communi.
454 2252 521 2316 Sed
537 2252 580 2316 de
594 2252 667 2317 solo
676 2254 746 2317 visu
758 2253 892 2318 scientia
903 2263 1056 2336 separata
1071 2254 1278 2319 constituitur
1292 2254 1381 2339 apud

229 2358 456 2443 philosophos,
471 2366 508 2421 ut
523 2359 736 2441 perspectiva,
748 2367 782 2422 et
798 2378 864 2421 non
880 2358 924 2421 de
939 2358 1003 2423 alio
1018 2378 1127 2423 sensu.
1173 2358 1384 2442 Quapropter

230 2474 366 2545 oportet
389 2464 480 2544 quod
503 2463 545 2526 sit
566 2463 715 2547 specialis
737 2462 859 2527 utilitas
882 2464 1061 2547 sapientiae
1083 2484 1143 2548 per
1164 2466 1280 2540 visum,
1298 2484 1385 2545 quae

231 2588 299 2631 non
316 2568 496 2650 reperiatur
513 2568 546 2632 iu
565 2566 635 2631 aliis
656 2567 814 2631 sensibus.
861 2567 907 2631 Et
929 2568 1020 2650 quod
1044 2588 1131 2632 nunc
1155 2568 1187 2631 in
1212 2567 1385 2632 universali

231 2674 303 2755 jam
333 2672 433 2751 tetigi,
457 2670 535 2734 volo
562 2672 595 2734 in
625 2671 811 2754 particulari
840 2671 1000 2736 exhibere
1029 2671 1228 2737 revolvendo
1260 2673 1384 2736 radices

235 2778 333 2857 hujus
347 2776 501 2841 scientiae
515 2776 759 2861 pulcherrimae.
806 2776 920 2840 Potest
935 2797 1013 2841 vero
1033 2776 1143 2858 aliqua
1163 2777 1300 2841 scicntia
1314 2796 1386 2839 esse

236 2881 352 2955 utilior,
366 2882 425 2945 sed
442 2880 531 2944 nulla
546 2890 675 2945 tantam
690 2882 884 2945 suavitatem
901 2891 935 2944 et
947 2879 1223 2963 pulchritudinem
1238 2880 1387 2943 utilitatis

233 2986 348 3049 habet
393 2985 455 3068 [Et
470 2986 546 3049 ideo
560 2996 612 3049 est
627 2984 689 3047 flos
705 2984 931 3068 philosophiae
950 2984 1052 3049 totius
1072 2992 1107 3047 et
1122 3004 1182 3065 per
1201 3004 1312 3065 quam,
1327 3004 1385 3047 nec

232 3090 305 3153 sine
319 3110 394 3172 qua,
409 3088 493 3153 aliae
508 3088 661 3153 scientiae
675 3089 747 3153 sciri
767 3100 917 3171 possunt.
963 3088 1143 3154 Sciendum
1163 3100 1275 3152 autem
1296 3089 1385 3170 quod

234 3190 435 3257 Aristoteles
452 3194 559 3276 primo
578 3196 765 3275 composuit
786 3195 871 3257 hanc
897 3194 1078 3268 scientiam,
1095 3195 1137 3256 de
1156 3214 1222 3275 qua
1243 3192 1389 3275 loquitur

234 3298 384 3363 secundo
409 3298 622 3379 Physicorum
646 3299 736 3379 quod
760 3298 1005 3362 subalternatur
1031 3319 1092 3373 ree,
1114 3308 1148 3361 et
1178 3299 1210 3360 in
1241 3297 1323 3362 libro
1345 3298 1388 3361 de

235 3422 338 3467 sensu
354 3414 387 3465 et
402 3411 544 3479 sensato,
559 3412 594 3467 et
609 3402 775 3484 redarguit
792 3402 1021 3465 Democritum
1035 3402 1112 3485 quia
1127 3422 1194 3464 non
1210 3400 1389 3465 nominavit

235 3507 413 3571 fractiones
435 3506 631 3570 reflexiones
652 3508 741 3570 visus
763 3508 807 3569 de
829 3507 948 3588 opticis
974 3516 1007 3569 et
1033 3506 1075 3569 de
1106 3506 1210 3569 nervis
1240 3505 1389 3569 concavis

236 3610 427 3687 visualibus,
442 3612 499 3693 qui
518 3622 568 3674 est
588 3610 768 3675 translatus
789 3612 820 3673 in
838 3610 1004 3673 Latirmm.
1051 3610 1130 3673 Post
1145 3630 1221 3672 eum
1237 3608 1389 3673 Alhazen

234 3714 460 3779 abundantius
475 3714 616 3796 exponit
630 3714 685 3798 qui
697 3713 846 3777 habetur.
890 3713 1277 3777 AbundantiusAlkindi
1289 3714 1389 3776 etiam

236 3820 351 3902 aliqua
367 3820 562 3901 composuit,
578 3828 612 3883 et
627 3832 779 3882 auctores
795 3818 950 3881 librorum
967 3818 1009 3881 de
1023 3818 1095 3880 visu
1111 3826 1145 3880 et
1161 3817 1303 3900 speculis
1312 3811 1350 3903 ¹.]

271 4017 281 4046 ¹
298 4014 362 4065 This
385 4030 495 4077 passage
511 4030 598 4064 comes
614 4015 679 4064 from
696 4016 741 4065 the
759 4014 844 4076 Magd.
867 4014 923 4065 MS.
943 4014 994 4063 and
1012 4014 1035 4063 is
1052 4022 1098 4063 not
1115 4015 1194 4062 found
1211 4016 1238 4062 in
1254 4015 1299 4062 the
1316 4015 1392 4063 other

239 4094 317 4145 ¹55.
330 4094 360 4144 of
368 4094 524 4156 Perffecfiau
536 4094 620 4142 which
634 4095 699 4142 have
710 4110 783 4143 come
795 4100 822 4142 ιο
834 4108 878 4155 my
890 4094 1053 4155 knowledge.
1083 4094 1139 4141 The
1152 4094 1207 4141 first
1220 4092 1353 4141 reference
1365 4101 1393 4140 to

236 4174 364 4225 Aristotle
378 4174 409 4229 is,
423 4172 433 4220 l
450 4188 573 4235 suppose,
586 4180 614 4221 ιο
625 4173 684 4221 Nat.
696 4172 812 4221 Auscuft.
829 4172 870 4223 lib.
889 4173 914 4220 ii.
930 4188 985 4234 cap.
1003 4188 1027 4234 a,
1039 4173 1131 4221 where
1148 4172 1225 4232 Optic
1242 4169 1353 4236 (ὀπτικὴ)
1371 4170 1394 4219 is

236 4255 338 4317 molen
349 4252 380 4301 of
387 4267 417 4302 as
427 4268 444 4300 a
456 4252 560 4300 distinct
570 4252 682 4301 science.
695 4252 747 4300 and
760 4253 781 4299 is
789 4252 891 4299 classed
899 4252 964 4300 with
977 4250 1121 4300 Harmonic
1132 4251 1184 4300 and
1193 4252 1355 4310 Astronomy
1367 4249 1393 4296 in

237 4333 388 4397 opprrdtion
410 4338 439 4381 ιο
461 4345 526 4391 pure
547 4330 717 4380 mathematic.
751 4330 807 4378 The
823 4330 1224 4392 exprmionsubalrematurm
1240 4330 1262 4376 is
1278 4328 1393 4376 obscure.

237 4412 295 4462 Tne
313 4412 415 4461 second
436 4408 571 4457 reference
588 4409 610 4457 is
627 4418 656 4457 to
673 4409 713 4458 De
728 4408 811 4457 sensu
827 4416 849 4457 et
863 4408 977 4470 Smsato,
994 4425 1049 4470 cap.
1064 4425 1087 4457 a.
1121 4409 1185 4456 This
1202 4406 1354 4468 apparently
1372 4408 1395 4455 is

238 4492 283 4541 the
293 4490 371 4541 work
384 4489 476 4539 which
487 4486 576 4535 Bacon
588 4489 683 4550 speaks
695 4488 725 4536 of
732 4503 761 4537 as
776 4488 931 4537 ‘uanslatus
941 4490 968 4537 in
981 4487 1118 4539 Latinum!

785 4768 842 4819 ΒΖ
