3542 5359
410 611 472 674 514
681 592 1018 653 MULTIPLICATIO
1043 592 1297 652 SPECIERUM.

412 758 458 820 ita
474 757 563 838 quod
583 754 647 819 alia
662 757 800 819 omnino
815 742 1011 829 destruatur,
1027 765 1062 816 et
1078 753 1254 837 praecipue
1270 753 1304 815 in
1320 752 1440 816 medio
1465 774 1490 816 a
1514 752 1585 816 loco

412 862 583 923 mixtionis
602 862 645 923 ad
667 860 809 936 oculum,
825 860 873 922 ita
891 859 981 940 quod
1000 868 1181 940 antequam
1199 859 1243 920 ad
1263 857 1434 940 pupillam
1457 858 1584 933 veniat,

411 974 621 1028 convertatur
636 965 761 1046 species
777 984 841 1027 una
856 963 888 1025 in
902 964 1100 1025 contrariam
1118 961 1356 1043 peractionem
1373 962 1582 1025 naturalem.

414 1070 459 1131 Et
481 1070 555 1132 ideo
570 1069 733 1150 judicabit
754 1068 842 1129 visus
865 1068 909 1129 de
929 1087 963 1129 re
982 1086 1047 1128 una
1067 1086 1125 1148 per
1147 1066 1290 1149 speciem
1311 1086 1426 1142 unam,
1449 1076 1516 1129 aut
1539 1067 1583 1129 ita

412 1172 530 1237 fortem
546 1173 635 1255 quod
651 1171 873 1236 occultabitur
890 1170 1025 1251 reliqua.

455 1277 556 1359 Quod
578 1296 656 1339 vero
675 1297 695 1338 a
713 1276 787 1337 loco
809 1274 981 1338 mixtionis
1003 1275 1110 1356 primo
1129 1275 1240 1338 veniat
1261 1294 1328 1344 ¹una
1348 1274 1488 1355 species
1508 1294 1581 1357 per·

412 1380 668 1463 pendiculariter
682 1400 782 1461 super
796 1378 919 1441 lineam
936 1378 1163 1460 principalem,
1179 1388 1213 1441 et
1228 1378 1292 1441 alia
1308 1378 1581 1455 accidentaliter,

413 1483 625 1548 manifestum
653 1493 703 1547 est
729 1492 866 1567 propter
891 1459 1001 1545 3ἰὶυηῖ
1023 1482 1110 1544 oculi
1140 1493 1288 1564 respectu
1316 1482 1465 1545 duorum
1500 1484 1581 1545 visi-

412 1589 527 1653 bilium
563 1590 775 1665 diversorum,
806 1596 1101 1668 quantumcunque
1133 1587 1317 1669 propinque
1347 1586 1389 1648 ad
1425 1586 1579 1650 invicem

412 1693 623 1757 collocantur.
678 1692 841 1775 Quamvis
881 1692 969 1754 enim
1010 1691 1052 1753 ad
1091 1688 1199 1753 locum
1244 1690 1417 1752 mixtionis
1459 1692 1581 1754 veniat

967 1796 1092 1875 species
1115 1816 1134 1857 a
1157 1794 1339 1857 visibilibus
1362 1814 1424 1876 per
1451 1794 1580 1858 lineam

966 1898 1180 1981 principalem
1205 1910 1328 1963 rectam
1347 1898 1401 1960 vel
1430 1898 1579 1963 fractam

964 2004 1016 2066 vel
1035 2002 1203 2077 reflexam,
1219 2012 1331 2065 tamen
1350 2002 1394 2065 ab
1413 2002 1477 2065 illo
1501 2003 1580 2067 loco

966 2109 1101 2191 planum
1128 2117 1189 2185 est,
1218 2108 1310 2189 quod
1342 2126 1408 2168 una
1442 2109 1580 2189 species

966 2211 1578 2295 superlineamprincipalemalterius

965 2337 1032 2378 non
1064 2316 1185 2379 incedit
1210 2316 1382 2397 principali
1408 2318 1579 2401 multipli-
1658 2376 1660 2405 ,

965 2422 1098 2483 catione
1113 2421 1173 2484 sed
1188 2420 1391 2496 accidentali,
1406 2423 1578 2501 quoniam
1659 2406 1660 2411 ἵ

967 2524 1074 2588 lineae
1101 2525 1299 2606 principales
1325 2525 1471 2588 duarum
1500 2546 1580 2608 spe·

967 2631 1090 2691 cierum
1108 2631 1235 2691 vadunt
1252 2648 1311 2711 per
1330 2628 1400 2691 vias
1419 2630 1580 2693 diversas
1658 2694 1660 2717 1

966 2744 1001 2795 et
1031 2733 1073 2796 ad
1105 2742 1228 2813 puncta
1252 2732 1381 2795 diversa
1407 2736 1516 2797 medii
1543 2748 1580 2797 et

966 2835 1062 2910 oculi,
1096 2846 1131 2899 et
1165 2855 1335 2918 nunquam
1367 2849 1582 2903 concurrunt

967 2942 1030 3003 nisi
1059 2960 1117 3021 per
1139 2940 1266 3021 aliquas
1292 2940 1498 3006 reflexiones
1526 2944 1581 3007 vel

968 3044 1141 3108 fractiones
1152 3054 1348 3127 cogerentur
1363 3065 1583 3112 concurrere.

968 3147 1035 3212 Sed
1059 3148 1145 3211 linea
1166 3150 1354 3231 principalis
1378 3150 1481 3213 unius
1504 3173 1584 3234 spe·

967 3253 1028 3316 ciei
1047 3264 1156 3336 potest
1172 3255 1259 3317 bene
1279 3273 1478 3318 concurrere
1501 3278 1584 3321 cum

411 3358 499 3422 linea
521 3358 716 3423 accidentali
739 3357 872 3421 alterius
896 3376 915 3419 a
939 3356 1012 3419 loco
1035 3358 1209 3422 mixtionis
1233 3358 1402 3439 usquead
1427 3364 1586 3426 eandem

412 3474 541 3546 partem
572 3462 668 3536 oculi,
700 3472 733 3526 et
763 3471 842 3526 tunc
871 3461 925 3524 vel
955 3474 1168 3525 consumetur
1197 3464 1323 3545 species
1352 3464 1590 3532 accidentalis

411 3588 471 3670 per
497 3566 720 3650 principalem,
745 3565 798 3629 vel
827 3585 887 3649 per
912 3563 984 3646 ejus
1015 3564 1243 3629 fortitudinem
1273 3564 1518 3647 occultabitur,
1549 3583 1592 3635 ut

410 3682 505 3756 patet
527 3673 560 3735 in
583 3672 646 3734 hac
670 3671 859 3735 lineatione.

455 3777 508 3842 Sit
519 3800 541 3840 a
554 3787 569 3839 t
582 3777 732 3853 oculus,c
748 3785 889 3856 punctus
901 3794 921 3837 a
933 3794 1001 3856 quo
1014 3775 1140 3857 species
1151 3776 1242 3838 venit
1254 3777 1596 3857 perpendiculariter

411 3885 454 3946 ad
475 3881 606 3947 oculum
627 3902 725 3962 super
746 3880 866 3943 lineam
884 3900 903 3941 c
905 3880 938 3961 f
942 3878 962 3949 ¹,
979 3880 1055 3942 dico
1072 3881 1164 3959 quod
1186 3880 1219 3942 in
1236 3889 1361 3960 puncto
1375 3900 1407 3961 g
1424 3895 1483 3948 est
1505 3908 1596 3951 vera

412 3988 533 4050 mixtio
549 3987 695 4048 colorum
711 4005 769 4047 seu
785 3983 969 4064 specierum
986 3983 1190 4047 venientium
1207 3982 1250 4046 ab
1267 3983 1345 4065 ipsis
1361 3984 1380 4047 b
1396 3996 1433 4049 et
1447 4009 1471 4048 c
1486 4002 1528 4055 et
1546 3992 1578 4054 d
1586 4020 1595 4069 ;

410 4092 469 4154 sed
495 4092 539 4154 ab
566 4091 638 4171 ipso
658 4110 689 4171 g
712 4109 778 4151 non
805 4099 857 4150 est
884 4085 1119 4169 multiplicatio
1146 4088 1333 4169 principalis
1360 4089 1424 4152 nisi
1453 4099 1598 4178 speciei

409 4213 496 4276 quae
516 4195 604 4256 venit
623 4194 665 4257 ab
684 4195 758 4275 ipso
775 4213 801 4265 c,
821 4203 856 4255 et
874 4193 1000 4274 species
1022 4190 1210 4273 principalis
1227 4191 1297 4257 sola
1317 4203 1434 4274 potest
1454 4200 1600 4267 ducere

410 4300 516 4361 visum
534 4300 566 4361 in
590 4300 634 4363 rei
654 4298 888 4378 cognitionem,
905 4306 938 4359 et
955 4315 1021 4358 non
1037 4296 1261 4373 accidentalis,
1279 4306 1313 4357 ut
1330 4298 1428 4379 prius
1444 4303 1597 4371 dictum

410 4413 470 4466 est.
518 4403 589 4464 Nec
611 4401 925 4484 perpendiculariter
945 4401 1035 4463 venit
1054 4422 1074 4464 a
1093 4422 1127 4464 re
1144 4402 1226 4483 ipsa,
1244 4402 1300 4464 sed
1323 4400 1438 4467 solum
1464 4430 1491 4473 a
1514 4408 1601 4478 loco

441 4568 449 4596 ¹
467 4570 533 4628 Jebb
544 4570 591 4617 has
602 4568 644 4630 el.
678 4567 728 4615 His
740 4568 862 4629 diagram,
876 4566 941 4615 Tab.
952 4566 977 4614 ii.
989 4582 1030 4627 34,
1045 4567 1066 4616 is
1080 4567 1217 4630 confused,
1231 4566 1275 4616 the
1289 4566 1383 4619 letters
1401 4570 1420 4619 Ιι
1436 4578 1499 4627 and
1519 4580 1533 4629 1
1549 4592 1603 4631 „02

407 4648 487 4709 being
497 4647 585 4695 noted.
619 4646 676 4695 The
688 4647 800 4708 diagram
812 4648 876 4694 here
888 4645 966 4707 given
978 4644 1000 4694 is
1013 4646 1077 4694 lrom
1092 4646 1161 4708 Reg.
