3542 5359
380 625 576 687 MORALIS
600 629 897 692 PHILOSOPHIA
909 657 919 691 :
954 635 1067 696 PARS
1096 638 1259 698 TERTIA.
1336 656 1397 720 333

245 805 287 850 ne
300 787 368 851 suis
384 790 519 870 quidem
535 788 688 857 laborant
702 797 984 878 occupationibus,
998 799 1042 863 ad
1061 800 1206 866 alienum
1225 803 1397 868 dormiunt

244 911 408 970 somnum,
434 894 476 957 ad
503 893 648 960 alienum
673 897 846 963 ambulant
872 903 1013 982 gradum
1042 951 1049 965 .
1075 950 1083 966 .
1111 951 1119 967 .
1147 905 1194 968 Hi
1224 906 1251 970 si
1281 907 1395 972 volent

244 997 327 1059 scire
349 1018 450 1080 quam
473 1000 581 1062 brevis
603 1001 750 1083 ipsorum
772 1004 842 1066 vita
866 1005 918 1082 sit,
934 1008 1082 1090 cogitent
1105 1030 1149 1072 ex
1172 1023 1277 1092 quota
1300 1023 1395 1094 parte

244 1118 304 1161 sua
326 1102 389 1166 sit.'

288 1205 385 1268 ‘Lex
400 1207 706 1291 aquinquagesimo
717 1232 807 1276 anno
817 1212 956 1276 militem
968 1234 1034 1278 non
1046 1215 1136 1300 legit,
1148 1237 1169 1280 a
1180 1220 1395 1300 sexagesimo
1408 1227 1472 1292 Cap.
1487 1241 1525 1277 20.

243 1319 426 1374 senatorem
445 1332 511 1376 non
526 1313 616 1378 citat.
657 1314 830 1380 Difficilius
845 1317 996 1381 homines
1006 1340 1027 1382 a
1041 1340 1077 1384 se
1089 1321 1196 1385 otium
1212 1323 1393 1406 impetrant

243 1432 343 1495 quam
359 1435 380 1478 a
396 1414 488 1496 lege!

638 1692 864 1760 Cnmrunuu
889 1697 1000 1762 XVII.

285 1859 332 1923 Et
355 1861 388 1924 in
407 1861 585 1926 solatium¹
601 1865 718 1928 mortis
741 1867 894 1949 propriae
916 1877 950 1931 et
971 1888 1106 1932 suorum
1126 1870 1294 1952 eleganter
1308 1871 1393 1936 dicit
1407 1887 1522 1937 Extracts
1635 1861 1638 1868 ¹

240 1963 343 2047 ‘Quis
366 1975 435 2030 tam
461 1969 622 2052 superbae
639 1989 742 2051 quam
772 1971 966 2054 impotentis
988 1975 1198 2056 arrogantiae
1222 1985 1281 2052 est,
1300 1985 1336 2039 ut
1358 1976 1391 2039 in
1404 1952 1518 2069 ἔξω

239 2066 302 2132 hac
326 2080 463 2136 naturae
486 2074 682 2137 necessitate
704 2074 817 2136 omnia
838 2075 881 2138 ad
904 2077 1045 2140 eundern
1076 2075 1174 2142 finem
1206 2080 1389 2143 revocantis
1403 2083 1521 2148 dialogue

238 2193 274 2236 se
301 2195 401 2240 unum
426 2199 465 2242 ac
490 2200 567 2243 suos
592 2179 708 2261 seponi
732 2178 822 2250 velit,
841 2179 1020 2263 ruinaeque
1045 2182 1146 2244 etiam
1172 2182 1233 2264 ipsi
1261 2183 1388 2246 mundo
1403 2149 1531 2264 ssffll‘

238 2277 424 2345 imminenti
455 2283 600 2365 aliquam
632 2283 769 2346 domurn
801 2281 1021 2348 subtrahat2?
1067 2284 1255 2348 Maximum
1289 2285 1390 2367 igitur
1403 2279 1466 2345 ΟΨ·
1481 2295 1502 2331 ¹·

237 2382 393 2447 solatium
408 2396 459 2450 est
475 2387 620 2469 cogitare
638 2387 672 2450 id
684 2386 747 2448 sibi
756 2387 916 2449 accidisse
927 2389 1018 2468 quod
1030 2407 1145 2451 omnes
1157 2397 1234 2450 ante
1249 2407 1285 2451 se
1301 2389 1390 2470 passi

238 2498 314 2553 sunt
337 2509 518 2572 omnesque
540 2489 677 2574 passuri.
723 2489 770 2554 Et
792 2489 869 2553 ideo
892 2491 972 2553 mihi
990 2493 1121 2556 videtur
1143 2511 1251 2554 rerum
1274 2503 1390 2556 natura

237 2592 326 2673 quod
353 2595 584 2676 gravissimum
611 2596 733 2658 lecerat
759 2614 937 2658 commune
961 2595 1076 2659 secisse
1099 2607 1136 2659 ut
1159 2595 1388 2660 crudelitatem

237 2693 297 2760 fati
312 2699 538 2764 consolaretur
552 2696 753 2783 aequalitas?

280 2803 434 2868 ‘Diutius
450 2825 603 2868 accusare
621 2802 690 2868 lata
705 2822 890 2885 possumus,
908 2811 1037 2866 mutare
1057 2822 1125 2865 non
1140 2823 1318 2885 possumus
1334 2851 1341 2866 .
1358 2852 1366 2868 .
1382 2855 1388 2866 .
1402 2814 1525 2880 σιμή,
1536 2831 1558 2878 9-

237 2905 328 2989 Quid
344 2918 457 2972 autem
473 2920 542 2972 tam
564 2907 689 2971 humile
709 2929 748 2971 ac
764 2908 925 2971 muliebre
940 2917 990 2970 est
1007 2925 1107 2988 quam
1124 2908 1387 2970 consumendum

235 3031 272 3074 se
301 3011 408 3077 dolori
438 3011 689 3076 committerel’
745 3011 791 3075 Et
820 3014 898 3095 quia
934 3031 1075 3094 magnus
1103 3010 1207 3075 homo
1241 3011 1301 3075 tuit
1336 3011 1388 3074 cui

235 3114 389 3197 loquitur,
405 3116 481 3180 ideo
503 3117 584 3180 dicit
600 3116 724 3180 ‘multa
747 3117 806 3179 tibi
830 3137 896 3180 non
921 3116 1019 3182 licent
1042 3135 1129 3198 quae
1151 3113 1331 3179 humilibus
1354 3127 1388 3180 et

234 3218 267 3280 in
298 3219 422 3301 angulo
452 3220 639 3302 jacentibus
668 3219 813 3283 licerent.
860 3221 985 3301 Magna
1015 3220 1156 3283 servitus
1187 3230 1236 3284 est
1268 3241 1387 3304 magna

234 3321 384 3388 fortuna!
431 3323 533 3387 ‘Mihi
557 3325 662 3399 crede,
677 3326 808 3390 beatior
829 3335 880 3389 est
903 3326 930 3388 is
954 3327 1005 3388 cui
1028 3324 1161 3388 fortuna
1183 3345 1387 3406 supervacua

232 3437 291 3505 est,
321 3448 422 3510 quarn
451 3428 478 3492 is
511 3429 563 3491 cui
597 3438 712 3512 parata
741 3441 801 3493 est.
847 3429 969 3494 Omnia
999 3431 1062 3493 ista
1092 3431 1181 3493 bona
1208 3448 1295 3510 quae
1325 3449 1386 3492 nos

232 3532 472 3613 speciosissima
482 3530 496 3568 ³
507 3533 566 3597 sed
578 3533 685 3596 fallaci
696 3533 871 3616 voluptate
881 3533 1058 3610 delectant,
1071 3534 1219 3616 pecunia,
1231 3533 1386 3616 dignitas,

233 3636 382 3717 potentia
407 3636 538 3720 aliaque
562 3639 743 3720 complura,
766 3640 809 3701 ad
834 3659 921 3721 quae
946 3659 1045 3703 caeca
1070 3638 1235 3720 cupiditas
1257 3639 1385 3718 generis

231 3737 366 3803 humani
399 3742 613 3824 obstupescit,
646 3762 721 3805 cum
759 3743 873 3806 labore
910 3743 1120 3825 possidentur
1150 3762 1225 3805 cum
1261 3742 1385 3806 invidia

231 3845 488 3926 conspiciuntur,
517 3847 720 3929 eosdemque
757 3847 845 3928 ipsos
878 3867 964 3928 quos
1005 3857 1178 3922 exornant,
1219 3857 1384 3927 premunt.

231 3948 309 4012 Plus
325 3951 491 4014 minantur
506 3972 608 4032 quarn
623 3962 772 4035 prosunt.
812 3951 956 4016 Lubrica
971 3961 1005 4015 et
1021 3951 1144 4013 incerta
1156 3958 1243 4012 sunt.
1290 3949 1384 4013 Nun-

228 4073 330 4134 quam
346 4053 431 4118 bene
446 4065 608 4134 tenentur,
620 4076 708 4128 nam,
721 4065 757 4119 ut
773 4054 854 4119 nihil
870 4055 914 4118 de
928 4065 1079 4137 ternpore
1095 4053 1204 4116 futuro
1218 4054 1383 4132 timeatur,

228 4156 300 4240 ipsa
329 4169 441 4223 tamen
472 4158 635 4241 magnae⁴
664 4159 829 4225 felicitatis
859 4158 964 4223 tutela
986 4159 1115 4222 solicita
1138 4167 1197 4221 est.
1249 4155 1284 4221 Si
1301 4157 1382 4221 velis

228 4263 361 4326 credere
390 4260 489 4326 altius
515 4267 690 4327 veritatem
718 4263 932 4340 intuentibus,
959 4263 1066 4327 omnis
1091 4263 1161 4326 vita
1183 4260 1381 4342 supplicium

228 4374 298 4427 est:
325 4366 357 4428 in
380 4367 443 4429 hoc
467 4369 669 4450 profundum
693 4369 944 4450 inquietumque
966 4366 1106 4449 projecti
1130 4384 1229 4442 mare,
1247 4363 1381 4428 alternis

259 4528 269 4557 ¹
286 4529 359 4579 Here
376 4531 464 4581 follow
475 4539 587 4582 extracts
603 4532 669 4581 from
681 4533 725 4581 the
740 4533 862 4593 dialogue
873 4532 922 4581 Ad
929 4531 1072 4594 Polybium,
1084 4530 1208 4593 regarded
1219 4530 1255 4592 by
1267 4531 1311 4578 the
1327 4528 1382 4579 first

226 4609 325 4657 editors
337 4609 367 4657 os
375 4609 477 4659 Seneca
487 4627 516 4660 ns
527 4619 586 4674 part
596 4611 626 4661 ol
633 4612 679 4661 tbe
690 4611 810 4673 dialogue
821 4611 861 4660 De
870 4611 1001 4660 Brevitate.

258 4687 268 4716 ²
284 4689 399 4746 subruat,
413 4689 490 4738 llSS.
654 4691 664 4719 ³
680 4690 808 4752 speciosa,
822 4689 884 4740 Sen.
1051 4689 1060 4717 ⁴
1078 4687 1264 4750 magnitudine,
1282 4687 1313 4736 0.
