3542 5359
350 626 411 702 376
564 629 721 688 OPERIS
745 629 934 699 MAJORIS
954 629 1070 688 PARS
1092 628 1291 688 SEPTIMA.

183 801 289 843 mentae
352 801 386 854 et
403 790 511 872 qualis
527 801 560 855 et
580 791 767 874 cujusmodi
787 813 852 856 non
875 803 926 857 est
947 801 1027 856 nota
1049 792 1252 856 naturaliter.
1298 791 1386 853 Nam
1403 789 1435 852 in
1451 788 1505 851 his

183 857 321 973 maol
352 893 589 959 discordabant
611 895 762 960 homines
784 917 923 979 semper,
939 896 992 958 alii
1014 906 1175 977 ponentes
1197 895 1307 979 plures
1332 894 1432 968 Deos,
1448 892 1504 954 alii

353 999 568 1062 aestimantes
588 1000 701 1064 stellas
719 1020 791 1065 esse
805 1002 897 1078 deos,
914 1001 969 1064 alii
985 1019 1037 1063 res
1053 1000 1230 1077 inferiores,
1246 1009 1283 1063 ut
1298 997 1408 1062 adhuc
1423 1015 1505 1078 pure

353 1104 474 1185 pagani
490 1114 524 1166 et
539 1104 743 1168 idololatrae.
789 1105 836 1169 Et
856 1106 932 1170 ideo
955 1114 1089 1187 oportet
1104 1105 1194 1187 quod
1215 1113 1324 1167 errent
1348 1103 1380 1164 in
1404 1110 1505 1164 secta.

354 1206 486 1271 Caeteri
502 1207 652 1272 homines
673 1209 729 1291 qui
753 1229 855 1272 unum
880 1210 990 1273 Deum
1014 1208 1129 1273 dicunt
1150 1228 1216 1272 non
1234 1206 1421 1288 intelligunt
1441 1203 1507 1267 alia

354 1332 440 1393 quae
464 1332 541 1374 vera
567 1323 645 1376 sunt
668 1314 712 1376 de
738 1313 823 1377 Deo.
880 1314 927 1378 Et
952 1315 1027 1378 ideo
1053 1323 1187 1396 oportet
1210 1312 1300 1395 quod
1331 1329 1508 1392 persuasor

355 1425 466 1479 sectae
487 1417 519 1478 in
539 1417 701 1498 principio
716 1418 800 1482 sciat
820 1420 1017 1502 persuadere
1038 1437 1125 1500 quae
1144 1417 1353 1498 requiruntur
1368 1415 1411 1476 de
1431 1412 1508 1474 Deo

355 1521 388 1582 in
403 1520 580 1584 communi.
627 1520 658 1584 N
662 1542 706 1585 on
724 1531 837 1585 tamen
856 1531 990 1604 oportet
1013 1522 1101 1604 quod
1124 1519 1304 1584 descendat
1325 1519 1367 1580 ad
1391 1535 1510 1579 omnes

355 1624 570 1707 particulares
595 1625 749 1689 veritates
775 1627 808 1687 in
838 1627 972 1707 primis;
1007 1625 1065 1689 sed
1091 1624 1252 1707 paulatim
1283 1621 1444 1706 procedat
1474 1630 1510 1682 et

355 1727 591 1791 asacilioribus
614 1728 749 1811 incipiat
764 1730 797 1791 in
813 1730 901 1795 hunc
921 1732 1068 1794 modum.
1114 1728 1207 1793 Sicut
1226 1728 1314 1792 enim
1337 1734 1511 1810 geometer

357 1833 453 1912 ponit
467 1851 543 1894 suas
564 1833 810 1916 descriptiones,
827 1845 864 1899 ut
885 1855 936 1897 res
953 1835 1161 1898 innotescant
1182 1832 1261 1916 quid
1282 1833 1359 1906 sint,
1374 1838 1409 1893 et
1425 1849 1509 1912 quo-

358 1935 459 1997 modo
478 1945 648 2012 vocentur,
663 1939 783 2020 quibus
804 1939 919 2016 utitur,
939 1939 985 2002 sic
1008 1946 1141 2020 oportet
1161 1937 1236 2000 hic:
1261 1936 1340 2016 quia
1359 1934 1421 1998 nisi
1445 1933 1512 1996 hoc

356 2039 439 2101 sciat
468 2039 547 2121 quid
578 2049 629 2104 est
658 2043 748 2123 quod
784 2043 907 2105 dicitur
942 2061 1002 2124 per
1031 2060 1162 2118 nomen,
1196 2059 1262 2103 non
1299 2039 1362 2102 erit
1399 2037 1513 2118 aliqua

358 2142 558 2207 certificatio.

190 2262 318 2313 Prootsot
403 2248 496 2311 Deus
519 2249 618 2330 igitur
634 2261 683 2313 est
702 2251 809 2332 prima
828 2270 928 2315 causa
948 2260 1024 2314 ante
1047 2268 1148 2331 quam
1173 2269 1238 2311 non
1261 2259 1312 2312 est
1335 2244 1410 2323 alia,
1425 2265 1513 2327 quae

190 2330 344 2380 ⁶⁰⁶’⁵‘¹¹⁸‘
358 2371 425 2413 non
455 2353 561 2415 exivit
588 2353 621 2415 in
646 2374 718 2416 esse
740 2373 800 2416 nec
824 2355 934 2435 potuit
961 2373 1026 2416 non
1058 2372 1139 2430 esse,
1161 2351 1307 2414 infinitae
1333 2349 1514 2434 potentiae,

190 2410 267 2445 lenoe.

190 2461 227 2524 (¹)
246 2461 301 2511 The
358 2455 549 2536 sapientiae,
558 2465 591 2518 et
601 2456 777 2522 bonitatis:
802 2456 941 2522 Creator
952 2457 1060 2522 omnis
1073 2457 1118 2519 rei
1134 2467 1168 2520 et
1183 2458 1386 2538 gubernator
1401 2451 1513 2534 cujus-

190 2525 333 2641 {mr-or
359 2559 450 2635 libet,
471 2561 654 2622 secundum
675 2561 764 2641 quod
791 2560 995 2643 singulorum
1023 2580 1132 2643 capax
1159 2569 1209 2622 est
1236 2572 1363 2622 natura.
1410 2557 1455 2620 Et
1479 2556 1513 2618 in

188 2658 274 2770 jorit}

191 2738 248 2771 man
268 2722 317 2771 md.

275 2658 305 2707 0s
360 2663 446 2726 hanc
473 2664 726 2748 descriptionem
749 2667 955 2730 concordant
974 2664 1115 2738 Tartari,
1139 2663 1305 2734 Saraceni,
1324 2662 1456 2745 Judaei,
1478 2671 1515 2724 et

362 2767 549 2831 Christiani.
598 2767 775 2850 Sapientes
806 2770 906 2832 etiam
940 2769 1196 2833 Idololatrarum
1227 2777 1262 2831 et
1293 2767 1515 2850 Paganorum‚

360 2884 498 2954 accepta
520 2872 647 2936 ratione
669 2874 712 2936 de
739 2874 812 2948 hoc,
837 2894 904 2937 non
931 2884 1068 2956 possunt
1095 2873 1337 2947 contradicere3
1369 2889 1429 2933 nec
1457 2889 1516 2950 per

361 2995 566 3057 consequens
589 2977 714 3060 vulgus,
740 2979 791 3041 cui
816 2990 974 3062 praesunt
1000 2979 1166 3061 sapientes
1189 2987 1349 3057 tanquam
1370 2983 1516 3038 rectores

361 3090 395 3142 et
419 3081 530 3143 duces.
577 3081 665 3143 Nam
697 3080 756 3145 fiet
785 3083 833 3146 eis
862 3084 982 3146 modus
1011 3082 1138 3163 duplex
1165 3080 1324 3164 arguendi
1355 3079 1399 3144 ad
1430 3079 1514 3142 hoc:

362 3202 446 3246 unus
469 3204 527 3265 per
548 3204 744 3248 consensum
767 3188 916 3248 omnium
936 3187 1075 3251 aliarum
1099 3187 1269 3250 nationum
1292 3194 1327 3247 et
1349 3191 1516 3246 sectarum

362 3296 396 3349 ct
418 3285 534 3367 reliqui
549 3289 650 3351 totius
671 3291 801 3371 generis
821 3291 966 3353 humani.
1013 3288 1081 3354 Sed
1106 3288 1223 3370 majori
1246 3288 1331 3371 parti
1356 3287 1466 3348 minor
1480 3305 1518 3348 se

363 3388 462 3451 debet
478 3388 700 3454 conformare:
729 3403 763 3456 et
784 3394 890 3474 turpis
907 3402 958 3457 est
981 3413 1056 3474 pars
1079 3411 1166 3475 quae
1188 3411 1249 3454 suo
1271 3410 1336 3454 non
1361 3389 1519 3470 congruit

363 3491 525 3554 universo
579 3493 625 3555 Et
648 3505 780 3559 constat
805 3496 1024 3580 sapientiores
1047 3497 1198 3560 homines
1220 3515 1291 3559 esse
1315 3495 1406 3576 apud
1433 3493 1519 3557 alios

363 3604 470 3658 sectas
482 3616 491 3672 ;
522 3605 555 3658 et
581 3597 644 3658 hoc
675 3618 741 3660 non
772 3600 925 3682 ignorant
956 3601 1078 3684 pagani
1109 3609 1142 3663 et
1173 3599 1379 3662 idololatrae.
1426 3597 1517 3660 Nam

362 3699 498 3779 quando
523 3698 560 3762 fit
582 3719 658 3764 cum
684 3703 731 3766 eis
755 3703 889 3768 collatio
915 3707 1152 3767 convincuntur
1174 3704 1217 3766 de
1241 3703 1339 3780 facili,
1363 3714 1398 3766 et
1421 3721 1518 3764 suam

364 3804 583 3882 ignorantiam
596 3805 767 3869 manifeste
777 3808 975 3889 percipiunt;
991 3808 1075 3871 sicut
1088 3808 1196 3890 patuit
1208 3828 1267 3891 per
1276 3807 1519 3888 Imperatorem

364 3906 580 3970 Tartarorum
595 3910 652 3990 qui
673 3912 866 3973 convocavit
886 3923 964 3974 ante
986 3932 1022 3974 se
1043 3911 1257 3983 Christianos,
1275 3909 1469 3985 Saracenos,
1485 3920 1520 3972 et

366 4008 574 4090 Idololatras‚
585 4022 622 4075 ut
633 4013 676 4076 de
691 4022 801 4078 sectae
812 4015 950 4079 veritate
965 4014 1148 4094 conferent3
1164 4025 1198 4079 et
1210 4015 1323 4079 statim
1336 4014 1521 4077 confunde-

367 4113 486 4175 bantur
504 4114 704 4179 Idololatrae
722 4125 756 4178 et
771 4118 1056 4181 convincebantur.
1105 4120 1198 4183 Istud
1216 4117 1340 4182 iactum
1362 4128 1457 4201 patet
1476 4140 1522 4183 ex

368 4215 452 4277 libro
472 4218 514 4279 de
535 4219 682 4281 moribus
697 4219 912 4283 Tartarorum
929 4221 1076 4285 Domino
1097 4223 1165 4304 regi
1183 4223 1339 4287 Franciae
1354 4224 1412 4305 qui
1433 4243 1524 4289 nunc

368 4329 418 4380 est
432 4319 558 4384 directo
570 4318 593 4382 ¹.
632 4321 678 4384 Et
689 4324 822 4403 quando
839 4323 1018 4388 Christiani
1033 4327 1208 4390 conserunt
1222 4347 1298 4392 cum
1316 4326 1470 4408 Paganis,
1485 4339 1523 4392 ut

369 4433 446 4486 sunt
464 4421 622 4486 Praceni²
636 4434 669 4487 et
690 4426 774 4488 aliae
793 4429 943 4490 nationes
958 4430 1162 4511 conjunctae,
1178 4432 1219 4495 de
1239 4429 1326 4494 facili
1347 4431 1473 4494 cedunt
1490 4445 1525 4496 et

369 4524 480 4586 vident
502 4543 538 4585 se
558 4528 720 4592 erroribus
740 4529 886 4593 detineri.
933 4531 1035 4614 Cujus
1055 4533 1209 4617 probatio
1230 4543 1281 4598 est
1302 4537 1395 4618 quod
1416 4533 1525 4600 liben-

468 4637 547 4686 ¹See
559 4647 620 4689 note
631 4655 665 4690 on
677 4657 700 4703 p.
713 4645 770 4704 387.
903 4644 1038 4696 ’Praceni
1050 4648 1091 4697 ior
1103 4649 1313 4699 Prusceniason
1325 4665 1351 4712 p.
1364 4653 1423 4712 369.
