3542 5359
408 606 470 685 516
680 607 1019 667 MULTIPLICATIO
1043 607 1299 667 SPECIERUM.

410 768 537 834 formae
559 770 708 852 ejusdem
732 780 871 834 naturae
895 791 961 834 non
983 781 1197 835 numerantur
1217 771 1249 833 in
1273 771 1395 834 eadem
1421 769 1582 833 materia.

411 874 447 939 Si
470 895 549 938 vero
573 876 639 940 sint
665 876 848 940 contrariae
871 885 1008 939 naturae
1032 875 1159 939 activae
1185 876 1218 939 in
1248 875 1388 938 diversis
1419 874 1580 957 partibus

410 981 547 1061 agentis,
578 990 615 1044 ut
652 981 685 1043 in
722 981 796 1061 pica
830 980 883 1044 vel
921 990 1016 1044 scuto
1053 980 1105 1044 vel
1143 981 1224 1060 aliis,
1253 990 1332 1043 tunc
1371 979 1580 1043 naturaliter
1663 988 1664 991 ’

410 1084 598 1162 miscentur,
621 1095 655 1148 et
677 1083 715 1148 fit
738 1104 841 1147 unum
864 1106 924 1167 per
946 1085 1133 1148 essentiam.
1180 1083 1216 1148 Si
1238 1105 1318 1148 vero
1345 1084 1414 1146 sint
1439 1084 1577 1146 contin·

408 1196 525 1270 gentes
547 1198 586 1253 ut
608 1189 669 1252 lux
692 1197 726 1252 et
748 1188 838 1253 calor
861 1189 893 1251 in
917 1188 1003 1270 igne,
1020 1201 1098 1252 tunc
1122 1187 1205 1252 fiunt
1229 1188 1379 1269 subjecto
1404 1206 1519 1249 unum
1543 1200 1577 1249 et

409 1312 513 1355 unum
529 1314 666 1356 numero
680 1315 687 1370 ;
711 1302 748 1357 ut
762 1292 875 1356 album
892 1302 925 1356 et
939 1291 1038 1357 dulce
1054 1294 1086 1356 in
1103 1293 1197 1369 lacte,
1210 1293 1287 1375 quia
1302 1301 1380 1354 sunt
1395 1291 1429 1353 in
1448 1294 1576 1355 eodem

409 1396 560 1477 subjecto
575 1398 758 1463 secundum
772 1417 946 1461 numerum
969 1400 1026 1461 sed
1051 1418 1117 1461 non
1139 1406 1217 1460 sunt
1239 1417 1342 1459 unum
1367 1408 1516 1458 numero
1542 1395 1576 1457 in

408 1502 560 1578 essentia,
575 1503 660 1564 sicut
676 1522 737 1564 nec
752 1502 785 1563 in
801 1502 920 1583 specie.
968 1500 1004 1565 Si
1019 1522 1098 1565 vero
1113 1502 1178 1565 sint
1194 1501 1343 1564 diversae
1358 1518 1409 1561 res
1425 1509 1574 1581 agentes

409 1612 443 1666 et
458 1604 538 1667 locis
552 1616 732 1685 separatae,
743 1614 823 1670 tunc
839 1604 877 1670 fit
893 1625 958 1668 una
973 1606 1098 1687 species
1114 1605 1164 1668 his
1179 1605 1284 1668 tribus
1300 1604 1415 1681 modis,
1428 1604 1574 1685 quando

408 1720 606 1773 concurrunt
621 1710 663 1773 ad
677 1710 813 1773 invicem
828 1711 862 1772 in
877 1712 997 1774 eodem
1014 1710 1088 1775 loco
1102 1719 1137 1773 et
1151 1709 1312 1792 subjecto.

454 1811 500 1875 Et
517 1813 594 1878 huic
614 1815 746 1879 veritati
766 1814 942 1895 conjuncta
963 1824 1013 1877 est
1036 1815 1254 1879 consideratio
1277 1814 1320 1876 de
1342 1812 1573 1877 continuitate

408 1917 539 1999 speciei.
587 1917 672 1983 Cum
688 1920 775 1983 enim
795 1920 828 1981 in
846 1918 1019 2001 superficie
1042 1928 1114 1983 tota
1136 1920 1262 2001 agentis
1284 1927 1335 1981 est
1357 1938 1423 1979 una
1447 1928 1573 1982 natura

408 2022 516 2086 activa
546 2024 711 2103 continua,
737 2035 771 2087 et
794 2025 941 2087 medium
965 2044 1068 2085 unum
1090 2024 1294 2098 continuum,
1316 2033 1448 2103 oportet
1472 2025 1572 2103 quod

409 2126 642 2208 multiplicatio
658 2130 701 2191 sit
717 2129 882 2193 continua.
931 2127 1017 2191 Cum
1032 2148 1111 2193 vero
1128 2148 1193 2191 una
1209 2138 1325 2191 natura
1341 2127 1451 2190 activa
1465 2128 1514 2191 sit
1536 2128 1570 2191 in

409 2250 474 2293 una
490 2241 584 2313 parte
599 2242 633 2295 et
648 2232 713 2296 alia
728 2234 761 2295 in
776 2234 850 2309 alia,
866 2244 904 2298 ut
920 2234 953 2296 in
973 2234 1048 2317 pica
1063 2232 1114 2296 vel
1135 2233 1168 2295 in
1189 2242 1284 2296 scuto
1305 2232 1358 2294 vel
1377 2234 1572 2313 quomodo-

407 2354 538 2417 cunque
560 2337 614 2414 sit,
636 2337 819 2401 dummodo
842 2338 908 2401 sint
930 2337 1123 2412 contrariae,
1139 2336 1176 2400 fit
1199 2338 1356 2401 continua
1378 2337 1512 2418 species
1536 2348 1572 2401 et
1664 2344 1665 2387 ἓ

408 2461 484 2517 una,
509 2440 568 2504 sed
596 2442 712 2505 mixta.
768 2441 805 2505 Si
831 2463 910 2505 vero
934 2443 999 2505 sint
1024 2442 1264 2524 contingentes,
1290 2452 1371 2504 tunc
1396 2460 1463 2505 non
1489 2455 1573 2507 sunt

407 2546 540 2626 proprie
555 2547 731 2609 continuae
745 2566 805 2610 nec
822 2545 1000 2628 contiguae
1020 2545 1318 2627 multiplicationes,
1333 2547 1391 2609 sed
1412 2545 1573 2611 diversae

407 2647 505 2711 simul
520 2650 711 2714 existentes.
750 2649 785 2713 Si
800 2670 879 2712 vero
894 2650 1005 2713 media
1020 2660 1054 2712 et
1069 2648 1219 2731 subjecta
1234 2660 1311 2713 sunt
1327 2651 1469 2727 diversa,
1486 2660 1574 2717 tunc

406 2762 483 2817 sunt
501 2755 627 2835 species
649 2755 795 2818 diversae
814 2762 849 2818 et
868 2754 1101 2817 discontinuae
1123 2764 1258 2837 propter
1281 2754 1513 2819 diversitatem
1537 2767 1574 2823 et

406 2857 712 2921 discontinuitatem
728 2857 953 2939 subjectorum
971 2869 1006 2922 et
1021 2858 1205 2921 mediorum
1216 2857 1237 2923 ¹.

441 2990 449 3017 ¹
468 2994 498 3041 ln
513 2995 585 3044 what
598 2996 692 3043 relates
707 3002 736 3044 to
751 2994 863 3043 mixture
880 2994 911 3042 oi
922 2995 1072 3053 radiations,
1084 2994 1129 3044 the
1145 2994 1283 3057 soregoing
1297 2994 1405 3057 chapter
1419 2996 1523 3047 should
1540 3001 1577 3049 be

406 3073 544 3137 compared
563 3074 628 3121 with
649 3072 808 3135 Perspectus,
830 3088 873 3135 pp.
894 3088 984 3134 39-42.
1020 3072 1096 3123 With
1118 3074 1163 3121 the
1186 3074 1307 3135 previous
1325 3074 1444 3137 chapter,
1465 3091 1505 3127 on
1528 3080 1577 3128 the

406 3152 539 3216 corporeal
552 3159 642 3201 nature
653 3152 836 3213 otradiations,
847 3167 968 3215 compare
980 3168 1023 3215 pp.
1035 3154 1125 3215 43-46.
