3542 5359
760 1237 919 1311 PARS
955 1236 1172 1311 TERTIA

577 1458 1045 1525 MULTIPLICATIONIS
1071 1458 1364 1523 SPECIERUM.

657 1650 778 1734 Incipit
794 1650 893 1714 tertia
908 1670 985 1733 pars
1004 1650 1100 1731 hujus
1115 1660 1284 1715 tractatus

830 1856 1058 1922 Cauruuuu
1088 1855 1113 1919 1.

227 2052 382 2116 Thespecies
441 2026 569 2093 Habito
598 2029 641 2092 de
671 2028 850 2093 lineatione
879 2038 913 2092 et
947 2026 1144 2111 figuratione
1172 2026 1291 2110 speciei
1324 2027 1569 2111 multiplicata,

226 2119 316 2247 ξὲᾗίῗζ
395 2142 635 2215 consequenter
671 2132 947 2196 considerandum
985 2133 1027 2195 de
1067 2133 1168 2194 modo
1204 2130 1276 2214 ejus
1314 2132 1486 2195 existendi
1529 2134 1565 2195 in

226 2251 350 2299 existence
395 2237 515 2313 medi0,
540 2247 575 2299 et
603 2235 705 2299 habet
735 2236 881 2319 capitula
915 2236 986 2299 tria.
1045 2234 1084 2297 ln
1114 2235 1221 2316 primo
1250 2236 1485 2299 consideratur
1517 2258 1566 2300 an

226 2314 375 2431 ῗξζζῑοῗξζξ
395 2341 520 2425 species
550 2340 594 2403 sit
623 2360 743 2422 corpus
772 2341 939 2418 veraciter,
970 2340 1054 2404 sicut
1085 2340 1179 2402 multi
1211 2350 1404 2421 posuerunt.
1453 2338 1566 2422 Quod

227 2446 335 2495 medium
395 2465 473 2508 vero
504 2464 570 2507 non
601 2446 644 2508 sit
674 2463 792 2527 corpus
822 2444 984 2526 probatur
1018 2465 1076 2526 per
1108 2444 1181 2521 hoc,
1214 2444 1305 2526 quod
1334 2463 1401 2506 non
1431 2444 1566 2509 dividit

225 2512 336 2576 through
602 2549 610 2561 .
694 2550 701 2562 .
822 2549 841 2561 ..
1186 2548 1192 2561 .
1275 2548 1282 2561 .

228 2577 311 2626 which
323 2578 342 2625 it
396 2548 499 2613 latera
522 2557 720 2612 continentis
743 2549 852 2627 medrr,
866 2548 956 2629 quod
980 2558 1030 2611 est
1052 2544 1161 2611 locum
1184 2568 1216 2611 m
1239 2548 1307 2611 allo
1329 2567 1507 2629 occupare,
1526 2560 1566 2612 ut

227 2660 319 2708 posses.
395 2673 512 2717 omnes
530 2654 647 2716 sciunt.
694 2652 740 2716 Et
756 2653 832 2719 ideo
846 2654 875 2715 si
898 2653 1025 2735 species
1048 2663 1136 2719 esset
1158 2673 1278 2734 corpus
1301 2652 1485 2715 secundum
1512 2675 1564 2729 se,
1669 2664 1671 2679 ³

395 2768 506 2822 essent
528 2757 596 2821 duo
618 2776 758 2839 corpora
780 2756 889 2834 simul,
904 2757 994 2838 quod
1019 2776 1086 2818 non
1109 2765 1159 2819 est
1182 2756 1347 2839 possibile.
1395 2755 1441 2819 Et
1459 2756 1565 2821 Aris-

396 2861 516 2926 toteles
539 2862 620 2924 dicit
639 2862 737 2923 tertio
761 2859 1047 2942 Metaphysicae²,
1068 2862 1160 2942 quod
1188 2880 1327 2947 corpora
1353 2880 1425 2924 esse
1456 2860 1565 2925 simul

396 2964 554 3028 verificari
570 2985 637 3029 non
652 2975 764 3047 potest
786 2965 829 3027 de
851 2964 1055 3028 naturalibus
1078 2985 1137 3028 nec
1161 2966 1204 3028 de
1227 2964 1471 3029 mathematicis
1495 2987 1564 3031 nec

397 3071 439 3133 de
454 3069 681 3152 spiritualibus
696 3070 900 3149 corporibus.
934 3068 980 3131 Et
991 3080 1111 3151 quarto
1128 3069 1345 3152 Physicorum
1357 3069 1447 3146 dicit,
1464 3074 1563 3151 quod

396 3174 556 3237 dimensio
583 3174 763 3255 corporalis
788 3174 870 3237 dato
892 3192 998 3237 vacuo
1029 3194 1095 3237 non
1125 3184 1236 3257 potest
1264 3174 1362 3237 aliam
1393 3176 1564 3239 sustinere

396 3298 519 3355 secum,
535 3288 569 3341 et
585 3278 661 3341 ideo
678 3279 789 3359 posito
805 3299 911 3342 vacuo
928 3278 1052 3343 nullum
1068 3299 1187 3361 corpus
1204 3279 1379 3361 recipietur
1398 3278 1430 3342 in
1450 3300 1503 3354 eo,
1523 3292 1563 3343 ut

398 3384 469 3467 ipse
484 3383 555 3445 vult
569 3382 623 3459 ibi,
639 3384 717 3465 quia
733 3404 800 3446 non
816 3384 972 3447 cederent
988 3384 1209 3446 dimensiones
1224 3368 1318 3447 uacui
1339 3385 1562 3448 dimensioni·

397 3487 461 3550 bus
490 3487 635 3568 corporis
659 3488 873 3563 advenientis,
897 3508 936 3550 eo
959 3489 1050 3569 quod
1073 3488 1105 3549 in
1128 3508 1233 3551 vacuo
1255 3487 1344 3552 nulla
1364 3500 1416 3552 est
1438 3499 1562 3552 natura

397 3611 484 3674 quae
506 3591 610 3668 cedat,
626 3611 701 3653 cum
724 3612 784 3655 nec
806 3592 928 3655 habeat
953 3592 1135 3669 mollitiem,
1159 3612 1220 3655 nec
1243 3592 1341 3655 aliam
1365 3596 1561 3676 passionem

397 3693 591 3772 naturalem,
606 3714 665 3758 nec
681 3716 740 3757 sua
755 3696 919 3759 dimensio
935 3707 1029 3759 stans
1044 3695 1113 3759 fixa
1128 3696 1160 3759 in
1176 3697 1250 3759 loco
1270 3717 1331 3759 suo
1349 3698 1561 3779 permitteret

397 3799 497 3862 aliam
514 3799 621 3882 recipi,
638 3810 674 3862 ut
689 3800 777 3875 dicit,
791 3799 869 3881 quia
889 3799 1051 3864 dimensio
1066 3802 1162 3862 vacui
1184 3800 1285 3863 habet
1306 3800 1396 3863 unde
1418 3800 1562 3882 impleat

398 3903 517 3967 locum.
559 3903 714 3986 Repletio
730 3904 817 3966 enim
834 3903 898 3966 loci
914 3914 965 3967 est
981 3924 1040 3985 per
1055 3904 1174 3967 trinam
1191 3904 1439 3981 dimensionem,
1455 3925 1562 3987 quam

397 4008 562 4071 dederunt
580 4007 769 4090 philosophi
791 4028 897 4070 vacuo
919 4008 1088 4085 veraciter,
1105 4018 1141 4069 ut
1164 4010 1431 4071 aestimaverunt.
1480 4009 1563 4073 Non

399 4111 486 4173 enim
503 4122 553 4175 est
574 4111 713 4194 repletio
732 4111 824 4174 vacui
847 4132 908 4195 per
930 4110 1071 4175 calidum
1095 4123 1128 4175 et
1152 4110 1317 4193 frigidum,
1333 4132 1394 4175 nec
1409 4112 1563 4195 aliquam

398 4216 498 4279 aliam
525 4216 712 4297 passionem
740 4215 934 4293 naturalem,
956 4217 1015 4279 sed
1045 4215 1153 4279 solum
1188 4237 1247 4300 per
1277 4216 1395 4281 trinam
1427 4219 1566 4285 dimen-

431 4383 439 4412 ¹
457 4382 516 4434 Mer.
530 4384 555 4434 ii.
567 4399 591 4447 5,
607 4388 620 4444 ἦ
634 4399 664 4433 ιο
676 4384 735 4433 ὅταν
746 4385 794 4448 γὰρ
807 4384 913 4448 dumne
929 4383 945 4445 ’l
960 4386 1077 4447 διαιρῆται
1091 4384 1123 4433 τὰ
1136 4384 1244 4447 σώματα,
1257 4383 1306 4447 ἅμα
1317 4384 1360 4435 ὁτὲ
1372 4385 1419 4445 μὲν
1430 4386 1475 4447 pta
1485 4387 1569 4438 ἁπο-

398 4461 487 4523 pium,
499 4462 540 4512 tvl
559 4464 584 4512 δὲ
602 4461 645 4510 tto
662 4463 830 4524 θεωρουμένων
845 4462 983 4527 γίγνονται.
1017 4464 1056 4515 Cl.
1070 4465 1109 4513 De
1125 4465 1232 4525 Ansina,
1245 4465 1287 4513 lib.
1301 4466 1327 4514 ii.
1342 4480 1365 4525 7,
1378 4468 1391 4524 ἱ
1405 4481 1421 4513 2
1440 4466 1498 4516 οὐδὲ
1517 4469 1571 4531 γὰρ

399 4540 441 4589 δύο
458 4541 559 4600 σώματα
574 4540 625 4601 ἅμα
643 4542 746 4589 δυνατὸν
762 4544 789 4591 ἐν
803 4544 838 4605 τῷ
853 4542 921 4605 αὐτῷ
938 4539 1006 4591 εἶναι.
1039 4543 1096 4591 'lhe
1113 4544 1186 4605 point
1202 4558 1232 4591 es
1249 4551 1278 4592 to
1294 4544 1338 4591 the
1356 4545 1528 4597 dimensions
1539 4548 1578 4597 oi

398 4634 414 4667 a
432 4634 539 4668 vacuum
556 4621 577 4667 is
592 4620 725 4668 discussed
739 4621 765 4669 in
780 4620 874 4669 Natur.
889 4621 1006 4671 Auscult.
1022 4622 1054 4671 iv.
1066 4622 1089 4683 Β,
1104 4626 1164 4683 ςι3,
1177 4622 1222 4670 but
1241 4622 1285 4671 the
1301 4621 1457 4672 conclusion
1470 4625 1574 4677 drawn

398 4698 421 4744 is
431 4698 578 4745 somewhat
588 4698 708 4746 different
719 4697 784 4746 irom
798 4698 919 4749 Bucon's.
