3542 5359
376 591 434 652 170
615 575 772 636 OPERIS
796 573 985 644 MAJORIS
1008 574 1123 633 PARS
1148 573 1299 632 SEXTA.

373 740 613 824 experientiam
645 738 884 822 philosophiae,
908 738 975 802 alia
1004 757 1064 820 per
1094 737 1241 802 divinam
1268 736 1526 821 inspirationem,

374 865 460 929 quae
475 844 575 927 longe
591 845 711 909 melior
726 854 784 922 est,
801 855 837 908 ut
852 843 943 908 dicit.

202 957 362 1008 intellectuat
421 950 466 1013 Et
488 958 565 1013 sunt
586 957 715 1032 septem
737 950 859 1030 gradus
881 946 981 1029 hujus
1002 946 1159 1012 scientiae
1181 946 1354 1021 interioris,
1370 966 1454 1009 unus
1470 967 1529 1030 per

203 1032 271 1074 react
272 1024 313 1073 ion
326 1024 384 1074 of

204 1089 285 1139 morat
375 1052 632 1118 illuminationes
651 1072 732 1135 pure
746 1052 939 1116 scientiales.
973 1049 1072 1116 Alius
1086 1052 1208 1134 gradus
1223 1052 1359 1114 consisit
1374 1052 1409 1115 in
1423 1052 1526 1114 virtu-

204 1154 360 1271 purityptus-
375 1157 473 1222 tibus
530 1158 620 1222 Nam
641 1156 748 1221 malus
769 1166 820 1221 est
835 1156 1000 1238 ignorans,
1016 1165 1054 1219 ut
1068 1155 1150 1219 dicit
1164 1153 1364 1219 Aristoteles
1379 1155 1526 1220 secundo

203 1222 312 1336 iffib
289 1238 328 1336 ,l
375 1261 580 1325 Ethicorum.
604 1260 650 1326 Et
663 1259 804 1342 Algazel
817 1259 850 1296 ¹
841 1281 876 1323 rn
889 1260 1015 1343 Logica
1025 1259 1114 1333 dicit,
1127 1259 1339 1342 quodanima
1349 1260 1527 1341 deturpata

203 1352 318 1418 disciple.
373 1367 519 1452 peccatis
539 1377 590 1431 est
611 1367 710 1430 sicut
715 1364 884 1450 speculum
906 1363 1169 1447 rubiginosum,
1159 1383 1280 1462 inquo
1298 1383 1364 1428 non
1387 1372 1528 1446 possunt

372 1473 499 1555 species
514 1491 622 1535 rerum
639 1472 725 1534 bene
740 1490 919 1554 apparere3
943 1471 1001 1532 sed
1019 1468 1131 1532 anima
1148 1479 1264 1532 ornata
1277 1469 1458 1533 virtutibus
1475 1477 1528 1532 eat

372 1577 458 1639 sicut
488 1573 660 1657 speculum
691 1575 777 1640 bene
806 1573 960 1657 politum,
985 1573 1018 1636 iu
1047 1593 1116 1655 quo
1146 1571 1271 1636 formae
1301 1591 1410 1636 rerum
1441 1572 1527 1637 bene

372 1690 545 1764 apparent.
591 1679 636 1743 Et
655 1688 792 1763 propter
811 1679 875 1742 hoc
895 1676 1084 1759 philosophi
1102 1676 1171 1741 veri
1195 1675 1271 1758 plus
1294 1676 1528 1742 laboraverunt

373 1784 407 1847 in
431 1783 610 1848 moralibus
632 1803 692 1867 pro
713 1782 846 1847 virtutis
867 1781 1052 1860 honestate,
1067 1781 1245 1846 diffitentes
1263 1781 1353 1864 apud
1375 1801 1412 1844 se
1433 1781 1526 1865 quod

372 1909 488 1952 causas
504 1909 611 1952 rerum
621 1888 734 1952 videre
746 1907 811 1952 non
822 1895 962 1971 possunt
973 1886 1034 1950 nisi
1049 1885 1210 1950 animasa
1226 1886 1370 1968 peccatis
1383 1885 1527 1950 mundas

372 1992 544 2058 haberent.
589 1991 685 2057 Sicut
700 1991 933 2076 Augustinus²
948 1993 1067 2055 recitat
1081 1993 1125 2056 de
1141 1990 1280 2055 Socrate
1297 1991 1329 2052 in
1346 1999 1468 2053 octavo
1483 1989 1527 2053 de

374 2094 520 2161 Civitate
536 2096 611 2177 Dei,
626 2096 774 2178 capitulo
789 2096 895 2160 tertio
942 2095 1083 2176 Propter
1105 2095 1195 2176 quod
1217 2093 1264 2158 ait
1288 2092 1468 2175 Scriptura,
1491 2092 1526 2156 in

373 2200 572 2265 malevolam
595 2201 750 2278 animam,
775 2199 834 2263 &c
882 2200 970 2263 Nam
994 2197 1199 2281 impossibile
1220 2207 1271 2261 est
1294 2199 1386 2279 quod
1411 2197 1524 2260 anima

372 2306 521 2386 quiescat
536 2305 570 2368 in
587 2304 660 2368 luce
674 2305 830 2376 veritatis,
847 2305 928 2367 dum
944 2312 995 2367 est
1011 2304 1156 2385 peccatis
1172 2301 1346 2378 maculata,
1362 2301 1422 2366 sed
1441 2303 1528 2365 sicut

373 2409 536 2493 psittacus
547 2408 598 2473 vel
614 2409 689 2490 pica
705 2408 854 2473 recitabit
865 2409 967 2472 verba
981 2406 1088 2471 aliena
1103 2426 1189 2488 quae
1204 2424 1263 2488 per
1275 2404 1410 2488 longam
1421 2405 1527 2468 medi-

373 2513 534 2578 tationem
545 2513 669 2577 didicit
702 2512 747 2576 Et
759 2513 822 2576 hoc
833 2512 1102 2595 experimentum
1115 2519 1176 2589 est,
1186 2511 1277 2593 quod
1290 2507 1527 2593 pulchritudo⁸

372 2618 521 2681 veritatis
558 2619 711 2701 cognitae
748 2618 798 2680 in·
820 2637 881 2681 suo
914 2617 1042 2700 fulgore
1070 2615 1171 2680 allicit
1201 2615 1352 2678 homines
1379 2613 1423 2677 ad
1454 2612 1526 2694 ejus

373 2743 531 2798 amorem,
554 2723 612 2787 sed
636 2723 789 2806 probatio
810 2722 934 2786 amoris
955 2731 1007 2785 est
1029 2719 1194 2784 exhibitio
1215 2717 1332 2800 operia.
1380 2717 1426 2782 Et
1450 2718 1526 2782 ideo

372 2827 429 2911 qui
455 2837 570 2892 contra
593 2828 765 2892 veritatem
794 2837 959 2908 operatur,
987 2843 1121 2889 necesse
1146 2831 1198 2886 est
1222 2831 1258 2885 ut
1285 2842 1358 2886 eam
1385 2822 1525 2906 ignoret,

374 2930 450 2996 licet
481 2933 563 2997 sciat
592 2935 693 2997 verba
723 2931 974 2997 decoratissima
1004 2947 1210 3010 componere,
1234 2937 1267 2992 et
1296 2926 1421 2991 alienas
1452 2947 1527 2991 sen·

372 3037 495 3100 tentias
521 3037 666 3111 recitare,
689 3037 775 3100 sicut
801 3036 936 3099 brutum
961 3032 1086 3098 animai
1113 3034 1204 3115 quod
1233 3053 1333 3096 voces
1362 3031 1526 3097 humanas

406 3187 413 3216 ¹
431 3187 487 3237 The
500 3204 575 3236 name
586 3189 616 3236 of
630 3188 681 3236 this
693 3189 784 3238 writer
800 3189 822 3236 is
838 3188 1004 3237 Muhammad
1014 3188 1064 3236 ben
1085 3187 1248 3236 Muhammad
1268 3185 1342 3244 (Zain
1359 3184 1392 3232 Al
1411 3183 1474 3247 Din)
1491 3183 1527 3234 Al

371 3265 503 3315 Ghazzall.
538 3265 589 3315 His
606 3266 698 3330 Logica
715 3273 737 3315 et
751 3266 911 3329 Philosophia
928 3283 984 3315 was
1001 3266 1141 3316 translated
1158 3265 1193 3326 by
1206 3265 1357 3313 Dominicus
1373 3263 1527 3313 Gundisalvi

371 3354 399 3395 at
415 3345 515 3393 Toledo
535 3344 561 3392 in
579 3346 624 3393 the
643 3345 743 3394 twellth
763 3353 873 3406 century
884 3363 894 3409 t
908 3345 960 3394 and
971 3347 1017 3393 the
1028 3343 1183 3394 translation
1194 3358 1251 3391 was
1262 3343 1365 3406 printed
1377 3343 1405 3390 in
1415 3342 1524 3403 Venice,

374 3425 445 3485 1506.
483 3423 512 3471 ln
530 3423 576 3472 the
593 3424 690 3472 second
708 3424 814 3486 chapter
831 3439 924 3473 occurs
940 3424 984 3472 the
1002 3423 1137 3484 following
1152 3437 1273 3485 passage,
1290 3437 1362 3470 more
1379 3422 1440 3470 than
1459 3436 1527 3470 once

372 3502 487 3551 referred
499 3509 525 3550 to
537 3503 563 3550 in
576 3502 620 3550 the
634 3502 706 3565 Opus
717 3503 822 3566 Majus:

406 3579 552 3629 ‘Perfectio
568 3581 670 3629 animae
683 3587 784 3630 constat
799 3581 824 3628 in
839 3581 954 3637 duobus;
973 3580 1097 3628 munditia
1113 3579 1210 3628 scilicet
1223 3587 1251 3628 et
1264 3585 1364 3627 ornatu
1401 3577 1529 3627 Munditie

370 3673 434 3707 vero
444 3659 544 3708 animae
558 3666 636 3708 estut
648 3667 806 3721 expurgetur
820 3675 836 3708 a
850 3659 961 3709 sordidis
976 3659 1107 3719 monbus3
1124 3666 1151 3706 et
1165 3657 1341 3720 suspendatur
1354 3673 1371 3707 ι
1385 3656 1528 3718 phantasiis

371 3737 495 3800 turpibus.
530 3737 645 3787 Ornatus
660 3753 722 3786 vero
738 3739 793 3800 ejus
811 3745 852 3788 est
867 3745 895 3786 ut
912 3737 1066 3799 depingatur
1081 3737 1107 3785 in
1125 3752 1156 3785 ea
1172 3735 1300 3785 certitudo
1314 3736 1429 3784 veritatis
1446 3737 1482 3784 ita
1498 3744 1528 3785 ut

372 3816 521 3865 revelentur
537 3817 561 3865 ei
575 3817 699 3866 veritates
717 3817 818 3866 divinae
830 3853 837 3866 .
848 3852 855 3866 .
867 3854 873 3865 .
883 3853 890 3866 .
902 3815 982 3864 Verbi
997 3816 1094 3878 gratia:
1114 3815 1184 3864 Sicut
1202 3822 1242 3863 est
1260 3815 1395 3876 speculum
1411 3814 1452 3862 eui
1472 3829 1527 3862 non

373 3901 414 3942 est
432 3895 559 3958 perfectio
577 3896 626 3945 nisi
644 3903 768 3958 appareat
785 3896 810 3944 in
828 3911 861 3944 eo
879 3897 962 3943 forma
980 3894 1068 3955 pulcra
1086 3894 1229 3942 secundum
1246 3894 1316 3954 quod
1332 3894 1390 3954 ipsa
1409 3900 1450 3941 est
1468 3893 1528 3941 sine

374 3973 537 4023 deformitate
555 3980 583 4022 et
603 3975 799 4036 permutatione,
820 3975 890 4036 quod
908 3989 960 4022 non
977 3973 1006 4021 fit
1021 3973 1070 4021 nisi
1087 3972 1120 4020 sit
1137 3972 1243 4020 omnino
1259 3978 1357 4020 tersum
1372 3988 1388 4021 a
1405 3972 1484 4020 sorde
1501 3978 1528 4020 et

373 4053 498 4114 rubigine,
517 4061 543 4102 et
561 4053 611 4102 nisi
627 4061 720 4116 postea
735 4060 899 4116 apponantur
915 4053 939 4101 ei
955 4051 1053 4101 formae
1069 4051 1172 4113 pulcrae
1189 4051 1216 4098 in
1235 4051 1399 4100 rectitudine.
1433 4050 1529 4099 Anima

372 4148 435 4182 vero
446 4131 580 4193 speculum
593 4139 650 4193 est;
667 4148 726 4181 nam
739 4140 764 4181 et
775 4133 951 4192 depinguntur
962 4131 986 4178 in
1002 4146 1034 4178 ea
1046 4130 1142 4178 fonnae
1154 4129 1233 4178 totius
1245 4145 1304 4178 esse
1315 4145 1373 4178 cum
1390 4129 1487 4177 munda
1502 4135 1529 4177 et

373 4219 442 4260 tersa
459 4210 534 4259 fuerit
550 4226 567 4259 a
585 4211 698 4260 sordidis
717 4211 840 4271 moribus,
857 4226 906 4259 nee
926 4217 1012 4272 potest
1031 4209 1087 4270 ipsa
1106 4209 1255 4258 discernere
1273 4222 1335 4257 uere
1355 4208 1423 4257 inter
1442 4222 1529 4256 mores

374 4291 498 4340 honestos
509 4296 536 4338 et
547 4290 699 4340 inhonestos
710 4290 758 4338 nisi
771 4305 819 4352 per
829 4289 970 4338 scientiam.
1007 4287 1120 4351 Depingi
1131 4294 1216 4336 autem
1228 4287 1322 4336 formas
1333 4287 1447 4335 omnium
1460 4301 1529 4348 quae

372 4376 433 4418 sunt
445 4370 471 4416 in
483 4369 568 4418 anima
581 4369 643 4417 nihil
654 4369 723 4418 aliud
735 4377 776 4417 est
788 4383 863 4430 quarn
875 4367 1009 4416 scientiam
1021 4366 1136 4415 omnium
1147 4381 1206 4415 esse
1218 4366 1244 4413 in
1256 4364 1303 4416 ea.⁸

406 4447 416 4475 ²
434 4447 510 4494 ‘Non
528 4462 572 4495 eas
591 4447 703 4512 [causas]
723 4447 829 4510 putabat
849 4447 898 4496 nisi
919 4447 1040 4495 mundata
1059 4454 1147 4495 mente
1166 4461 1244 4508 posse
1263 4445 1466 4508 comprehendi)
1489 4446 1530 4497 De

374 4525 476 4574 Cr'vr'late
487 4525 541 4586 Dei,
552 4524 603 4573 viii.
618 4541 642 4587 3.

405 4602 415 4633 ¹
432 4603 573 4666 plenitudo,
583 4603 607 4664 J.
