3542 5359
507 618 706 680 SCIENTIA
734 616 1126 679 EXPERIMENTALIS.
1332 631 1389 695 173

238 781 275 847 Si
297 803 375 847 vero
402 782 543 849 debeant
569 785 690 847 habere
717 783 954 867 experientiam
982 781 1229 847 conclusionum
1256 801 1387 844 suarum

238 887 468 971 particularem
492 898 527 952 ct
549 888 761 972 completam,
784 897 862 951 tunc
884 897 1018 969 oportet
1045 886 1134 968 quod
1158 886 1303 950 habeant
1329 905 1388 967 per

237 991 438 1074 adjutorium
467 993 559 1056 istius
585 993 742 1057 scientiae
772 993 901 1056 nobilis.
945 991 1071 1055 Verum
1097 1001 1148 1054 est
1177 992 1264 1054 enim
1296 989 1386 1072 quod

238 1096 474 1161 mathematica
488 1097 590 1160 habet
604 1097 825 1178 experientias
838 1095 1053 1160 universales1
1064 1096 1151 1160 circa
1163 1093 1388 1159 conclusiones

237 1222 314 1264 suas
337 1200 370 1263 in
394 1197 566 1284 figurando
589 1212 622 1265 et
645 1200 859 1274 numerando,
882 1221 969 1283 quae
991 1200 1092 1264 etiam
1115 1199 1324 1282 applicantur
1344 1197 1388 1260 ad

237 1324 354 1368 omnes
377 1307 530 1369 scientias
554 1316 586 1369 et
608 1306 651 1369 ad
673 1305 758 1368 hanc
781 1304 1030 1387 experientiam,
1044 1304 1123 1386 quia
1142 1301 1234 1365 nulla
1253 1302 1388 1365 scientia

238 1419 350 1490 potest
375 1411 448 1472 sciri
476 1410 545 1473 sine
575 1409 819 1474 mathematica.
865 1409 933 1474 Sed
963 1409 991 1470 si
1021 1409 1232 1471 attendamus
1258 1408 1300 1470 ad
1327 1426 1387 1470 ex-

238 1513 414 1594 perientias
443 1513 657 1596 particulares
686 1523 719 1576 et
751 1512 935 1595 completas
968 1508 1008 1575 et'
1035 1513 1170 1576 omnino
1198 1513 1231 1573 in
1258 1511 1390 1595 propria

237 1616 412 1698 disciplina
433 1616 638 1694 certificatas,
657 1618 875 1680 necessarium
895 1627 946 1681 est
964 1617 1010 1680 ire
1027 1636 1087 1698 per
1108 1615 1389 1678 considerationes

238 1720 332 1783 istius
349 1721 515 1798 scientiae,
534 1740 620 1802 quae
640 1721 911 1803 experimentalis
932 1721 1128 1784 auctoritate
1148 1729 1295 1783 vocatur.
1342 1719 1388 1781 Et

237 1845 328 1907 pono
346 1824 536 1907 exemplum
555 1826 587 1888 in
605 1826 686 1889 iride
702 1834 736 1888 et
752 1826 780 1888 ei
797 1825 945 1901 annexis,
957 1825 1142 1907 cujusmodi
1158 1835 1235 1888 sunt
1248 1823 1388 1887 circulus

238 1927 324 1992 c'irca
344 1929 447 1993 solem
469 1941 502 1994 et
521 1930 644 2003 stellas,
664 1931 757 2013 virga
777 1949 910 2012 quoque
930 1930 1044 2011 jacens
1066 1949 1087 1992 a
1108 1930 1211 1992 latere
1234 1928 1313 1992 solis
1334 1929 1388 1991 vel

237 2032 361 2109 stellae,
377 2054 462 2115 quae
484 2043 623 2117 apparet
647 2033 731 2097 visui
754 2034 787 2095 in
811 2034 898 2096 linea
921 2044 1019 2108 recta,
1034 2042 1068 2095 et
1082 2043 1219 2096 vocatur
1233 2034 1276 2096 ab
1292 2032 1387 2096 Aris·

237 2137 341 2200 totele
356 2137 454 2200 tertio
471 2135 827 2220 Meteorologicorum²
843 2135 1131 2220 perpendicularis,
1147 2138 1205 2199 sed
1221 2156 1241 2198 a
1257 2135 1386 2199 Seneca

237 2241 358 2304 dicitur
379 2242 481 2324 virga,
502 2251 535 2304 et
558 2241 698 2304 circulus
721 2243 841 2305 dicitur
863 2262 993 2319 corona,
1009 2260 1095 2323 quae
1117 2240 1239 2324 pluries
1261 2238 1386 2304 habent

236 2345 363 2409 colores
379 2345 480 2410 iridis.
526 2346 696 2408 Naturalis
718 2367 798 2409 vero
820 2346 1037 2431 philosophus
1059 2343 1322 2408 sermocinatur³
1343 2344 1386 2406 de

237 2450 293 2524 eis,
316 2461 349 2514 et
375 2451 601 2533 perspectivus
630 2449 732 2513 habet
755 2451 859 2515 multa
885 2450 1018 2524 addere,
1041 2470 1127 2532 quae
1152 2450 1318 2533 pertinent
1344 2448 1387 2511 ad

238 2555 372 2617 modum
396 2555 539 2632 videndi,
563 2555 620 2636 qui
642 2555 844 2618 necessarius
871 2565 922 2618 est
944 2556 977 2617 in
999 2555 1061 2617 hac
1085 2565 1187 2636 parte.
1233 2551 1301 2616 Sed
1327 2571 1389 2615 nec

237 2657 436 2722 Aristoteles
452 2679 511 2721 nec
522 2658 695 2722 Avicenna
712 2659 745 2721 in
761 2659 828 2722 suis
844 2658 1059 2722 Naturalibus
1075 2657 1264 2739 hujusmodi
1280 2675 1387 2720 rerum

237 2762 388 2827 notitiam
408 2763 504 2826 nobis
524 2763 696 2838 dederunt,
715 2783 775 2827 nec
796 2762 934 2840 Seneca,
952 2763 1010 2844 qui
1030 2763 1073 2825 de
1091 2763 1137 2826 eis
1155 2760 1273 2824 librum
1297 2780 1388 2823 com-

236 2867 349 2947 posuit
365 2866 551 2948 specialem.
597 2865 664 2931 Sed
682 2865 828 2930 Scientia
840 2865 1122 2949 Experimentalis
1139 2866 1202 2928 ista
1218 2863 1387 2927 certificat.

281 2969 577 3053 Experimentator
591 2991 671 3052 ergo
686 2971 880 3045 consideret,
898 2971 932 3032 in
948 2971 1045 3033 rebus
1059 2969 1184 3034 scilicet
1192 2967 1383 3046 visibilibus,
1400 2982 1533 3032 Inducnon

236 3082 273 3136 ut
295 3074 440 3138 inveniat
462 3073 588 3138 colores
614 3077 783 3138 ordinatos
808 3074 842 3137 in
865 3073 1043 3157 praedictis
1068 3083 1102 3137 et
1124 3071 1272 3155 figuram.
1316 3047 1545 3176 Ac-lsssffl}

236 3179 337 3259 cipiat
365 3179 452 3242 enim
479 3179 606 3262 lapides
633 3182 675 3243 de
703 3180 865 3244 Hibernia
896 3180 947 3244 vel
976 3180 1071 3243 India
1101 3179 1303 3261 hexagonos,
1329 3179 1386 3260 qui
1401 3196 1480 3228 mena„

237 3283 334 3346 irides
356 3295 516 3348 vocantur
537 3285 627 3366 apud
647 3283 800 3348 Solinum
824 3285 867 3348 de
890 3284 1099 3348 Mirabilibus
1123 3283 1252 3361 Mundi,
1273 3292 1308 3346 et
1330 3303 1387 3346 eos

235 3395 346 3450 teneat
362 3388 393 3449 in
413 3389 507 3452 radio
523 3386 622 3452 solari
639 3389 779 3452 cadente
800 3409 859 3470 per
873 3389 1061 3466 fenestram,
1076 3399 1110 3451 et
1131 3388 1257 3451 colores
1271 3408 1387 3451 omnes

236 3490 335 3566 iridis,
351 3501 385 3554 et
400 3492 568 3556 ordinatos
583 3493 669 3557 sicut
684 3493 716 3554 in
737 3513 787 3569 ea,
803 3493 947 3556 inveniet
963 3493 995 3554 in
1011 3513 1118 3575 opaco
1131 3491 1232 3573 juxta
1248 3493 1386 3556 radium.

237 3593 284 3656 Et
304 3593 439 3658 ulterius
462 3596 550 3661 idem
574 3597 857 3679 experimentator
878 3607 1049 3660 convertat
1071 3617 1107 3661 se
1129 3599 1170 3660 ad
1195 3596 1303 3661 locum
1328 3595 1386 3659 ali·

236 3699 432 3778 quantulum
464 3700 685 3778 tenebrosum,
716 3710 749 3764 et
780 3709 883 3783 ponat
913 3699 1057 3782 lapidem
1087 3702 1130 3764 ad
1157 3701 1290 3763 oculum
1320 3700 1387 3764 fere

236 3801 393 3881 clausum,
409 3813 444 3867 et
465 3805 592 3868 videbit
612 3803 738 3868 colores
761 3805 853 3868 iridis
870 3803 1043 3870 manifeste
1065 3807 1233 3870 ordinatos
1250 3806 1335 3870 sicut
1354 3805 1387 3868 in

235 3906 326 3970 iride.
371 3907 418 3971 Et
440 3908 516 3991 quia
541 3908 636 3972 multi
659 3918 790 3973 utentes
812 3907 978 3993 lapidibus
1000 3910 1072 3973 istis
1094 3911 1270 3973 aestimant
1295 3911 1386 3992 quod

236 4009 278 4074 sit
305 4032 349 4073 ex
376 4012 509 4094 speciali
535 4015 658 4077 virtute
683 4013 813 4076 illorum
840 4014 990 4095 lapidum
1020 4024 1054 4077 et
1081 4026 1217 4097 propter
1247 4013 1386 4097 figuram

234 4115 457 4196 hexagonam,
472 4117 548 4180 ideo
563 4119 843 4201 experimentator
863 4119 1021 4199 procedet
1036 4117 1173 4182 ulterius
1189 4127 1223 4181 et
1242 4118 1386 4180 inveniet

234 4218 299 4281 hoc
323 4221 354 4280 in
377 4218 488 4303 lapide
511 4220 702 4303 crystallino
724 4231 813 4287 recte
835 4221 986 4303 figurato,
1001 4230 1035 4285 et
1058 4221 1091 4283 in
1110 4220 1182 4283 aliis
1204 4221 1387 4304 perspicuis

235 4322 411 4404 lapidibus.
458 4323 504 4386 Et
527 4345 594 4388 non
617 4325 726 4390 solum
750 4326 784 4388 in
809 4324 895 4389 albis
913 4325 998 4388 sicut
1019 4334 1097 4388 sunt
1122 4325 1302 4401 Hibernici,
1326 4325 1385 4388 sed

236 4426 268 4488 in
292 4428 395 4508 nigris
419 4436 455 4490 ut
475 4439 568 4510 patet
591 4429 624 4492 in
648 4430 805 4512 crystallo
827 4428 921 4492 fusco
938 4440 973 4494 et
992 4429 1026 4491 in
1043 4429 1196 4492 omnibus
1220 4428 1386 4510 lapidibus

268 4577 276 4606 ¹
292 4579 317 4639 J.
330 4579 415 4629 utiles.
444 4579 475 4629 ln
487 4581 531 4630 the
543 4595 614 4631 nme
625 4589 751 4633 sentence
761 4582 785 4642 J.
799 4583 846 4632 bns
857 4583 1033 4645 quaestiones,
1045 4581 1147 4631 instead
1159 4581 1189 4630 ot
1197 4582 1384 4634 conclusiones.

267 4654 278 4684 ²
293 4656 318 4716 J.
332 4658 379 4707 bas
391 4659 595 4722 Hetaphysieae.
990 4663 1000 4687 ³
1015 4661 1041 4722 J.
1050 4661 1155 4723 judicat.
