3542 5359
361 651 423 713 454
628 631 965 692 MULTIPLICATIO
990 630 1244 691 SPECIERUM.

361 799 452 881 quod
467 795 509 861 sit
525 795 679 879 aptitudo
695 815 715 858 a
731 805 824 878 parte
838 816 900 859 sua
920 803 956 857 ut
979 795 1175 878 produceret
1194 792 1348 856 effectum
1370 791 1516 875 comple·

362 911 444 979 tum,
459 910 493 964 et
512 901 666 982 aptitudo
687 909 738 963 est
760 920 780 963 a
802 911 898 982 parte
919 899 1076 962 materiae
1099 898 1223 972 mundi,
1245 905 1404 981 quaeest
1427 917 1515 960 com·

364 1005 474 1068 munis
499 1003 660 1086 spirituali
684 1015 719 1068 et
742 1002 905 1085 corporali
931 1012 1033 1084 atque
1058 1000 1191 1065 coelesti
1219 1011 1252 1065 et
1278 1020 1344 1064 non
1370 1001 1515 1064 coelesti.

364 1108 438 1172 Nec
461 1107 574 1171 obstat
596 1108 687 1191 quod
714 1116 793 1170 tunc
817 1107 928 1189 aliqua
955 1105 1137 1189 spiritualia
1163 1117 1197 1168 et
1223 1103 1380 1168 coelestia
1406 1113 1514 1168 essent

362 1222 520 1295 generata
550 1222 584 1275 et
610 1212 676 1274 alia
706 1221 826 1286 creata,
855 1210 1012 1294 quoniam
1042 1210 1070 1272 si
1103 1207 1241 1272 Creator
1264 1218 1391 1272 crearet
1414 1209 1515 1272 modo

362 1337 463 1380 unum
501 1316 681 1392 hominem,
709 1326 743 1379 et
779 1315 862 1379 alius
897 1324 1109 1397 generaretur
1141 1334 1199 1395 per
1231 1313 1516 1397 propagationem,

364 1422 483 1485 modus
498 1420 552 1484 hic
567 1420 714 1484 diversus
730 1421 874 1483 exeundi
892 1421 923 1482 in
940 1439 1012 1482 esse
1028 1438 1094 1481 non
1109 1419 1342 1482 diversificaret
1352 1419 1496 1500 speciem
1504 1440 1514 1491 ;

363 1525 470 1608 prima
494 1526 582 1588 enim
609 1524 777 1588 individua
800 1523 991 1586 animalium
1019 1533 1053 1586 et
1079 1522 1268 1604 plantarum
1296 1541 1361 1585 non
1384 1521 1516 1586 luerunt

363 1638 530 1713 generata,
544 1629 604 1692 sed
626 1628 678 1692 vel
701 1638 812 1692 creata
833 1628 885 1690 vel
910 1627 1084 1710 plasmata.
1130 1627 1176 1690 Et
1195 1628 1402 1690 substantiae
1421 1627 1515 1708 spirl-

364 1733 471 1798 tuales
497 1743 532 1797 et
555 1731 716 1797 coelestes
745 1742 924 1815 generatae
957 1751 1024 1796 non
1055 1742 1167 1795 essent
1196 1731 1434 1814 corruptibiles,
1457 1730 1515 1793 sed

365 1837 630 1920 incorruptibiles
664 1838 750 1900 sicut
782 1836 876 1915 aliae,
908 1836 988 1918 quia
1015 1835 1107 1899 nulla
1136 1835 1239 1900 virtus
1268 1835 1377 1900 activa
1406 1843 1517 1900 creata

364 1941 503 2006 haberet
529 1961 627 2023 posse
652 1961 752 2023 super
776 1960 889 2004 earum
917 1941 1173 2022 corruptionem,
1203 1959 1263 2004 nec
1286 1959 1433 2021 unquam
1459 1938 1518 2002 de·

320 2083 334 2100 ·
365 2045 500 2110 ficerent
515 2046 547 2108 in
563 2065 608 2108 se.
649 2045 788 2128 Propter
802 2045 893 2127 quod
910 2064 1018 2108 sermo
1034 2043 1097 2120 ille,
1112 2045 1203 2126 quod
1217 2064 1315 2106 omne
1329 2044 1519 2128 generabile

366 2159 417 2214 est
435 2149 654 2231 corruptibile,
672 2149 850 2212 arctandus
872 2161 923 2211 est
945 2149 989 2211 ad
1011 2168 1050 2212 ea
1072 2169 1158 2230 quae
1180 2147 1352 2212 actualiter
1374 2167 1461 2210 nunc
1485 2148 1518 2210 in

366 2255 493 2318 mundo
522 2254 663 2317 subsunt
689 2253 904 2336 generationi,
927 2273 999 2330 non,
1020 2252 1064 2315 ad
1087 2253 1200 2315 omnia
1224 2272 1311 2335 quae
1336 2261 1416 2333 apta
1441 2261 1519 2316 nata

365 2369 442 2422 sunt
470 2358 627 2439 generari,
651 2377 737 2440 quae
762 2357 841 2439 quia
864 2356 974 2420 solum
1000 2357 1222 2440 aptitudinem
1249 2356 1373 2419 habent
1395 2366 1430 2420 et
1453 2376 1519 2419 non

365 2462 551 2546 potentiam
567 2481 628 2524 nec
643 2472 765 2540 actum,
781 2461 858 2523 ideo
873 2480 940 2525 non
956 2471 1193 2543 computantur
1215 2460 1300 2525 inter
1317 2460 1520 2544 generabilia

365 2569 407 2631 de
422 2566 540 2648 quibus
556 2549 721 2647 loouimur
736 2565 769 2629 in
783 2564 847 2629 hoc
863 2565 999 2628 mundo.

411 2669 542 2734 Eodem
567 2671 667 2734 modo
694 2680 746 2734 est
772 2690 832 2752 per
859 2669 973 2733 omnia
994 2668 1039 2732 de
1061 2667 1133 2730 aliis
1156 2668 1321 2733 nobilibus
1343 2670 1522 2752 agentibus

367 2774 569 2858 comparatis
587 2775 630 2836 ad
652 2771 857 2856 ignobiliora,
873 2782 911 2836 ut
936 2775 978 2836 de
996 2773 1188 2837 hominibus
1209 2784 1360 2856 respectu
1381 2773 1521 2838 aliarum

367 2899 476 2943 rerum
513 2877 750 2962 generabilium
787 2888 823 2942 et
863 2877 1135 2960 corruptibilium.
1194 2877 1231 2942 Si
1269 2879 1356 2942 enim
1394 2879 1522 2961 species

366 2984 540 3048 hominum
566 2984 809 3066 complerentur
835 2982 868 3045 in
895 2982 1096 3066 patientibus
1119 2983 1321 3060 extrinsecis,
1343 2992 1422 3046 tunc
1445 3004 1522 3047 cae-

367 3099 458 3152 terae
481 3107 533 3151 res
555 3089 804 3152 destruerentur
829 3098 863 3151 et
892 3085 1078 3150 delerentur
1102 3088 1145 3150 de
1170 3088 1306 3162 mundo,
1329 3088 1421 3171 quod
1449 3086 1521 3153 fieri

367 3212 433 3257 non
456 3192 556 3255 debet
578 3213 622 3255 ex
645 3192 719 3275 lege
741 3202 878 3256 naturae
900 3190 1112 3268 universalis3
1138 3191 1215 3255 licet
1237 3212 1281 3255 ex
1305 3201 1423 3255 natura
1446 3213 1521 3276 par-

366 3296 493 3361 ticulari
526 3297 672 3359 humana
706 3298 749 3360 sit
779 3297 935 3380 aptitudo
964 3296 1007 3359 ad
1038 3295 1229 3377 hujusmodi
1262 3295 1400 3360 effectus
1429 3319 1522 3361 com-

366 3400 507 3485 plendos
543 3411 679 3483 propter
715 3401 926 3465 nobilitatem
957 3400 1028 3483 ejus
1062 3410 1212 3482 respectu
1242 3400 1380 3464 aliarum
1412 3422 1521 3466 rerum

367 3503 614 3587 generabilium.
660 3503 706 3567 Et
720 3507 799 3586 quia
813 3504 968 3587 aptitudo
984 3504 1142 3568 materiae
1157 3505 1342 3569 communis
1358 3507 1524 3571 invenitur

366 3609 425 3673 sed
441 3608 565 3672 utilitas
579 3608 681 3672 totius
697 3610 813 3673 mundi
828 3607 1021 3692 praefertur,
1037 3621 1070 3672 et
1090 3610 1191 3672 etiam
1214 3609 1357 3672 hominis
1379 3612 1524 3694 propria,

366 3714 445 3797 quia
460 3713 531 3777 sine
546 3713 618 3775 aliis
635 3714 732 3777 rebus
746 3713 857 3777 vivere
879 3723 913 3777 et
936 3733 1009 3776 esse
1033 3732 1098 3776 non
1120 3722 1241 3797 posset,
1256 3723 1394 3796 propter
1408 3715 1521 3798 quod¹

367 3837 434 3882 non
460 3819 636 3900 respondet
666 3817 743 3881 huic
770 3818 949 3901 aptitudini
974 3817 1126 3900 potentia
1151 3837 1211 3881 nec
1235 3829 1349 3895 actus3
1383 3829 1418 3882 et
1445 3820 1525 3885 ideo

367 3932 495 3987 arctata
518 3933 569 3986 est
592 3923 764 4005 generatio
788 3922 933 3986 hominis
958 3924 1003 3986 ad
1030 3923 1165 3985 modum
1191 3923 1421 4005 propagandi;
1456 3943 1523 3987 non

367 4026 476 4091 solum
492 4036 627 4110 propter
644 4027 725 4090 alias
740 4047 801 4100 res,
818 4028 877 4090 sed
900 4035 1037 4108 propter
1060 4026 1151 4108 ipsos
1173 4027 1333 4104 homines,
1349 4047 1391 4089 ne
1410 4028 1524 4092 multi·

367 4130 567 4213 plicarentur
593 4130 790 4213 plusquam
814 4140 993 4214 oporteret.
1040 4129 1180 4213 Insuper
1202 4131 1282 4213 ipsa·
1297 4151 1387 4195 mors
1409 4133 1525 4215 singu-

368 4235 474 4298 lorum
502 4236 682 4298 secundum
711 4244 837 4300 statum
865 4235 1047 4317 praesentis
1071 4235 1172 4310 vitae,
1197 4235 1380 4299 necessaria
1402 4245 1454 4299 est
1480 4257 1525 4300 ex

367 4339 441 4423 lege
467 4349 603 4403 naturae
628 4339 830 4417 universalis,
857 4349 895 4402 ut
920 4339 1003 4402 dicit
1025 4338 1199 4404 Avicenna
1226 4341 1374 4403 secundo
1407 4340 1526 4422 Physi-

368 4463 492 4520 comm,
510 4445 587 4508 licet
607 4453 725 4508 natura
748 4443 953 4527 particularis
972 4443 1060 4507 illius
1082 4442 1134 4508 vel
1166 4445 1260 4508 istius
1284 4464 1350 4508 non
1378 4445 1525 4511 intendit

368 4549 623 4630 corruptionem,
638 4550 697 4612 sed
715 4549 817 4613 vitam
834 4559 868 4612 et
884 4548 1036 4614 salutem.

819 4683 827 4712 ¹
845 4687 922 4748 quod,
937 4701 986 4736 orn.
999 4683 1025 4746 J.
