3542 5359
407 581 601 641 MORALIS
625 580 944 642 PHILOSOPHIA:
977 583 1092 642 PARS
1120 584 1285 642 TERTIA.
1363 599 1422 661 325

269 740 401 806 Audies
424 742 600 827 plerosque
622 745 777 823 dicentes,
794 743 830 807 A
848 745 1126 828 quinquagesimo
1148 766 1236 809 anno
1259 747 1293 810 in
1315 746 1421 810 otium

269 848 421 910 secedam
434 848 442 910 l
481 847 717 932 Sexagesimus
732 869 786 912 me
800 868 906 913 annus
922 850 965 912 ab
981 847 1098 914 officiis
1113 850 1260 914 dimittet
1275 849 1421 932 ...Quis

268 950 331 1014 ista
351 952 436 1016 sicut
450 952 601 1036 disponis
615 953 663 1016 ire
677 953 844 1036 patietur?
890 952 968 1017 Non
985 953 1089 1036 pudet
1107 962 1141 1016 te
1163 952 1316 1035 reliquias
1331 954 1420 1017 vitae

266 1054 327 1117 tibi
342 1075 516 1136 reservare,
530 1066 565 1120 et
580 1057 613 1119 id
629 1067 762 1138 tempus
777 1056 886 1120 solum
903 1057 1011 1120 bonae
1027 1057 1129 1121 menti
1146 1056 1319 1134 destinare,
1328 1060 1421 1140 quod

267 1161 300 1222 in
314 1159 439 1224 nullam
455 1181 525 1224 rem
548 1159 689 1225 conferri
710 1162 838 1244 possit?
884 1159 995 1244 Quam
1016 1181 1125 1225 serum
1145 1171 1196 1224 est
1215 1172 1296 1225 tunc
1310 1161 1420 1224 vivere

266 1263 419 1345 incipere,
431 1283 507 1327 cum
519 1264 738 1328 desinendum
750 1274 801 1328 est
818 1311 826 1326 .
843 1313 850 1327 .
868 1313 875 1328 .
892 1264 1022 1329 differre
1037 1285 1117 1328 sana
1132 1265 1279 1343 consilia,
1289 1276 1324 1329 et
1339 1265 1418 1330 inde

266 1368 369 1431 vitam
383 1367 469 1431 velle
484 1368 639 1433 inchoare
654 1389 722 1450 quo
737 1369 833 1450 pauci
849 1366 1096 1450 perduxerunt!

310 1470 568 1536 ‘Potentissimis
580 1480 614 1537 et
629 1473 662 1534 in
678 1472 784 1536 altum
800 1473 939 1537 sublatis
954 1472 1143 1536 hominibus
1155 1473 1307 1538 excidere
1318 1493 1417 1538 voces
1430 1491 1493 1557 Cap.
1506 1511 1531 1555 4.

266 1575 402 1654 videbis,
425 1576 545 1658 quibus
567 1577 672 1639 otium
699 1575 858 1659 captent¹
885 1575 1021 1641 laudent
1048 1576 1202 1640 omnibus
1228 1577 1296 1640 suis
1320 1579 1416 1642 bonis

265 1677 457 1761 praeierant
513 1678 662 1764 Cupiunt
691 1681 823 1747 interim
857 1702 902 1744 ex
933 1679 991 1744 illo
1021 1678 1151 1762 fastigio
1181 1701 1253 1760 suo,
1282 1682 1309 1744 si
1340 1689 1415 1748 tuto

263 1781 371 1857 liceat,
386 1784 592 1849 descendere.
638 1784 727 1848 Nam
750 1794 787 1849 ut
810 1784 893 1847 nihil
914 1795 1011 1849 extra
1033 1783 1172 1848 lacessat
1194 1795 1252 1848 aut
1275 1787 1414 1866 quatiat,

263 1888 298 1950 in
326 1909 363 1952 se
388 1889 460 1971 ipsa
490 1888 622 1952 fortuna
651 1891 726 1952 ruit.
772 1890 880 1953 Divus
911 1889 1085 1971 Augustus
1115 1888 1165 1954 cui
1196 1889 1288 1954 Deus
1318 1891 1414 1972 plura

263 2011 363 2073 quam
380 1993 438 2055 ulli
461 1993 637 2076 praestitit,
653 2013 719 2058 non
742 1994 839 2057 desiit
861 1994 1008 2076 quietem
1030 1993 1093 2057 sibi
1116 1993 1252 2074 precari,
1268 2004 1301 2057 et
1317 2015 1413 2058 vaca-

262 2096 388 2159 tionem
403 2117 423 2158 a
439 2093 627 2181 republica²
642 2106 764 2179 petere.
796 2096 917 2161 Omnis
932 2096 1004 2178 ejus
1020 2116 1129 2159 sermo
1144 2096 1187 2159 ad
1203 2096 1267 2159 hoc
1282 2117 1413 2182 semper

261 2199 430 2265 revolutus
444 2211 496 2264 est
516 2210 552 2264 ut
572 2211 719 2283 speraret
737 2200 853 2265 otium.
896 2200 972 2264 Hoc
994 2198 1123 2264 labores
1138 2219 1225 2274 suos,
1241 2202 1300 2262 etsi
1319 2200 1413 2275 salso,

261 2305 349 2369 dulci
372 2314 485 2370 tamen
507 2305 697 2370 oblectabat
719 2305 839 2369 solatio
863 2355 870 2371 .
896 2351 903 2368 .
928 2352 935 2368 .
960 2303 1028 2368 Sed
1056 2305 1119 2369 ista
1142 2303 1211 2368 fieri
1235 2305 1413 2386 speciosius

261 2427 362 2489 quam
383 2409 532 2492 promitti
549 2420 756 2492 possunt...
773 2409 883 2472 Tanta
903 2409 974 2472 visa
995 2419 1047 2473 est
1065 2429 1116 2472 res
1137 2410 1242 2472 otium
1265 2419 1301 2472 ut
1320 2408 1411 2474 illam

260 2515 338 2596 quia
364 2535 424 2579 usu
451 2535 517 2580 non
541 2524 672 2598 poterat
698 2513 901 2595 cogitatione
925 2523 1158 2596 praesumeret.
1204 2513 1272 2596 Qui
1299 2518 1410 2579 omnia

258 2618 393 2682 videbat
427 2640 472 2683 ex
501 2640 537 2683 se
566 2639 631 2682 uno
664 2619 854 2700 pendentia,
883 2619 939 2700 qui
970 2617 1160 2682 hominibus
1188 2619 1410 2701 gentibusque

258 2721 426 2786 fortunam
442 2724 553 2803 dabat,
564 2723 658 2787 illum
674 2723 762 2787 diem
778 2721 997 2786 laetissimum
1013 2721 1181 2804 cogitabat
1198 2743 1264 2804 quo
1280 2726 1409 2806 magni-

257 2830 407 2892 tudinem
431 2848 525 2892 suam
552 2838 700 2892 exueret.
746 2827 917 2910 Expertus
946 2827 1033 2890 enim
1059 2837 1130 2890 erat
1160 2837 1321 2908 quantum
1353 2826 1408 2891 illa

257 2934 346 2996 bona
360 2952 420 3015 per
433 2953 549 2997 omnes
565 2942 667 2995 terras
679 2931 838 3014 fulgentia
852 2932 981 2994 sudoris
997 2930 1231 3011 exprimerent,
1246 2941 1408 3012 quantum

257 3036 457 3102 occultarum
473 3037 730 3101 sollicitudinum
746 3031 916 3118 tegerent,’
932 3055 999 3098 non
1014 3043 1229 3098 removerent.

301 3142 458 3206 ‘Marcus
475 3139 593 3207 Cicero
608 3183 617 3200 ·
636 3188 644 3202 .
661 3187 669 3202 .
684 3142 766 3205 dum
782 3139 960 3204 fluctuatur
974 3158 1049 3204 cum
1069 3138 1250 3223 Republica
1265 3149 1299 3202 et
1315 3139 1406 3204 illam
1420 3161 1482 3228 cap.
1495 3179 1519 3226 5,
1531 3166 1555 3214 ⁶,

255 3267 389 3328 pessum
413 3257 546 3310 euntem
568 3257 660 3310 tenet
683 3291 691 3306 .
714 3291 723 3307 .
745 3291 754 3308 .
775 3244 931 3328 quotiens
952 3242 1045 3308 illum
1067 3244 1173 3326 ipsum
1197 3243 1405 3308 consulatum

254 3370 352 3414 suum
380 3370 448 3413 non
477 3350 549 3414 sine
578 3369 679 3414 causa
706 3349 765 3414 sed
797 3349 869 3413 sine
899 3347 964 3412 fine
994 3349 1166 3412 laudatum
1200 3347 1404 3412 detestatur!

254 3452 366 3536 Quam
390 3453 517 3518 flebiles
539 3473 637 3518 voces
660 3453 816 3535 exprimit
839 3501 847 3516 .
871 3501 879 3516 .
903 3499 910 3514 .
934 3451 1221 3535 Supervacaneum
1241 3462 1292 3515 est
1315 3473 1405 3517 com·

255 3578 437 3622 memorare
453 3557 565 3640 plures
580 3559 636 3639 qui
651 3577 726 3620 cum
744 3557 818 3620 aliis
834 3555 1010 3620 felicissimi
1025 3557 1224 3635 viderentur,
1239 3556 1300 3638 ipsi
1321 3557 1354 3619 in
1369 3577 1405 3620 se

252 3683 367 3727 verum
395 3663 622 3728 testimonium
647 3661 811 3739 dixerunt,
834 3662 942 3745 perosi
969 3681 1103 3724 omnem
1131 3671 1243 3724 actum
1272 3680 1405 3725 suorum

252 3787 413 3830 annorum
428 3817 436 3832 .
452 3815 460 3830 .
475 3813 484 3831 .
501 3767 582 3832 Vita
596 3764 675 3831 licet
689 3785 789 3848 supra
804 3764 895 3828 mille
915 3785 1020 3829 annos
1035 3775 1134 3828 exeat
1156 3765 1189 3828 in
1206 3765 1405 3829 artissimum

251 3885 366 3936 tamen
381 3872 594 3936 contrahetur
602 3868 634 3935 ³.'

295 3976 355 4040 ‘In
379 3976 495 4059 primis
520 3985 633 4039 autem
657 3973 731 4039 illos
754 3994 901 4055 numero,
920 3973 977 4055 qui
1002 3972 1082 4037 nulli
1109 3973 1155 4037 rei
1178 3973 1239 4037 nisi
1260 3974 1339 4037 vino
1361 3994 1400 4038 ac
1415 3989 1480 4054 Cap.
1496 4001 1516 4052 7·

250 4081 376 4146 libidini
398 4091 528 4146 vacant.
574 4078 666 4143 Nulli
689 4079 778 4143 enim
805 4081 932 4161 turpius
960 4079 1113 4161 occupati
1137 4086 1223 4141 sunt.
1270 4077 1399 4142 Caeteri

249 4186 392 4249 etiamsi
411 4204 498 4248 vana
518 4184 643 4268 gloriae
666 4183 810 4268 imagine
830 4193 1004 4248 teneantur
1027 4227 1035 4244 .
1060 4229 1067 4244 .
1092 4231 1100 4246 .
1122 4201 1239 4246 omncs
1253 4181 1399 4245 virilius⁴

280 4428 290 4459 ¹
307 4435 405 4490 optent,
414 4427 524 4477 Seneca.
550 4427 580 4475 ln
591 4427 636 4476 the
647 4434 709 4476 next
720 4433 845 4476 sentence
855 4427 901 4475 the
911 4425 986 4475 MSS.
997 4427 1059 4474 read
1071 4425 1228 4486 concupiunt
1236 4423 1277 4474 ior
1285 4425 1398 4488 eupiunt.

279 4505 290 4535 ¹
305 4507 361 4556 ‘l'be
373 4506 449 4556 uss.
462 4507 529 4555 bave
540 4505 661 4555 Romano
671 4506 769 4569 populo
779 4505 881 4554 instead
894 4503 924 4554 os
931 4504 1070 4566 republica

279 4584 290 4616 ⁸
306 4586 438 4647 contrahe,
450 4584 483 4637 0.
937 4583 946 4611 ¹
963 4583 1068 4644 viribus,
1081 4581 1157 4632 use.
