3542 5359
354 639 415 700 234
567 624 724 683 OPERIS
749 625 938 694 MAJORIS
963 625 1079 683 PARS
1101 625 1303 684 SEPTIMA.

356 785 398 848 de
415 786 625 850 Mirabilibus
643 787 771 850 Mundi.
818 787 863 851 Et
877 787 1077 850 Aristoteles
1093 786 1162 850 vult
1177 789 1325 853 secundo
1340 788 1382 852 de
1397 788 1506 870 Vege-

355 890 513 954 tabilibus
550 893 641 973 quod
673 890 797 954 fructus
828 891 1012 973 palmarum
1044 890 1242 955 feminarum
1282 903 1508 956 maturescunt

356 1015 400 1056 ex
424 996 568 1058 odores
593 994 746 1058 masculis
768 996 931 1059 veniente.

186 1097 336 1176 Prophecles
400 1098 446 1163 Et
471 1099 551 1181 quia
579 1099 698 1164 notitia
721 1099 919 1164 Antichristi
940 1100 1082 1183 pertinet
1102 1101 1145 1164 ad
1171 1099 1272 1165 fidem
1294 1100 1337 1163 de
1362 1098 1512 1178 Christo,

186 1166 342 1281 ghffifilnu'
354 1204 433 1286 quia
448 1201 531 1267 fides
548 1203 735 1268 Christiana
754 1214 846 1267 tenet
860 1203 1105 1269 Antichristum
1122 1205 1193 1269 lore
1207 1216 1392 1281 venturum,
1408 1225 1508 1288 quern

356 1306 505 1371 Christus
535 1309 701 1371 destruet:
736 1308 811 1370 ideo
840 1327 1008 1372 annexum
1047 1318 1098 1372 est
1134 1308 1280 1372 articulis
1310 1307 1387 1373 fidei
1417 1308 1508 1391 quod

354 1413 506 1476 credatur
520 1411 749 1476 Antichristus
768 1423 949 1489 venturus;
970 1413 1048 1478 ideo
1069 1433 1174 1476 unum·
1193 1413 1390 1496 principium
1413 1413 1509 1477 istius

354 1516 512 1578 scientiae
527 1527 577 1580 est
593 1518 636 1580 de
656 1518 800 1580 adventu
816 1516 1016 1580 Antichristi
1032 1518 1065 1578 in
1085 1517 1370 1580 confirmationem
1393 1536 1510 1581 eorum

355 1640 440 1703 quae
463 1621 628 1703 pertinent
643 1621 686 1685 ad
710 1619 810 1686 fidem
827 1621 961 1685 Christi.
1007 1622 1097 1684 Dicit
1117 1623 1217 1704 igitur
1239 1621 1377 1685 Ethicus
1399 1620 1510 1704 philo·

356 1724 481 1806 sophus
501 1727 591 1806 quod
607 1726 692 1790 circa
704 1735 857 1807 tempora
873 1726 1072 1791 Antichristi
1091 1728 1152 1789 erit
1168 1747 1234 1789 una
1245 1747 1326 1810 gens
1341 1727 1385 1789 de
1404 1727 1510 1808 stirpe

357 1827 433 1910 Gog
448 1839 482 1892 et
498 1829 625 1914 Magog
639 1841 754 1895 contra
770 1832 872 1894 ubera
884 1831 1063 1914 Aquilonis
1072 1831 1160 1894 circa
1171 1842 1306 1913 portum
1325 1829 1510 1905 Euxinum,

355 1935 499 2014 pessima
514 1935 598 1997 inter
612 1953 727 1999 omnes
743 1935 894 1998 nationes
904 1955 991 2018 quae
1006 1955 1083 1998 cum
1099 1937 1224 1999 semine
1236 1954 1353 1998 eorum
1364 1933 1510 2016 pessimo

357 2037 485 2101 recluso
506 2047 581 2121 post
603 2049 716 2121 portas
732 2039 870 2121 Caspias
891 2038 1102 2103 Alexandri¹
1117 2040 1238 2103 facient
1253 2038 1394 2103 multam
1409 2036 1510 2119 hujus

357 2143 473 2206 mundi
487 2143 719 2222 vastationem,
731 2155 765 2208 et
781 2153 955 2208 occurrent
969 2143 1181 2208 Antichristo
1199 2153 1233 2207 et
1248 2143 1417 2208 vocabunt
1431 2161 1510 2206 eum

358 2245 469 2310 Deum
481 2246 628 2310 Deorum
635 2245 657 2308 ².
693 2249 739 2312 Et
753 2248 962 2312 Albumazar
977 2249 1010 2311 in
1024 2248 1109 2312 libro
1125 2246 1409 2331 Conjunctionum
1426 2247 1511 2310 veri·

357 2348 436 2414 ficat
450 2350 602 2414 similiter
617 2350 682 2416 hoc
699 2352 908 2434 principium,
920 2353 1035 2417 dicens
1049 2362 1083 2417 et
1098 2352 1277 2416 ostendens
1292 2352 1382 2433 quod
1399 2351 1509 2414 veniet

357 2455 511 2536 princeps
533 2475 608 2518 cum
632 2455 705 2538 lege
727 2455 825 2520 foeda
848 2467 881 2520 et
906 2457 1035 2540 magica
1057 2467 1136 2539 post
1160 2456 1266 2539 legem
1296 2455 1512 2532 Machometi,

357 2558 413 2639 qui
444 2557 593 2622 destruet
623 2559 703 2623 alias
734 2559 823 2643 leges
853 2561 896 2625 ad
932 2570 1076 2645 tempus.
1123 2559 1191 2625 Sed
1227 2581 1344 2643 parum
1378 2559 1511 2623 durabit

356 2672 493 2744 propter
512 2663 657 2728 malitiae
679 2665 961 2746 magnitudinem3
985 2665 1049 2729 hoc
1069 2666 1218 2747 superius
1235 2666 1427 2746 expositum
1449 2672 1512 2728 est.

358 2767 404 2831 Et
427 2767 646 2850 proculdubio
676 2769 819 2833 multum
842 2769 1119 2833 considerandum
1150 2779 1201 2833 est
1228 2769 1291 2832 hoc
1313 2767 1510 2851 principium

356 2871 454 2954 hujus
477 2872 644 2936 scientiae.
690 2874 780 2937 Nam
804 2893 885 2956 gens
903 2873 1075 2937 Tartarica
1095 2874 1199 2936 exivit
1219 2873 1262 2935 de
1280 2871 1362 2936 locis
1385 2871 1457 2949 illis,
1474 2881 1512 2936 ut

357 2987 484 3041 certum
505 2988 565 3056 est,
582 2978 741 3059 quoniam
762 2978 961 3042 habitabant
985 2986 1062 3059 post
1080 2986 1193 3058 portas
1213 2977 1293 3054 illas,
1313 2977 1399 3039 inter
1420 2977 1512 3059 aqui·

358 3079 468 3144 lonem
487 3089 521 3144 et
536 3081 707 3157 orientem,
729 3081 843 3145 inclusi
862 3082 896 3144 in
914 3081 1083 3144 montibus
1098 3081 1238 3145 Caucasi
1249 3079 1271 3155 ³,
1286 3090 1321 3143 et
1337 3079 1461 3161 Caspii,
1475 3090 1511 3144 et

357 3201 470 3246 secum
492 3185 618 3248 ducunt
638 3186 780 3267 populos
796 3186 853 3268 qui
867 3185 937 3267 jam
958 3205 979 3248 a
994 3185 1165 3250 montibus
1180 3185 1278 3249 dictis
1295 3185 1511 3248 dominantur

358 3289 524 3370 usquead
546 3287 645 3352 linem
667 3289 822 3354 Poloniae
833 3287 856 3368 ⁴,
874 3289 1033 3353 Boemiae
1054 3300 1089 3354 et
1112 3289 1307 3370 Hungariae
1327 3309 1413 3371 quae
1433 3298 1511 3352 sunt

358 3391 456 3475 longe
486 3392 568 3456 citra
598 3394 701 3458 ubera
722 3393 915 3476 Aquilonis.
958 3394 1085 3457 Vemm
1116 3394 1204 3458 enirn
1235 3394 1397 3475 estquod
1425 3391 1511 3456 aliae

359 3496 532 3560 exiverunt
554 3507 671 3579 gentes
693 3499 736 3562 de
758 3497 841 3563 locis
863 3497 936 3574 illis,
958 3509 993 3561 et
1016 3498 1177 3562 mundum
1200 3497 1392 3560 invaserunt
1413 3497 1511 3559 meri-

358 3599 493 3664 dianum
509 3621 613 3682 usque
629 3602 671 3664 ad
687 3613 810 3666 terrant
822 3613 982 3679 sanctam,
991 3603 1075 3666 sicut
1087 3621 1174 3664 nunc
1184 3600 1316 3664 Tartari
1328 3599 1464 3678 faciunt,
1474 3609 1512 3662 ut

358 3703 586 3785 Hieronymus
606 3705 723 3769 scribit
741 3707 775 3769 in
794 3707 945 3790 epistolis
968 3717 1003 3770 et
1026 3706 1182 3769 historiae
1205 3716 1349 3768 narrant.
1393 3703 1513 3786 Atque

356 3827 438 3891 gens
462 3806 606 3873 Gothica
628 3819 661 3872 et
684 3809 912 3875 Vandalorum
935 3830 1023 3892 quae
1051 3818 1168 3892 postea
1191 3808 1311 3872 invasit
1340 3808 1512 3870 meridiem

357 4037 414 4085 The
426 4036 558 4086 reference
569 4038 624 4086 that
636 4037 737 4088 follows
750 4045 776 4088 to
787 4040 832 4088 the
843 4039 965 4101 spurious
974 4037 1143 4087 Aristotelian
1156 4038 1261 4086 tmtise
1269 4036 1309 4084 De
1318 4035 1419 4084 Planus
1430 4036 1459 4100 (i.
1470 4035 1513 4097 η)

357 4116 379 4164 is
395 4115 505 4176 curicus,
517 4131 546 4165 ss
559 4116 668 4177 beurim
683 4132 718 4165 on
730 4118 775 4166 the
790 4117 910 4181 question
925 4117 956 4166 of
966 4118 1012 4166 the
1026 4117 1086 4164 date
1099 4114 1130 4165 of
1142 4115 1304 4177 recognition
1320 4114 1351 4162 of
1362 4115 1407 4163 the
1423 4129 1471 4162 sex
1487 4114 1517 4162 of

358 4195 450 4256 plante.
479 4194 555 4243 nner
566 4195 694 4257 speaking
706 4195 736 4244 of
749 4196 793 4245 the
808 4196 902 4244 resulss
920 4196 975 4243 that
986 4194 1074 4243 follow
1086 4193 1150 4242 from
1163 4194 1208 4242 the
1223 4193 1370 4255 apposition
1387 4192 1417 4241 of
1428 4208 1514 4242 corre·

358 4273 487 4334 sponding
498 4279 569 4335 parts
581 4271 611 4321 of
620 4273 665 4322 the
676 4274 742 4322 male
754 4275 805 4321 and
817 4273 910 4322 female
921 4274 998 4335 palm,
1011 4274 1063 4321 sod
1074 4269 1104 4321 of
1111 4274 1156 4320 the
1167 4272 1315 4320 distinction
1327 4269 1358 4320 of
1364 4271 1409 4318 the
1420 4276 1474 4319 two
1485 4270 1513 4318 in

358 4352 403 4399 the
415 4353 468 4400 size
480 4352 511 4400 of
519 4351 563 4399 the
575 4351 628 4399 leaf
636 4353 687 4400 and
700 4352 726 4399 in
740 4354 839 4412 odour;
856 4352 901 4401 the
912 4353 1002 4400 writer
1016 4351 1091 4412 adds,
1103 4348 1180 4413 τυχὸν
1192 4349 1218 4398 δὲ
1233 4349 1274 4397 ml
1286 4349 1306 4396 sl
1318 4349 1346 4397 ln
1360 4349 1404 4409 τῆς
1418 4347 1515 4398 εὐωδίας

357 4429 403 4477 τοῦ
413 4429 511 4492 ἄρρενος
522 4429 637 4492 ὃῐαγάγῃ
649 4447 673 4477 τι
684 4430 771 4490 ἄνεμος
780 4429 838 4494 rpdr
849 4428 895 4479 τὸν
905 4431 990 4491 θῆλυν,
999 4428 1151 4478 rmlrormt
1162 4428 1202 4477 uui
1214 4425 1288 4477 otrus
1297 4428 1322 4476 ol
1330 4425 1423 4490 κριοί,
1432 4425 1516 4490 ὥσπερ

357 4506 448 4556 ὁπόταν
459 4507 492 4555 τὰ
502 4505 587 4568 φύλλα
597 4508 641 4555 τοῦ
652 4505 749 4570 ἄρρενος
759 4507 795 4571 τῷ
806 4507 875 4569 θήλει
886 4507 1058 4571 imfirma.

391 4586 399 4614 ¹
417 4585 567 4646 Alexandri,
579 4601 620 4635 om
641 4586 675 4634 Μ.
1162 4585 1173 4615 ¹
1189 4584 1245 4634 Vol.
1259 4585 1276 4633 i.
1288 4599 1315 4646 p.
1325 4585 1381 4635 2⁶8.

391 4664 401 4693 ³
416 4663 473 4714 Vol.
486 4665 501 4715 l.
514 4679 556 4727 pp.
569 4679 625 4726 303,
638 4679 696 4726 354.
1158 4664 1168 4692 ¹
1186 4662 1319 4724 mioniae,
1331 4677 1382 4715 om.
1396 4661 1432 4714 ll.
