3542 5359
371 673 432 749 476
637 672 975 731 MULTIPLICATIO
1000 671 1253 731 SPECIERUM.

371 836 458 898 enirn
478 835 635 899 distantia
653 834 725 918 ejus
742 836 989 899 averticatione
1009 836 1128 917 capitis
1149 845 1235 899 esset
1251 834 1314 899 ista
1333 855 1420 917 quae
1437 843 1526 900 esset

374 941 507 1003 inventa
528 960 586 1021 per
605 940 910 1021 computationem3
932 940 990 1003 sed
1010 960 1076 1002 non
1097 950 1147 1003 est
1166 940 1231 1017 ita3
1255 959 1335 1021 ergo
1351 940 1412 1002 lux
1427 939 1527 1003 lunae

373 1063 439 1105 non
456 1044 649 1108 extenditur
663 1066 683 1107 a
698 1044 790 1108 coelo
813 1047 857 1109 ad
872 1064 983 1108 aerem
1007 1065 1066 1125 per
1081 1044 1183 1109 lineas
1200 1054 1303 1109 rectas
1316 1066 1323 1122 ;
1350 1065 1451 1127 quare
1466 1064 1528 1128 per

374 1145 578 1211 fractionem.
624 1148 672 1211 Et
700 1170 765 1231 qua
796 1150 922 1212 ratione
953 1148 995 1212 de
1024 1148 1147 1212 lumine
1173 1147 1278 1226 lunae,
1302 1149 1453 1212 similiter
1482 1148 1526 1211 de

326 1308 330 1316 ,
374 1252 498 1316 lumine
510 1253 646 1316 aliarum
656 1251 826 1316 stellarum
839 1278 846 1329 ;
862 1261 897 1316 et
906 1253 981 1316 ideo
990 1262 1122 1334 o'portet
1134 1254 1223 1333 quod
1236 1253 1363 1335 species
1374 1252 1525 1315 omnium

373 1356 543 1420 stellamm
571 1355 776 1438 frangantur,
799 1357 901 1420 etsie
929 1366 1022 1438 patet
1048 1357 1138 1438 quod
1164 1356 1278 1421 fractio
1305 1358 1427 1421 debeat
1453 1377 1527 1420 esse

373 1462 522 1524 omniurn
554 1461 719 1524 radiorum
750 1461 942 1524 coelestium
981 1462 1013 1523 in
1042 1460 1216 1543 superficie
1247 1461 1331 1543 ignis
1365 1460 1422 1542 qui
1457 1480 1526 1523 non

373 1567 496 1630 cadunt
515 1564 827 1647 perpendiculariter
840 1585 939 1648 super
953 1585 1072 1647 corpus
1087 1568 1183 1647 ignis.

204 1672 345 1751 rrootthat
418 1669 519 1751 Quod
549 1679 661 1732 autern
691 1669 773 1734 haec
802 1668 919 1733 fractio
954 1671 996 1733 sit
1026 1680 1161 1751 propter
1195 1668 1372 1733 transitum
1403 1670 1527 1752 speciei

205 1738 362 1853 arms-e
375 1794 394 1835 a
417 1774 582 1836 subtiliori
608 1774 640 1836 in
658 1776 793 1838 densius
812 1794 926 1837 versus
948 1774 1254 1856 perpendicularem
1276 1774 1447 1836 declarant
1468 1792 1529 1854 per

205 1870 446 1985 ffifwmhoc,
473 1877 564 1959 quod
593 1877 732 1942 circulus
758 1879 986 1960 aequidistans
1013 1878 1246 1962 aequinoctiali
1277 1879 1440 1941 transiens
1469 1897 1529 1959 per

206 2002 289 2050 dense.
376 1980 513 2057 stellam,
530 1982 664 2064 quando
684 1983 774 2045 venit
791 1982 834 2045 ad
857 1982 1017 2047 circulum
1040 1985 1188 2047 meridiei
1212 1994 1245 2047 et
1265 1982 1376 2046 zenith
1399 1981 1529 2063 capitis,

375 2097 425 2149 est
447 2106 523 2149 vere
546 2086 722 2169 designans
748 2086 855 2150 locum
881 2086 1005 2163 stellae,
1028 2097 1061 2151 et
1089 2097 1139 2152 est
1165 2088 1198 2150 in
1225 2107 1291 2168 quo
1318 2084 1530 2150 deferebatur

375 2189 472 2255 stella
512 2210 533 2252 a
570 2192 733 2271 principio
771 2192 877 2256 noctis
914 2212 1089 2274 quousque
1126 2192 1253 2254 veniret
1288 2192 1331 2254 ad
1368 2189 1529 2252 circulum

376 2295 543 2371 meridiei3
573 2297 732 2377 quoniam
758 2298 848 2358 visus
874 2306 953 2360 tunc
984 2296 1235 2378 comprehendit
1261 2293 1391 2357 stellam
1419 2304 1528 2371 recte3

376 2401 454 2480 quia
474 2399 561 2462 linea
578 2408 718 2467 extensa
735 2420 756 2463 a
772 2402 844 2463 visu
866 2400 909 2464 ad
931 2401 1041 2464 zenith
1060 2408 1110 2462 est
1130 2397 1410 2481 perpendicularis
1428 2417 1532 2479 super

338 2516 346 2529 '
376 2523 496 2585 corpus
519 2502 602 2567 coeli
629 2512 663 2566 et
689 2523 808 2587 corpus
832 2504 928 2586 ignis,
952 2514 988 2589 ut
1012 2514 1136 2568 certum
1159 2513 1218 2580 est,
1241 2513 1275 2566 et
1298 2511 1437 2583 uterque
1463 2500 1530 2565 hoc

376 2608 499 2683 dicunt,
531 2606 740 2671 Ptolemaeus
770 2618 803 2671 et
834 2606 995 2672 Alhazen.
1042 2607 1128 2672 Cum
1164 2628 1243 2691 ergo
1278 2605 1374 2669 stella
1409 2611 1459 2668 est
1495 2605 1529 2667 in

376 2709 590 2774 verticatione
612 2712 728 2793 capitis
751 2721 785 2776 et
809 2711 842 2775 in
864 2713 987 2776 circulo
1011 2712 1139 2793 majori,
1160 2713 1217 2794 qui
1241 2710 1421 2773 secundum
1444 2709 1530 2771 veri-

377 2825 482 2880 tatem
509 2825 559 2878 est
585 2815 726 2879 circulus
751 2815 832 2897 ejus,
855 2826 934 2882 tunc
960 2817 1087 2899 species
1114 2816 1246 2879 radiosa
1272 2835 1338 2878 non
1360 2813 1532 2896 frangitur,

377 2921 454 3003 quia
481 2919 759 3003 perpendicularis
789 2942 856 2984 non
888 2920 1057 3005 frangitur.
1105 2918 1174 2984 Sed
1203 2940 1278 2983 cum
1309 2927 1468 3000 appareat
1496 2917 1531 2979 in

377 3024 508 3089 circulis
538 3025 720 3088 minoribus
750 3046 862 3089 versus
893 3025 1108 3102 horizontem,
1134 3034 1168 3088 et
1199 3026 1232 3087 in
1262 3022 1438 3087 horizonte
1468 3020 1532 3084 erit

378 3130 562 3193 necessario
584 3129 710 3211 fracti0,
732 3140 767 3193 ut
791 3132 880 3213 prius
904 3132 1082 3213 probatum
1106 3140 1164 3208 est,
1187 3138 1221 3192 et
1243 3128 1411 3191 videbitur
1432 3124 1533 3189 stella

380 3253 439 3316 per
461 3233 562 3297 lineas
585 3232 714 3312 fractas,
729 3236 807 3316 quia
823 3245 901 3299 tunc
917 3236 1000 3299 radii
1015 3236 1138 3299 cadunt
1158 3235 1200 3297 ad
1222 3231 1361 3315 angulos
1376 3229 1533 3312 obliquos

380 3357 478 3418 super
493 3338 649 3419 sphaeras
664 3339 902 3403 elementorum
918 3360 925 3415 ;
949 3340 1007 3403 sed
1023 3337 1192 3421 quaelibet
1208 3337 1337 3400 illarum
1354 3335 1532 3399 fractarum

379 3440 523 3505 declinat
546 3443 588 3506 ad
612 3443 812 3507 diametrum
836 3445 961 3520 mundi,
984 3445 1041 3527 qui
1065 3443 1135 3505 exit
1158 3463 1177 3504 a
1204 3450 1328 3524 puncto
1351 3438 1534 3513 fractionis

380 3548 465 3611 sicut
490 3548 611 3611 docent
639 3547 850 3612 Ptolemaeus
875 3557 910 3612 et
934 3547 1084 3611 Alhazen
1112 3544 1362 3629 figurationibus
1384 3544 1535 3621 diversis,

380 3661 413 3715 et
433 3652 488 3716 hic
507 3652 668 3716 diameter
690 3662 741 3715 est
761 3652 1041 3735 perpendicularis
1064 3671 1163 3732 super
1182 3650 1423 3714 concavitatem
1447 3648 1534 3711 coeli

380 3766 414 3820 et
435 3758 683 3821 convexitatem
704 3756 864 3839 sphaerae
888 3759 994 3839 ignis3
1017 3767 1221 3840 quapropter
1240 3754 1358 3819 fractio
1380 3752 1462 3815 haec
1481 3763 1535 3816 est

380 3864 561 3926 secundum
581 3862 689 3943 legem
712 3862 857 3925 incessus
875 3883 896 3924 a
916 3862 1079 3926 subtiliori
1099 3862 1131 3924 in
1153 3860 1286 3923 densius
1307 3877 1365 3941 per
1385 3856 1536 3920 declina·

381 3967 506 4030 tionem
531 3968 575 4030 ad
605 3966 918 4049 perpendicularem,
951 3976 987 4029 ut
1017 3966 1117 4030 cadat
1146 3964 1271 4048 species
1307 3961 1412 4025 fracta
1447 3962 1538 4024 inter

381 4072 543 4134 incessum
567 4081 692 4135 rectum
716 4082 750 4134 et
773 4069 1078 4154 perpendicularem
1100 4069 1287 4134 ducendam
1309 4088 1330 4130 a
1352 4057 1427 4130 loco
1450 4065 1536 4129 frac-

381 4175 490 4254 tionis,
504 4176 560 4258 qui
576 4187 626 4240 est
642 4176 758 4239 mundi
772 4177 935 4240 diameter
949 4176 981 4238 in
999 4174 1062 4239 hac
1079 4184 1181 4258 parte.

212 4277 356 4327 Norefrac-
427 4278 617 4345 Secundum
647 4292 759 4345 autem
788 4280 1017 4344 Ptolemaeum
1048 4290 1082 4344 et
1109 4278 1259 4343 Alhazen
1286 4286 1418 4358 oportet
1449 4274 1538 4339 scire

212 4344 342 4473 {liegii
381 4386 529 4448 secundo
556 4386 647 4467 quod
670 4404 737 4448 non
756 4384 794 4448 fit
816 4384 933 4448 fractio
957 4384 989 4446 in
1012 4382 1186 4467 superficie
1208 4384 1303 4459 aeris,
1319 4381 1375 4464 qui
1399 4380 1539 4462 proprie

212 4475 295 4589 ’ἐξὲξ
305 4474 361 4524 ‘¹²¹‘
382 4488 501 4554 dicitur
510 4491 763 4567 aer,secundum
772 4489 862 4572 quod
871 4488 1103 4571 distinguimus
1114 4507 1223 4550 aerem
1235 4486 1277 4549 ab
1288 4486 1373 4569 igne,
1381 4506 1456 4549 cum
1464 4504 1538 4548 non

294 4578 301 4590 ⁵
381 4593 566 4657 inveniatur
577 4593 688 4675 aliqua
699 4594 873 4657 diversitas
890 4602 1044 4674 aspectus
1058 4592 1160 4656 nostri
1178 4590 1304 4656 causari
1321 4590 1384 4653 nisi
1399 4600 1540 4672 propter

381 4697 511 4758 unicam
523 4695 716 4761 fractionem
728 4698 912 4781 specierum
923 4697 1123 4761 venientium
1136 4716 1156 4760 a
1170 4695 1275 4761 stellis
1288 4716 1346 4779 per
1358 4692 1538 4777 sphaeram
