3542 5359
385 615 580 676 Monstris
604 618 923 678 PHILOSOPHIA:
949 621 1062 679 PARS
1086 622 1271 694 QUARTA.
1344 623 1404 701 367

255 781 366 860 generi
396 781 618 865 cognitionem
647 782 721 846 viae
749 783 874 858 salutis,
897 804 974 848 cum
1005 805 1121 849 omnes
1148 785 1299 850 homines
1326 787 1406 851 velit

255 884 364 949 salvos
379 883 449 948 lieri
464 887 646 950 secundum
661 886 877 970 Apostolum.
917 888 963 951 Et
978 909 1038 954 sua
1057 889 1187 954 bonitas
1203 889 1330 953 infinita
1344 902 1405 966 est,

257 1001 395 1071 propter
421 993 512 1072 quod
542 990 675 1073 reliquit
704 1013 836 1075 semper
863 993 1054 1058 hominibus
1084 995 1202 1058 modos
1232 1015 1292 1078 per
1320 1013 1405 1077 quos

255 1092 481 1159 illuminentur
513 1096 557 1159 ad
590 1096 856 1179 cognoscendum
891 1098 961 1160 vias
994 1099 1151 1162 veritatis.
1207 1098 1406 1164 Aristoteles

256 1199 391 1281 quidem
411 1200 443 1261 in
459 1219 520 1262 sua
535 1199 674 1263 Politica
690 1201 861 1264 descendit
877 1202 920 1264 ad
935 1203 1062 1283 species
1077 1214 1252 1282 sectarum,
1272 1213 1306 1268 et
1324 1205 1405 1266 dicit

255 1303 347 1385 quod
378 1305 449 1386 ipse
478 1303 549 1368 vult
579 1304 786 1368 considerare
815 1306 858 1368 de
888 1307 984 1369 sectis
1014 1317 1047 1369 et
1078 1305 1206 1391 iegibus
1232 1309 1404 1372 civitatum

255 1419 399 1491 quatuor
427 1407 480 1471 vel
512 1409 660 1491 quinque
681 1407 890 1491 simplicium,
913 1420 947 1474 et
971 1411 1083 1474 vider'e
1107 1431 1193 1494 quae
1220 1411 1310 1495 leges
1333 1432 1406 1476 cor·

257 1523 411 1595 rumpant
433 1513 583 1577 civitates
600 1524 635 1576 ct
656 1533 767 1595 regna,
782 1524 817 1578 et
844 1533 932 1596 quae
963 1535 1037 1578 non.
1084 1516 1242 1597 Dicitque
1263 1527 1406 1599 quatuor

256 1617 308 1680 vei
330 1617 478 1700 quinque
499 1616 664 1699 simplices
685 1637 757 1682 esse
779 1627 886 1681 sectas
910 1629 1093 1702 corruptas,
1114 1621 1287 1684 intendens
1313 1620 1403 1701 quod

257 1733 348 1786 secta
375 1722 427 1785 vei
452 1721 510 1786 lex
536 1722 657 1787 dicitur
681 1722 823 1804 simplex
851 1734 987 1804 propter
1010 1723 1120 1805 legem
1151 1725 1345 1809 simplicem,
1371 1735 1405 1788 et

258 1827 440 1908 composita
452 1836 588 1910 propter
596 1825 696 1890 finem
707 1829 937 1909 compositum,
949 1829 1027 1910 quia
1039 1828 1146 1891 omnis
1158 1839 1250 1893 secta
1261 1830 1405 1892 variatur

257 1933 437 1994 secundum
460 1931 685 1996 conditionem
709 1931 793 2006 finis,
815 1943 853 1994 ut
880 1933 979 1995 docet
1002 1931 1227 2012 Aipharabius
1259 1934 1291 1995 in
1322 1932 1405 1995 libro

258 2035 311 2098 De
336 2032 495 2113 Scientiis,
518 2055 692 2119 exponens
718 2036 917 2101 sententiam
941 2036 1134 2100 Aristotelis
1156 2037 1242 2101 circa
1265 2047 1373 2100 sectas
1384 2033 1404 2096 ¹.

257 2139 383 2222 istique
414 2139 497 2203 lines
526 2139 694 2222 simplices
724 2141 907 2204 secundum
940 2138 1195 2222 Aipha'rabium,
1218 2140 1405 2204 evidentius

255 2256 368 2308 tamen
392 2244 575 2308 secundum
604 2243 769 2320 Boetium,
791 2245 893 2308 tertio
917 2246 960 2308 de
992 2243 1229 2310 Consolatione
1256 2244 1406 2308 Philoso-

254 2348 363 2429 phiae,
377 2360 478 2423 sunt3
510 2347 685 2431 Voluptas,
701 2349 858 2423 Divitiae,
883 2348 1011 2425 Honor,
1037 2349 1199 2426 Potentia,
1222 2349 1326 2412 Fama
1349 2369 1406 2412 seu

256 2451 371 2515 Gloria
387 2451 531 2515 nominis
539 2448 560 2516 ².

302 2553 346 2616 Et
366 2575 453 2617 nunc
475 2554 622 2618 recitabo
644 2557 841 2640 principales
861 2558 1012 2622 nationes
1034 2558 1123 2639 apud
1140 2578 1223 2640 quas
1237 2558 1407 2621 variantur
1420 2569 1474 2619 The
1486 2587 1522 2620 re-

256 2670 366 2722 sectae
392 2679 451 2741 per
480 2660 640 2723 mundum
667 2680 735 2741 quo
765 2663 866 2728 modo
892 2673 1028 2728 currunt
1052 2672 1088 2726 ut
1122 2673 1209 2738 sunt,
1238 2661 1407 2739 Saraceni,
1420 2635 1560 2752 {ffinjrffi

258 2763 398 2842 Tartari,
421 2762 555 2845 Pagani,
583 2764 791 2838 idololatrae,
815 2766 944 2847 Judaei‚
972 2766 1161 2830 Christiani.
1208 2766 1286 2830 Non
1318 2767 1405 2829 enim

255 2878 333 2930 sunt
370 2866 480 2949 pluras
517 2879 627 2930 sectae
664 2869 870 2953 principales,
892 2890 953 2934 nec
976 2881 1114 2953 possunt
1138 2891 1211 2934 esse
1234 2889 1338 2951 usque
1362 2870 1405 2933 ad

255 2983 381 3035 sectam
415 2971 649 3037 Antichristi³.
710 2973 830 3038 sectae
863 2986 975 3039 autem
1014 2976 1219 3057 compositae
1252 2983 1328 3038 sunt
1361 2994 1406 3036 ex

255 3077 411 3142 omnibus
433 3078 514 3154 istis,
529 3076 581 3141 vei
603 3087 748 3161 quatuor
769 3080 963 3163 quibusque,
978 3079 1031 3144 vel
1054 3080 1169 3158 tribus,
1191 3079 1244 3144 vei
1266 3079 1406 3154 duobus,

254 3181 435 3246 secundum
452 3183 597 3246 diversas
612 3184 885 3249 combinationes.

300 3285 368 3350 Sed
394 3299 525 3369 praeter
550 3288 612 3352 hos
638 3286 721 3352 fines
748 3301 798 3352 est
827 3289 921 3364 alius,
947 3290 1071 3356 scilicet
1101 3288 1243 3353 felicitas
1272 3289 1406 3351 alterius
1419 3301 1495 3352 Their

254 3391 352 3468 vitae,
367 3367 470 3474 quani
482 3392 601 3455 diversi
623 3392 844 3458 diversimode
858 3407 1021 3477 quaerunt
1036 3406 1070 3459 et
1086 3395 1273 3458 intendunt.
1318 3391 1407 3475 Quia
1420 3382 1524 3497 33ζὲ

254 3496 390 3576 quidam
414 3505 542 3577 ponunt
565 3496 651 3560 hanc
674 3498 707 3560 in
730 3496 857 3562 deliciis
885 3500 1040 3583 corporis,
1063 3501 1199 3582 quidam
1224 3499 1256 3561 in
1281 3497 1407 3561 deliciis
1419 3499 1549 3548 ti01¹⁵0s³

254 3599 395 3678 animae,
423 3601 561 3682 quidam
594 3601 627 3663 in
661 3602 786 3667 deliciis
812 3603 991 3687 utriusque.
1036 3603 1160 3670 Adhuc
1190 3613 1267 3668 sunt
1297 3613 1406 3670 sectae
1421 3565 1500 3615 future
1512 3564 1562 3613 hse‘

288 3801 296 3831 ¹
313 3801 370 3850 Tite
381 3803 513 3852 reference
524 3803 547 3852 is
558 3810 585 3851 to
596 3803 640 3852 the
653 3803 709 3854 fifth
726 3805 835 3867 chapter
845 3805 876 3853 of
883 3803 1064 3866 Alpbarabius'
1076 3805 1151 3853 short
1162 3804 1235 3852 work
1247 3803 1285 3852 Dr
1295 3804 1407 3853 Scrintai's

256 3882 312 3940 (see
329 3888 399 3940 note,
410 3882 460 3930 voi.
472 3882 489 3931 i.
505 3883 618 3943 p.101):
642 3883 822 3932 ‘Universalis
838 3883 948 3931 scientia
964 3884 1068 3945 inquirit
1085 3885 1118 3940 de
1135 3882 1272 3944 speciebus
1289 3885 1405 3932 acciden-

253 3960 317 4008 tium
335 3966 362 4008 et
378 3960 592 4010 consuetudinum
611 3961 789 4021 voluntarium,
810 3971 838 4011 et
859 3963 893 4010 de
915 3962 1044 4010 habitibus
1064 3969 1090 4009 et
1111 3961 1222 4010 motibus
1244 3968 1272 4008 et
1292 3962 1406 4022 gestibus

252 4054 269 4086 a
285 4039 379 4100 quibus
394 4040 539 4102 procedunt
555 4040 613 4089 iliae
629 4041 749 4090 actiones
761 4049 787 4088 et
802 4041 1012 4101 consuetudines,
1025 4048 1051 4088 et
1066 4042 1100 4089 de
1117 4040 1211 4088 linibus
1228 4047 1334 4102 propter
1344 4056 1406 4102 quas

254 4118 322 4166 sint.
336 4155 342 4166 .
356 4154 361 4165 .
373 4125 400 4166 et
418 4133 453 4166 ea
469 4117 564 4168 tinibus
577 4126 685 4181 propter
694 4134 760 4182 quas
777 4120 843 4168 flunt
858 4120 992 4180 distinguit
1009 4119 1125 4168 actiones
1141 4134 1208 4180 quae
1224 4125 1286 4167 sunt
1303 4119 1329 4166 in
1347 4135 1403 4180 usu,

253 4205 280 4244 et
296 4195 463 4245 declarantm
478 4211 546 4258 quae
562 4213 596 4246 ex
615 4198 654 4246 eis
670 4213 732 4246 vere
750 4206 812 4248 sunt
830 4198 970 4254 beatitudo,
995 4205 1021 4244 et
1042 4203 1173 4258 putantur,
1192 4212 1250 4245 cunr
1270 4211 1321 4245 non
1344 4198 1404 4254 sint,

253 4275 392 4325 beafiurdm
403 4311 410 4324 .
422 4312 430 4325 .
442 4311 449 4324 .
460 4275 535 4336 Quae
550 4284 636 4326 autem
654 4285 776 4339 putantur
790 4277 922 4326 beatimdo
939 4283 967 4324 et
984 4291 1035 4324 non
1052 4283 1121 4335 sunt,
1134 4282 1194 4324 sunt
1211 4275 1278 4324 sicut
1288 4276 1404 4335 victoria,

252 4362 280 4401 et
291 4355 380 4417 gloria,
393 4363 422 4404 et
433 4355 602 4404 dilectiones!

288 4433 297 4460 ²
312 4433 351 4482 Cf.
365 4433 463 4483 Comei.
475 4434 654 4498 Philosophiae,
670 4434 715 4484 lib.
727 4434 762 4483 iii.
781 4433 862 4482 Prosa
879 4449 902 4481 a
939 4432 1045 4482 ‘Habes
1061 4441 1122 4481 ante
1141 4432 1230 4481 oculos
1248 4433 1405 4495 propositam

253 4512 309 4560 fere
320 4512 427 4560 formam
438 4511 567 4562 felicitatis
577 4513 705 4561 humanae
714 4529 722 4568 ς
732 4527 805 4573 opes,
819 4511 940 4566 bonores,
955 4511 1106 4573 potentiam,
1115 4511 1230 4572 gloriam,
1242 4509 1406 4574 voluptatea’

285 4588 296 4617 ⁸
313 4589 382 4636 Both
395 4589 474 4641 lass,
485 4590 552 4639 bave
563 4591 741 4639 Christianam
775 4591 827 4639 But
839 4589 849 4638 l
862 4589 937 4638 tbinlr
953 4593 973 4638 it
988 4605 1019 4638 so
1035 4591 1132 4638 certain
1150 4591 1206 4638 that
1222 4589 1310 4638 Bacon
1322 4597 1406 4638 wrote

252 4667 415 4732 Antichristi,
429 4670 485 4718 that
498 4669 508 4718 i
521 4670 587 4719 bare
599 4670 725 4719 venturcd
736 4678 764 4719 to
775 4670 857 4718 insert
868 4669 888 4718 it
900 4669 926 4717 in
938 4669 983 4718 the
994 4677 1058 4718 teat.
