3542 5359
425 604 620 663 MORAHS
645 604 962 676 PHILOSOPHIA:
997 605 1112 664 PARS
1139 605 1304 664 TERTIA.
1381 620 1441 683 347

290 812 297 827 .
329 814 336 826 .
369 813 376 826 .
400 765 556 829 ‘Vestras
582 764 877 830 hallucinationes¹
906 764 974 829 lero
1001 765 1283 848 quemadmodum
1310 766 1440 849 Jupiter

288 869 435 952 optimus
459 870 627 933 maximus
650 871 793 952 ineptias
815 879 1001 951 poetarum,
1022 889 1163 951 quorum
1191 869 1276 933 alius
1303 870 1348 933 illi
1368 869 1439 933 alas

289 975 456 1056 imposuit,
472 975 556 1037 alius
571 994 703 1047 cornua,
720 972 807 1036 alius
821 973 1008 1038 adulterum
1025 972 1118 1037 illum
1134 975 1267 1038 induxit
1283 1022 1291 1037 .
1308 1021 1316 1036 .
1335 970 1353 1038 .'

332 1081 339 1108 ‘
353 1078 442 1143 Ecce
458 1078 613 1143 Socrates
625 1098 669 1140 ex
685 1076 742 1141 illo
753 1097 883 1142 carcere
893 1099 992 1160 quem
1003 1078 1158 1142 intrando
1170 1081 1320 1162 purgavit
1332 1078 1437 1142 omni·
1451 1099 1490 1148 De
1502 1099 1562 1150 vna

286 1203 352 1264 que
378 1182 602 1246 honestiorem
632 1182 722 1244 curia
748 1180 904 1260 reddidit,
926 1179 1120 1262 proclamat,
1143 1180 1227 1263 Quis
1251 1182 1313 1244 iste
1340 1165 1536 1295 suroncssffl
1564 1247 1576 1280 2

286 1306 371 1366 quae
389 1285 452 1348 ista
468 1285 601 1348 inimica
617 1283 692 1349 Deo
710 1283 904 1366 hominique
925 1294 1042 1347 natura
1057 1293 1108 1347 est
1125 1282 1283 1347 infamare
1297 1285 1436 1348 virtutes
1546 1267 1552 1294 '

286 1401 320 1454 et
346 1387 500 1472 malignis
525 1390 732 1453 sermonibus
756 1399 873 1451 sancta
896 1387 1045 1451 violare?
1099 1387 1135 1452 Si
1165 1389 1304 1471 potestis
1331 1390 1437 1453 bonos

286 1492 440 1568 landate3
466 1494 494 1555 si
517 1494 626 1556 minus
648 1493 798 1556 transite.
845 1489 946 1573 Quod
970 1491 996 1554 si
1018 1492 1113 1555 vobis
1136 1511 1291 1556 exercere
1314 1502 1434 1555 tetram

285 1598 382 1660 istam
413 1595 580 1660 licentiam
608 1596 727 1679 placet,
752 1595 836 1659 alter
865 1596 899 1657 in
931 1595 1070 1658 alterurn
1101 1597 1299 1660 incursitate.
1346 1595 1435 1658 Nam

285 1720 362 1764 cum
393 1700 427 1762 in
456 1700 586 1763 coelum
616 1700 775 1774 insanitis,
802 1719 869 1762 non
897 1699 974 1762 dico
1004 1698 1211 1782 sacrilegium
1234 1697 1349 1773 facitis,
1376 1700 1435 1762 sed

284 1823 420 1886 operam
437 1805 621 1886 perditis..
639 1849 647 1864 .
665 1803 806 1865 Produci
821 1803 909 1866 enim
926 1803 1040 1866 virtuti
1059 1813 1092 1866 et
1113 1804 1270 1885 temptari
1288 1805 1436 1886 expedit,

285 1928 344 1970 nec
372 1907 429 1970 ulli
459 1909 565 1990 magis
594 1906 781 1988 intelligunt
811 1919 936 1989 quanta
963 1907 1017 1987 sit,
1039 1925 1141 1988 quam
1165 1908 1221 1988 qui
1246 1908 1333 1970 vires
1363 1907 1435 1990 ejus

282 2010 475 2075 lacessendo
511 2021 691 2076 senserunt.
750 2011 881 2074 Duritia
918 2011 1017 2075 silicis
1053 2009 1152 2074 nullis
1191 2012 1298 2094 magis
1333 2030 1433 2093 quam

282 2114 476 2179 ferientibus
507 2127 585 2180 nota
615 2125 674 2178 est.
721 2113 868 2178 Praebeo
900 2135 953 2178 me
983 2134 1049 2179 non
1080 2114 1177 2178 aliter
1205 2135 1306 2197 quarn
1337 2135 1434 2198 rupes

283 2221 394 2302 aliqua
417 2222 450 2282 in
473 2220 601 2283 undoso
625 2222 706 2282 mari
729 2221 900 2299 destituta,
921 2239 1022 2301 quam
1046 2218 1166 2282 fluctus
1187 2239 1253 2282 non
1277 2219 1433 2284 desinunt

283 2325 427 2408 undique
442 2324 626 2401 verberare,
641 2345 701 2388 nec
717 2325 793 2389 ideo
808 2336 866 2389 aut
888 2325 962 2387 loco
978 2344 1051 2387 eam
1069 2333 1205 2387 movent
1224 2335 1281 2387 aut
1302 2343 1361 2406 per
1381 2335 1433 2389 tot

282 2440 410 2491 aetates
432 2430 548 2492 crebro
571 2429 701 2493 incursu
723 2449 786 2492 suo
808 2439 1016 2493 consumunt
1070 2427 1225 2505 Adsilite,
1248 2427 1346 2491 lacite
1369 2430 1431 2492 im-

281 2542 406 2613 petum.
462 2533 610 2597 ferendo
639 2554 699 2596 vos
727 2535 868 2598 vincam.
925 2535 963 2596 ln
991 2551 1139 2615 eaquae
1162 2532 1256 2596 firma
1279 2544 1313 2596 et
1337 2533 1432 2596 inex·

281 2637 482 2719 superabilia
497 2650 582 2716 sunt,
597 2640 754 2722 quicquid
772 2639 906 2703 incurrit
922 2637 1011 2701 malo
1026 2657 1088 2702 suo
1098 2639 1167 2700 vim
1179 2657 1274 2700 suam
1287 2648 1430 2702 exercet.
1490 2713 1496 2723 ι

283 2739 425 2805 Proinde
447 2743 595 2824 quaerite
615 2743 761 2826 aliquam
781 2743 918 2806 mollem
938 2742 1178 2824 cedentemque
1197 2743 1381 2815 materiam,
1398 2743 1431 2805 in

282 2865 347 2927 qua
363 2846 429 2910 tela
448 2839 586 2934 [vestra]
603 2847 756 2930 figantur.
797 2847 904 2912 Vobis
922 2859 1035 2912 autem
1051 2854 1147 2909 vacat
1165 2843 1272 2908 aliena
1293 2848 1430 2910 scrutari

281 2948 369 3014 mala
388 2961 422 3014 et
440 2954 618 3015 sententias
632 2953 716 3016 serre
731 2954 774 3015 de
789 2957 982 3034 quoquam?
1012 2971 1113 3034 quare
1134 2950 1189 3013 hic
1211 2950 1429 3032 philosophus

280 3053 389 3117 laxius
411 3054 551 3134 habitat,
573 3076 675 3138 quare
697 3056 750 3120 hic
773 3055 894 3119 lautius
917 3061 1057 3120 coenat?
1087 3055 1227 3137 papulas
1248 3056 1429 3122 observatis

280 3157 413 3236 alienas,
428 3160 528 3223 obsiti
544 3161 694 3243 plurimis
710 3162 898 3224 ulceribus?
945 3161 1022 3224 Hoc
1038 3159 1104 3223 tale
1119 3170 1169 3223 est
1185 3158 1283 3241 quale
1303 3161 1331 3223 si
1353 3161 1428 3242 quis

280 3261 575 3343 pulcherrimorum
591 3285 766 3348 corporum
782 3285 904 3329 naevos
919 3275 977 3329 aut
989 3284 1141 3328 verrucas
1156 3265 1315 3338 derideat,
1327 3285 1427 3348 quem

278 3365 346 3430 fera
360 3367 488 3431 scabies
503 3371 702 3453 depascitur.
748 3371 894 3451 Objicite
917 3368 1048 3432 Platoni
1067 3371 1156 3450 quod
1178 3370 1308 3451 petierit
1328 3392 1426 3454 pecu·

278 3471 375 3547 niam,
398 3471 573 3537 Aristoteli
596 3476 687 3557 quod
710 3476 882 3556 acceperit,
907 3474 1099 3538 Democrito
1120 3475 1211 3556 quod
1235 3474 1428 3557 neglexerit,

280 3575 425 3660 Epicuro
454 3581 544 3660 quod
574 3582 824 3663 consumpserit.
879 3579 965 3642 Mihi
995 3578 1057 3660 ipsi
1087 3577 1222 3641 asscm²
1251 3578 1426 3660 objectate.

279 3680 310 3743 Ο
326 3701 386 3744 vos
402 3684 548 3746 maxime
566 3683 677 3747 felices
696 3704 772 3748 cum
791 3686 934 3768 primum
951 3686 1045 3748 vobis
1068 3683 1189 3746 imitari
1212 3685 1293 3747 vitia
1314 3694 1426 3748 nostra

276 3785 469 3868 contigerit!
514 3785 605 3869 Quin
629 3789 741 3870 potius
761 3790 850 3852 mala
869 3799 979 3852 vestra
996 3788 1246 3871 circumspicite,
1260 3808 1346 3869 quae
1365 3809 1425 3854 vos

275 3898 319 3952 ab
342 3894 432 3953 omni
456 3903 551 3973 parte
572 3894 777 3969 confodiunt,
792 3893 856 3957 alia
878 3894 1061 3974 grassantia
1084 3893 1298 3970 extrinsecus,
1312 3894 1377 3957 alia
1392 3898 1425 3958 in

275 3995 453 4058 visceribus
475 3997 555 4078 ipsis
577 3998 774 4062 ardentiai.
797 4044 804 4060 .
827 4047 835 4060 .
859 3995 949 4080 Quid
967 4002 1090 4080 porro?
1109 4016 1175 4060 non
1191 4017 1277 4060 nunc
1292 4019 1425 4082 quoque

274 4099 376 4162 etiam
392 4101 420 4161 si
436 4121 552 4183 parum
567 4105 699 4165 sentitis
713 4104 812 4167 turbo
830 4105 967 4185 quidam
990 4102 1118 4164 animos
1133 4111 1262 4164 vestros
1284 4113 1369 4169 rotat
1390 4117 1425 4170 et

275 4203 414 4266 involvit
428 4203 594 4288 fugientes
608 4217 824 4290 petentesque
840 4204 977 4271 eadem!

569 4419 577 4446 ¹
596 4419 792 4478 mninationes,
800 4423 848 4480 pro
858 4417 1082 4478 hallucinationes,
1095 4417 1127 4468 0.

567 4499 577 4526 ²
594 4499 696 4547 Seneca
707 4499 762 4559 has,
774 4497 933 4547 Alcibiadem
945 4505 972 4546 ct
984 4497 1136 4548 Phaedrum.
