3542 5359
360 582 422 661 388
574 587 731 648 OPERIS
753 589 942 660 MAJORIS
965 591 1080 651 PARS
1105 593 1303 653 SEPTIMA.

361 749 489 831 dicitur,
500 754 542 817 de
555 774 624 836 quo
636 754 786 836 superius
802 763 929 818 tactum
942 765 992 820 est
1006 757 1038 819 in
1055 757 1101 820 eis
1116 777 1203 840 quae
1218 759 1260 821 de
1278 757 1376 821 Locis
1393 756 1514 822 Mundi

361 853 451 920 dicta
476 868 563 933 sunt,
585 859 779 924 convocavit
803 858 937 925 fratrem
965 859 1167 925 Gulielmum
1198 862 1405 944 praedictum
1436 882 1514 926 cum

361 957 568 1042 Christianis,
578 973 613 1027 et
626 961 808 1028 Saracenos
819 975 852 1029 et
866 964 1074 1040 Idololatrea,
1084 976 1120 1029 ut
1132 967 1337 1048 disputarent
1348 969 1391 1032 de
1402 967 1513 1031 sectis.

361 1062 408 1128 Et
432 1066 610 1134 Christiani
634 1080 668 1134 et
692 1069 850 1134 Saraceni
873 1071 988 1134 statim
1012 1069 1224 1134 convicerunt
1248 1070 1457 1148 idololatras,
1477 1079 1512 1134 et

359 1180 485 1236 sectam
500 1195 596 1239 suam
615 1182 865 1250 evacuaverunt,
880 1174 967 1237 sicut
981 1175 1082 1238 irater
1097 1173 1281 1238 Gulielmus
1297 1174 1330 1237 in
1351 1195 1412 1238 suo
1427 1175 1513 1238 libro

359 1275 476 1340 recitat
507 1278 655 1342 Domino
687 1277 858 1342 Ludovico
892 1277 1008 1340 illustri
1040 1277 1107 1361 regi
1140 1278 1351 1352 Francorum,
1375 1280 1417 1342 de
1443 1299 1513 1361 quo

357 1382 508 1463 superius
519 1393 570 1448 est
582 1392 746 1448 notatum.
779 1381 825 1445 Et
837 1381 916 1464 quia
930 1382 1090 1464 spurcitia
1100 1382 1308 1464 Paganorum
1320 1391 1354 1445 et
1367 1381 1513 1446 ldolola-

356 1495 482 1551 trarum
514 1488 689 1553 manifesta
719 1499 778 1563 est,
801 1487 877 1550 ideo
907 1506 973 1549 non
1004 1495 1137 1568 oportet
1167 1486 1240 1568 plus
1268 1487 1435 1551 immorari
1466 1487 1511 1550 ad

357 1612 522 1673 praesens.

188 1701 330 1751 Theclam
402 1696 564 1778 Quamvis
587 1717 666 1760 vero
689 1695 819 1760 Tartari
846 1715 949 1758 unum
976 1715 1090 1759 verum
1114 1694 1225 1757 Deum
1252 1693 1372 1763 colant,
1397 1704 1511 1758 tamen

188 1767 245 1814 ofP
312 1783 325 1816 s

186 1831 259 1880 andl
280 1833 334 1883 ola·

184 1904 236 1946 ters
247 1912 306 1962 may

187 1963 218 2010 be
230 1963 280 2012 dis-

186 2028 278 2078 missed
289 2039 316 2080 at

186 2109 257 2144 once.

357 1798 571 1865 nihilominus
582 1800 749 1864 declinant
760 1800 802 1862 ad
816 1799 1056 1864 Idololatriam.
1088 1798 1177 1862 Nam
1190 1799 1300 1880 ignem
1312 1806 1513 1862 venerantur

357 1905 529 1969 credentes
553 1905 666 1969 omnia
690 1905 823 1986 purgari
849 1914 883 1967 et
907 1903 1034 1986 expiari
1061 1923 1120 1984 per
1145 1922 1230 1966 eum.
1277 1901 1377 1966 Unde
1402 1911 1511 1964 trans·

357 2008 484 2072 ducunt
500 2007 585 2073 filios
599 2030 678 2073 suos
693 2029 752 2092 per
767 2010 877 2090 ignem
901 2017 935 2072 et
956 2007 1093 2071 nuncios
1108 2015 1141 2070 et
1158 2026 1303 2071 munera.
1349 2003 1512 2070 Similiter

355 2110 456 2175 limen
482 2115 601 2177 domus
628 2112 812 2188 celebrant3
843 2132 921 2175 nam
944 2111 1131 2193 quicunque
1157 2109 1263 2175 calcat
1286 2131 1385 2192 super
1409 2108 1510 2171 limen

355 2217 454 2278 morti
479 2218 718 2281 condemnatur
727 2215 749 2280 ¹.
796 2217 897 2281 Unde
921 2214 1073 2277 similiter
1097 2213 1208 2278 Azotii
1236 2234 1303 2276 non
1333 2213 1509 2278 calcabant

353 2339 452 2401 super
474 2320 576 2383 limen
596 2318 712 2401 templi
737 2320 867 2401 Dagon,
883 2318 992 2402 primo
1009 2319 1140 2400 Regum
1157 2319 1284 2401 quinto.
1331 2318 1509 2380 Praeterea

321 2491 325 2497 ,
354 2423 416 2504 ipsi
443 2445 510 2487 non
537 2424 662 2488 habent
687 2424 878 2488 sacerdotes
904 2423 968 2486 nisi
996 2423 1214 2505 philosophos
1240 2423 1297 2505 qui
1322 2423 1421 2486 etiam
1448 2421 1508 2483 de·

353 2527 478 2591 clinant
493 2529 536 2592 ad
552 2538 640 2591 artes
653 2528 808 2609 magicas,
821 2537 854 2592 et
871 2537 1008 2592 utuntur
1020 2528 1186 2609 responsis
1202 2528 1410 2600 daemonum,
1421 2525 1508 2588 sicut

353 2631 492 2696 docetur
508 2632 540 2695 in
556 2630 641 2695 libro
655 2633 698 2696 de
714 2631 859 2695 moribus
875 2652 1000 2708 eorum,
1016 2641 1050 2695 et
1070 2631 1133 2694 hoc
1154 2640 1280 2696 certum
1296 2639 1357 2694 est.
1404 2630 1509 2694 Unde

354 2735 599 2818 philosophiam
624 2757 691 2800 non
721 2737 970 2814 transcendunt,
1001 2737 1070 2799 sive
1095 2755 1207 2799 veram
1238 2736 1307 2800 sive
1331 2735 1507 2819 magicam.

352 2838 421 2904 Sed
444 2861 544 2922 supra
567 2839 718 2905 habitum
745 2850 796 2904 est
820 2840 910 2920 quod
942 2839 1151 2922 philosophia
1178 2848 1228 2904 est
1255 2841 1342 2903 circa
1366 2848 1507 2903 sectam.

353 2943 441 3007 Nam
464 2944 627 3025 perlectus
651 2945 684 3006 in
707 2943 872 3025 sapientia
895 2943 1125 3026 philosophiae
1148 2953 1198 3007 est
1221 2955 1371 3026 respectu
1395 2954 1508 3008 sectae

351 3047 546 3111 revelandae
569 3049 653 3111 sicut
680 3067 761 3128 puer
786 3047 939 3110 indoctus
965 3057 1116 3129 respectu
1138 3048 1284 3110 hominis
1312 3047 1446 3130 perlecti
1471 3048 1506 3112 in

350 3151 513 3230 sapientia
542 3149 781 3234 philosophiae,
812 3152 898 3214 sicut
930 3151 1078 3234 superius
1107 3161 1157 3215 est
1188 3153 1355 3216 edoctum.
1412 3151 1506 3234 Ergo

351 3253 564 3317 manifestum
594 3263 645 3318 est
674 3255 765 3338 quod
795 3254 1010 3318 Tartarorum
1035 3264 1126 3318 secta
1153 3275 1218 3318 non
1249 3266 1299 3320 est
1324 3254 1505 3338 illaquam

349 3357 549 3437 quaerimus,
565 3365 599 3421 et
614 3356 677 3421 hoc
693 3358 826 3439 ipsimet
842 3358 997 3424 latentur.
1034 3358 1124 3422 Nam
1141 3357 1308 3442 praelatus
1323 3360 1505 3441 imperator

349 3458 567 3524 Tartarorum
590 3460 756 3525 consessus
779 3471 830 3525 est
853 3473 978 3526 sectam
1007 3461 1266 3527 Christianorum
1289 3465 1361 3528 dari
1384 3485 1404 3528 a
1429 3464 1505 3528 Deo

349 3572 384 3628 et
399 3583 471 3626 esse
487 3565 658 3646 optimam.
699 3565 744 3628 Et
759 3566 884 3630 faciunt
900 3567 1013 3630 instrui
1030 3565 1114 3630 filios
1129 3587 1206 3630 suos
1222 3567 1253 3630 in
1272 3567 1454 3650 Evangelio
1470 3578 1505 3632 et

348 3666 418 3729 vita
448 3678 649 3745 sanctorum,
671 3678 705 3731 et
734 3669 897 3750 recipiunt
923 3690 1045 3752 aquam
1076 3671 1286 3735 benedictam
1312 3681 1346 3734 et
1369 3692 1504 3736 crucem

350 3780 384 3833 et
399 3771 588 3834 sacerdotes
605 3771 810 3836 Christianos
825 3774 961 3854 quando
976 3773 1190 3852 infirmantur,
1206 3775 1296 3838 etad
1320 3795 1377 3838 eos
1393 3796 1505 3840 recur-

348 3883 424 3937 runt
446 3883 605 3955 tanquam
628 3877 671 3938 ad
699 3875 853 3938 ultimum
879 3876 1050 3957 refugium,
1076 3879 1161 3942 sicut
1188 3877 1329 3942 habetur
1356 3879 1389 3940 in
1417 3879 1505 3944 libro

347 3977 389 4040 de
406 3977 551 4040 moribus
573 3997 700 4054 eorum,
714 3987 749 4041 et
768 3987 896 4041 certum
917 3989 968 4043 est
987 4001 1046 4062 per
1061 3981 1310 4063 experientiam.
1356 3983 1446 4046 Nam
1468 3995 1505 4049 et

348 4078 550 4161 imperatrix
572 4080 658 4143 illius
685 4082 893 4162 imperatoris
916 4085 1048 4148 vocavit
1072 4085 1207 4150 iratrem
1236 4084 1440 4150 Gulielmum
1469 4097 1505 4152 et

347 4183 536 4246 sacerdotes
558 4183 764 4249 Christianos
785 4203 862 4247 cum
884 4207 972 4269 aqua
998 4188 1174 4252 benedicta
1197 4198 1231 4252 et
1254 4209 1360 4266 cruce,
1385 4200 1506 4274 petens

380 4449 388 4478 ¹
404 4451 461 4499 The
473 4452 627 4503 Franciscan
637 4455 759 4514 Thomas,
770 4455 831 4503 who
842 4459 1025 4520 accompanied
1037 4459 1193 4522 Rubroquis,
1200 4469 1245 4523 got
1253 4461 1309 4510 into
1320 4463 1423 4512 serious
1437 4465 1504 4514 diffi-

346 4527 437 4576 culties
457 4530 492 4590 by
508 4530 681 4593 accidentally
697 4533 821 4593 touching
839 4534 884 4581 the
905 4535 1042 4585 threshold
1060 4553 1089 4586 as
1108 4539 1142 4586 he
1160 4553 1216 4589 was
1236 4539 1340 4601 leaving
1362 4542 1407 4588 the
1427 4543 1506 4605 royal

346 4619 478 4664 presence.
513 4607 577 4668 (See
590 4623 613 4669 p.
628 4624 678 4671 319
689 4609 718 4658 oi
726 4608 782 4660 R.’s
793 4612 943 4678 narrative.)
