3542 5359
321 661 646 722 PERSPECTIVAE
669 661 783 722 PARS
808 663 1032 723 SECUNDA:
1065 664 1176 723 DIST.
1204 665 1261 722 III.
1342 679 1399 739 119

247 831 399 909 quamvis
419 839 617 894 concurrant
636 830 668 893 in
689 838 837 892 centrum
853 828 953 903 solis;
976 829 1034 891 scd
1051 839 1186 910 propter
1205 829 1397 893 distantiam

247 934 446 1015 superfluam
474 955 541 1000 non
566 935 744 1018 percipitur
768 952 955 1007 concursus,
980 940 1014 996 et
1039 932 1114 996 ideo
1138 933 1292 996 videntur
1315 933 1396 995 radii

246 1039 468 1120 aequidistare
488 1049 522 1102 et
543 1040 680 1102 umbrae
703 1037 861 1100 similiter.
907 1035 993 1099 Cum
1018 1047 1129 1100 autem
1153 1037 1255 1101 homo
1278 1037 1397 1121 aspicit

246 1142 359 1204 stellas
388 1143 552 1219 erraticas,
582 1142 659 1207 licet
690 1150 884 1204 moveantur
915 1142 948 1202 in
977 1140 1069 1203 coelo
1100 1152 1194 1205 motu
1220 1140 1324 1205 veloci
1353 1142 1397 1204 ad

246 1246 462 1326 occidentem,
486 1258 598 1311 tamen
622 1247 757 1330 quando
782 1244 872 1308 visus
901 1245 1018 1327 aspicit
1049 1265 1096 1321 ea,
1122 1247 1278 1309 aestimet
1307 1244 1397 1329 quod

245 1351 420 1430 quiescant
431 1372 491 1416 nec
500 1353 641 1434 percipit
653 1361 789 1414 motum.
822 1349 867 1412 Et
883 1369 983 1412 causa
994 1348 1092 1430 hujus
1104 1357 1164 1427 est,
1174 1351 1252 1431 quia
1264 1358 1398 1432 propter

245 1453 500 1520 immoderatam
527 1456 728 1532 distantiam,
757 1475 825 1517 non
856 1453 997 1535 percipit
1027 1452 1115 1516 visus
1147 1473 1316 1517 accessum
1345 1452 1397 1516 vel

245 1578 409 1623 recessum
431 1580 544 1623 eorum
565 1570 714 1642 respectu
736 1557 874 1638 alicujus
895 1556 964 1629 fixi,
981 1576 1040 1620 nec
1055 1557 1138 1619 situs
1154 1559 1396 1622 diversitatem:

245 1672 281 1726 et
306 1664 381 1727 ideo
408 1665 517 1729 radius
543 1663 679 1728 visibilis
703 1663 870 1747 judicatur
893 1660 1081 1739 immobilis,
1107 1661 1232 1725 habens
1254 1660 1397 1725 eundem

244 1769 346 1831 situm
362 1779 514 1852 respectu
531 1770 586 1844 rei,
599 1779 633 1832 et
645 1770 720 1832 ideo
732 1768 886 1832 aestimat
902 1767 991 1830 visus
1008 1787 1076 1829 rem
1093 1787 1165 1830 esse
1182 1764 1396 1830 immobilem.

292 1871 339 1936 Et
353 1873 485 1955 quando
500 1873 604 1937 homo
618 1873 795 1936 revolvitur
810 1871 942 1955 saepius
958 1871 991 1932 in
1006 1871 1152 1949 circuitu,
1168 1891 1243 1935 cum
1259 1870 1398 1954 quiescit
1411 1880 1517 1930 Illusion
1534 1947 1539 1958 Ι

243 1983 343 2058 putat
365 1979 455 2059 quod
478 1978 565 2041 visus
590 1987 762 2040 moveatur
784 1985 818 2040 et
840 1997 892 2040 res
913 1976 998 2038 aliae
1021 1975 1053 2038 in
1076 1976 1222 2053 circuitu,
1241 1975 1398 2057 quoniam
1411 1946 1559 2075 mgna

245 2091 341 2146 moto
362 2083 495 2147 vidente
519 2093 668 2146 movetur
689 2083 825 2145 interius
848 2081 898 2142 vis
919 2079 1063 2144 visibilis.
1109 2079 1155 2143 Et
1183 2080 1258 2143 licet
1284 2079 1516 2142 vidensm0ti011·

243 2187 384 2263 steterit,
407 2207 472 2249 non
502 2187 616 2252 statim
647 2207 699 2250 res
728 2183 866 2248 vislbilis
895 2184 1008 2262 stabit,
1032 2183 1091 2247 sed
1122 2191 1232 2246 motus
1261 2182 1332 2265 ejus
1366 2183 1399 2245 in

243 2291 389 2356 videntis
417 2293 531 2374 quiete
559 2289 712 2354 durabit:
743 2290 821 2372 quia
850 2287 1006 2352 humores
1030 2286 1116 2351 oculi
1139 2298 1217 2352 sunt
1240 2287 1284 2349 de
1313 2286 1398 2350 sacili

244 2395 395 2471 mobiles,
410 2407 445 2460 et
463 2413 538 2461 cum
558 2395 739 2478 receperint
757 2404 884 2457 motum
907 2393 1050 2456 retinent
1073 2391 1181 2474 ipsum
1205 2391 1296 2463 bene,
1314 2391 1398 2454 sicut

243 2521 333 2582 aqua
350 2510 383 2563 et
398 2500 523 2583 species
539 2501 639 2562 etiam
655 2495 799 2562 visibiles
814 2517 901 2579 quae
916 2507 994 2561 sunt
1012 2517 1149 2579 corpora
1171 2495 1304 2560 subtilia
1322 2505 1398 2559 sunt

243 2602 350 2668 facilis
365 2615 484 2679 motus,
501 2613 536 2668 et
551 2603 659 2687 ipsum
676 2603 758 2666 bene
774 2603 978 2668 continuant.
1022 2601 1112 2665 Nam
1130 2611 1207 2664 sunt
1223 2602 1399 2684 degenere

244 2709 518 2791 evaporationum
534 2718 567 2774 et
583 2709 832 2783 resolutionum,
847 2716 881 2770 et
896 2706 972 2769 ideo
987 2706 1076 2768 visus
1092 2714 1243 2768 movetur
1264 2705 1399 2768 interius

244 2813 434 2895 quiescente
458 2813 531 2895 ipso
550 2813 704 2890 vidente;
728 2823 761 2876 et
784 2813 862 2894 quia
884 2811 973 2873 visus
997 2816 1156 2886 movetur,
1171 2809 1324 2873 aestimat
1347 2829 1399 2872 res

244 2917 333 2980 visas
349 2917 482 2991 moveri,
497 2916 582 2981 sicut
604 2917 686 2982 dicit
702 2914 902 2980 Aristoteles
922 2913 1069 2978 secundo
1093 2901 1186 2977 Coeli
1210 2922 1245 2975 et
1268 2912 1398 2989 Mundi,

243 3031 278 3084 et
301 3017 469 3085 Averroes
492 3032 526 3084 et
551 3020 760 3086 Ptolemaeus
784 3021 816 3082 in
839 3020 984 3082 secundo
1007 3029 1041 3082 et
1063 3017 1216 3081 Alhazen
1240 3017 1274 3078 in
1301 3016 1397 3080 tertio

247 3122 508 3208 Perspectivae¹.
555 3125 601 3189 Et
624 3125 760 3207 quando
782 3124 883 3187 homo
906 3133 956 3187 est
979 3124 1012 3186 in
1032 3123 1107 3186 navi
1131 3131 1231 3200 mota,
1245 3122 1399 3184 videntur

245 3231 275 3292 ei
297 3230 431 3293 arbores
454 3238 488 3293 et
510 3229 574 3294 alia
598 3230 631 3292 in
656 3229 726 3311 ripa
750 3228 883 3306 moveri,
899 3237 934 3291 et
955 3227 1018 3292 hoc
1040 3236 1091 3290 est
1113 3236 1248 3310 propter
1269 3236 1398 3288 motum

244 3333 377 3397 virtutis
400 3334 532 3397 visivae.
579 3333 625 3397 Et
647 3333 794 3396 maxime
814 3353 865 3396 res
890 3332 966 3394 illae
987 3332 1140 3395 videntur
1164 3332 1289 3395 moveri
1311 3351 1399 3413 quae

245 3437 346 3521 longe
363 3446 441 3500 sunt
461 3437 505 3500 ab
527 3437 665 3501 axibus:
689 3455 766 3499 nam
787 3436 815 3498 si
836 3455 919 3500 axes
939 3435 1025 3498 bene
1042 3435 1187 3518 figantur
1205 3455 1304 3518 super
1327 3455 1397 3498 rem

244 3541 465 3624 propinquam
482 3561 595 3626 aquae,
612 3557 678 3605 non
693 3541 823 3604 videtur
838 3539 971 3602 moveri.

277 3696 286 3725 ¹
304 3696 345 3746 Cl'.
356 3695 481 3758 Alhazen,
502 3695 535 3745 iii
555 3710 577 3756 7,
592 3699 605 3754 ἦ
620 3711 665 3756 qo:
690 3695 734 3743 ‘Si
751 3693 809 3755 quis
826 3695 895 3743 enim
915 3695 1020 3756 saepius
1035 3695 1063 3742 ln
1080 3694 1186 3743 circuitu
1202 3694 1321 3754 volvitur,
1338 3709 1396 3743 cum

244 3775 355 3838 quiescit
377 3782 450 3836 putat
477 3775 546 3836 quod
569 3775 681 3836 parietes
704 3781 865 3822 moveantur.
911 3763 944 3821 Et
966 3779 1015 3832 eat,
1043 3761 1165 3834 quoniam
1194 3781 1264 3821 moto
1285 3773 1398 3833 vidente,

244 3859 364 3902 movetur
374 3853 530 3902 intrinsecus
542 3852 580 3900 vis
591 3851 713 3900 visibilis:
731 3860 758 3900 et
769 3852 828 3900 licet
840 3851 932 3900 videns
947 3851 1058 3911 steterit,
1069 3867 1123 3900 non
1138 3860 1225 3900 tamen
1238 3853 1277 3901 via
1294 3853 1399 3901 visibilis

244 3933 333 3992 stabit,
352 3931 398 3980 aed
417 3937 501 3980 motus
521 3931 577 3991 ejus
598 3930 624 3979 in
643 3930 756 3978 videntis
776 3930 862 3991 quiete
884 3931 1002 3985 durabiti
1027 3939 1053 3979 et
1071 3931 1104 3978 ob
1121 3931 1171 3980 hoc
1188 3937 1272 3978 motus
1288 3931 1397 3980 visarum

245 4025 331 4060 renim
353 4010 498 4060 aestimatio
516 4007 641 4070 insurgit'
682 4007 822 4056 Alhazen's
845 4008 914 4057 third
937 4008 1006 4057 book
1027 4007 1050 4056 ia
1073 4009 1169 4070 chiefly
1189 4009 1313 4070 occupied
1333 4010 1397 4058 with

245 4087 341 4151 optical
361 4089 477 4138 illusione
494 4087 524 4136 os
539 4088 584 4136 the
602 4087 664 4136 kind
682 4087 782 4148 spoken
801 4087 830 4135 of
844 4087 870 4134 in
891 4087 944 4135 this
964 4087 1071 4149 chapter
1089 4087 1124 4147 by
1145 4087 1241 4144 Bacon,
1265 4087 1327 4135 who
1350 4087 1397 4136 has

245 4167 359 4216 selected
376 4182 450 4217 some
466 4166 497 4216 os
510 4167 555 4215 the
572 4175 639 4214 most
655 4165 809 4228 significant
842 4165 901 4214 The
917 4165 1026 4227 illusory
1036 4180 1197 4228 appearance
1214 4163 1245 4212 os
1258 4165 1302 4213 the
1319 4179 1396 4213 moon

245 4246 350 4308 moving
367 4245 393 4294 in
411 4245 501 4294 clouds
518 4245 541 4294 ia
557 4245 659 4294 noticed
677 4245 703 4293 in
720 4260 776 4308 cap.
788 4245 820 4306 iv,
838 4248 850 4303 t
871 4259 902 4306 19
918 4245 948 4294 ol
960 4245 1012 4294 this
1028 4244 1105 4294 hook.
1145 4243 1202 4291 The
1219 4243 1352 4291 reference
1370 4251 1397 4291 to

245 4321 370 4373 Aristotle
387 4324 409 4372 ia
425 4323 464 4372 oe
481 4323 558 4386 Coelo,
574 4323 600 4372 ii.
617 4323 643 4384 8,
662 4327 674 4382 ς
691 4323 716 4386 6,
734 4339 750 4372 a
767 4337 877 4385 passage
895 4323 983 4371 which
1001 4321 1023 4370 is
1039 4321 1141 4370 tumber
1156 4319 1291 4370 discusscd
1308 4319 1335 4369 in
1352 4321 1397 4369 the

246 4409 310 4450 next
321 4401 433 4464 chapter.
