3542 5359
344 612 670 674 PERSPECYIVAE
694 613 809 672 PARS
833 612 995 673 PRIMA:
1028 613 1138 673 DIST.
1164 614 1218 672 IV.
1323 629 1365 689 29

215 775 290 859 quia
306 779 451 842 continet
471 778 657 861 portionem
678 776 846 861 sphaerae,
865 780 1017 860 quamvis
1034 780 1117 845 aliae
1137 781 1202 846 sint
1217 781 1364 846 rationes

215 882 255 944 de
278 882 351 959 hoc,
365 883 449 947 sicut
468 884 511 948 de
531 891 605 946 toto
623 881 720 946 oculo
742 893 776 947 et
794 882 942 966 partibus
966 883 1046 967 ejus
1092 886 1221 951 Nervus
1242 897 1363 964 autem,

216 996 252 1049 ut
266 988 347 1051 dicit
362 987 524 1063 Alhazen,
540 1006 639 1069 super
660 1006 760 1069 quem
779 988 989 1069 componitur
1009 988 1134 1067 oculus,
1152 1001 1203 1055 est
1217 990 1364 1055 totaliter

215 1093 353 1173 opticus,
368 1102 406 1155 ut
420 1101 529 1156 currat
540 1091 666 1173 species
683 1091 714 1154 in
727 1112 768 1155 eo
784 1110 889 1173 usque
904 1093 948 1156 ad
959 1094 1140 1169 cerebrum,
1153 1104 1187 1158 et
1201 1104 1366 1176 quatenus

215 1195 340 1277 species
355 1196 400 1259 rei
417 1195 565 1274 visibilis,
577 1209 611 1259 et
627 1194 716 1260 calor
732 1195 891 1260 naturalis
906 1196 937 1259 ei
950 1196 1082 1262 debitus
1098 1207 1133 1262 et
1147 1198 1252 1262 virtus
1267 1198 1365 1279 primi

216 1299 384 1364 sentientis
401 1300 535 1364 veniant
550 1299 650 1364 libere
665 1301 709 1363 ad
725 1300 869 1372 oculum,
885 1310 919 1365 et
935 1301 1010 1365 ideo
1032 1302 1187 1384 opticitas
1206 1312 1257 1366 est
1277 1302 1365 1366 idem

215 1406 305 1487 quod
337 1406 534 1469 concavitas.
592 1403 840 1469 Consolidativa
869 1407 1027 1488 quoniam
1060 1416 1111 1470 est
1142 1407 1297 1482 exterior,
1328 1415 1366 1469 ut

217 1519 396 1591 congreget
418 1518 451 1572 et
474 1519 647 1573 conservet
673 1509 796 1587 omnia,
818 1520 852 1573 et
875 1518 925 1574 est
951 1509 1194 1592 aliquantulum
1220 1510 1364 1586 humida,

215 1624 251 1678 ut
273 1612 389 1677 melius
412 1622 650 1697 praeparentur
676 1612 748 1677 loca
771 1613 957 1678 tunicarum
980 1615 1013 1677 in
1037 1636 1087 1691 ca,
1110 1616 1187 1697 quia
1208 1615 1305 1679 citius
1330 1624 1365 1678 et

215 1716 340 1781 facilius
355 1718 492 1799 capiunt
513 1715 652 1799 figuram
673 1716 737 1781 loci
756 1718 790 1781 in
811 1740 850 1782 ea
869 1728 1004 1801 propter
1024 1719 1197 1783 mollitiem
1216 1739 1317 1801 quam
1337 1720 1365 1783 si

215 1831 299 1887 eset
322 1823 404 1886 dura
415 1842 424 1899 ;
455 1832 489 1885 et
514 1820 623 1886 adhuc
648 1830 699 1885 est
729 1821 874 1899 humida,
901 1833 1030 1888 utnon
1052 1825 1181 1888 accidat
1210 1823 1367 1888 velociter

214 1926 344 1991 siccitas
366 1926 399 1989 iu
420 1926 549 1989 tunicis.
595 1926 641 1991 Et
659 1936 709 1990 est
728 1926 970 2009 aliquantulum
988 1928 1147 1992 retentiva
1162 1939 1197 1993 et
1211 1928 1311 2002 lortis,
1328 1937 1366 1991 ut

215 2041 386 2095 conservet
401 2031 485 2093 situs
506 2041 540 2094 et
560 2029 683 2112 figuras
703 2032 899 2110 tunicarum,
914 2041 1079 2114 quatenus
1098 2051 1163 2096 non
1186 2032 1367 2096 alterentur

215 2135 299 2214 cito;
324 2144 358 2199 et
373 2144 425 2199 est
440 2133 525 2210 alba,
543 2144 579 2199 ut
595 2155 654 2217 per
669 2134 774 2218 ipsam
790 2136 898 2201 lorma
913 2135 1006 2201 faciei
1021 2138 1065 2202 sit
1081 2134 1229 2220 pulchra.

641 2410 866 2477 Carrrucun
885 2411 944 2476 IV.

488 2581 542 2645 De
557 2580 732 2666 palpebris,
748 2582 837 2657 ciliis,
853 2590 887 2646 et
902 2592 976 2647 toto
990 2581 1098 2648 oculo.

260 2758 445 2845 Palpebrae
460 2766 571 2821 autem
587 2766 673 2835 sunt,
689 2765 726 2821 ut
741 2766 936 2822 conservent
948 2757 1082 2822 oculum
1097 2761 1186 2840 apud
1203 2780 1367 2835 somnum,
1381 2767 1493 2832 Eyetids,

218 2875 251 2926 et
266 2873 302 2927 ut
318 2863 443 2927 faciant
459 2860 593 2925 oculum
608 2861 774 2943 quiescere
789 2862 926 2943 quando
946 2859 1105 2945 fatigatur
1119 2882 1140 2925 a
1158 2862 1233 2927 sorti
1248 2865 1367 2946 specie
1380 2833 1471 2885 Μ’

220 2966 265 3031 Et
287 2968 365 3032 licet
387 2967 516 3050 species
538 2966 605 3029 sint
627 2975 831 3048 temperatae
852 2964 972 3041 adhuc,
995 2985 1037 3028 ne
1063 2966 1217 3030 continue
1239 2966 1368 3032 laboret

221 3070 347 3148 oculus,
360 3072 486 3152 indiget
498 3069 666 3133 clausione
678 3068 922 3151 palpebrarum.
958 3068 1002 3132 Et
1014 3069 1165 3133 similiter
1174 3080 1271 3137 nocet
1281 3072 1366 3137 visui

219 3172 329 3239 lumus
346 3183 381 3238 et
396 3172 502 3257 pulvis
517 3183 552 3237 et
566 3172 640 3247 alia,
654 3173 892 3256 propterquod
908 3172 1036 3256 indiget
1049 3173 1225 3250 clausione,
1241 3184 1276 3238 et
1292 3176 1369 3241 ideo

219 3289 292 3343 sunt
307 3276 433 3342 velocis
450 3286 569 3352 motus,
588 3285 624 3339 ut
644 3276 709 3340 cito
729 3286 959 3358 supponantur
976 3277 1072 3341 oculo
1092 3297 1168 3341 cum
1190 3281 1368 3364 appropin-

217 3395 321 3465 quant
346 3392 553 3446 nocumenta.
601 3378 685 3444 Cilia
701 3400 778 3445 vero
800 3390 877 3444 sunt
899 3380 943 3444 ad
969 3384 1221 3465 temperandam
1249 3384 1369 3461 lucem,

217 3488 355 3570 quando
390 3496 565 3571 generatur
593 3486 692 3562 visus,
721 3496 755 3549 et
792 3495 931 3567 propter
960 3484 1024 3550 hoc
1053 3488 1178 3550 adunat
1207 3487 1370 3571 aspiciens

218 3592 353 3655 oculum
369 3611 476 3667 suum,
491 3600 526 3655 et
540 3590 735 3671 constringit
749 3588 795 3652 ita
811 3600 848 3653 ut
865 3589 972 3672 possit
991 3591 1136 3673 aspicere
1156 3592 1199 3656 ab
1215 3604 1369 3675 angusto,

218 3698 355 3778 quando
377 3695 437 3758 lux
467 3694 559 3758 lortis
582 3694 731 3758 nocuerit
761 3691 800 3758 ei.
860 3692 956 3757 Duos
988 3706 1102 3759 autem
1132 3705 1264 3779 oportet
1296 3718 1370 3763 esse

219 3801 335 3865 oculos
365 3820 410 3863 ex
440 3799 645 3881 benignitate
676 3796 853 3879 Creatoris,
882 3798 931 3863 ita
961 3802 1051 3882 quod
1084 3801 1111 3863 si
1145 3801 1202 3864 uni
1235 3800 1368 3867 illorum

218 3906 382 3970 accideret
404 3903 535 3967 occasio
556 3902 608 3967 vel
636 3902 746 3981 laesio,
769 3912 939 3966 remaneat
968 3902 1061 3968 alter.
1107 3904 1153 3967 Et
1182 3906 1301 3970 iterum
1332 3917 1371 3972 ut

219 4007 325 4073 forma
356 4005 451 4073 faciei
482 4007 525 4069 sit
554 4006 729 4089 pulchrior.
775 4005 874 4071 Oculi
910 4016 1023 4070 autem
1053 4008 1154 4072 ambo
1183 4019 1262 4074 sunt
1291 4030 1370 4074 con-

220 4113 343 4177 similes
372 4112 406 4175 in
437 4111 504 4177 suis
532 4110 810 4193 dispositionibus,
833 4120 867 4174 et
889 4109 923 4173 in
948 4110 1015 4174 suis
1044 4112 1170 4187 tunicis,
1193 4124 1229 4178 et
1257 4112 1369 4197 liguris

220 4236 353 4283 suarum
369 4216 562 4293 tunicarum,
578 4224 611 4278 et
627 4214 660 4279 in
678 4214 743 4278 situ
759 4213 937 4297 cujuslibet
951 4215 1082 4281 tunicae
1097 4226 1249 4299 respectu
1264 4218 1370 4282 totius

221 4323 329 4401 oculi;
351 4330 386 4385 et
400 4322 502 4386 ambo
516 4318 640 4384 habent
661 4319 867 4383 consimilem
888 4320 1087 4403 positionem
1107 4332 1257 4405 respectu
1279 4321 1369 4385 nervi

222 4426 404 4491 communis
437 4436 472 4490 et
509 4424 645 4489 cerebri.
692 4424 738 4488 Et
774 4425 927 4505 quamvis
964 4445 1085 4489 causae
1119 4423 1291 4509 generales
1326 4425 1370 4489 de

225 4532 424 4595 rotunditate
441 4527 614 4593 oculorum
641 4537 675 4593 et
694 4529 839 4609 partium
863 4549 997 4594 suarum
1018 4531 1118 4594 datae
1135 4527 1201 4591 sint
1219 4527 1369 4609 superius

224 4652 322 4717 penes
343 4635 565 4720 proprietates
585 4632 752 4718 sphaerae,
771 4642 885 4699 tamen
904 4634 1053 4719 oportuit
1075 4630 1261 4716 specialiter
1279 4632 1369 4717 ipsos
