3542 5359
707 589 831 667 264
1135 589 1447 648 OPERIS
1495 589 1620 647 MA
1617 589 1871 658 JORIS
1920 588 2149 648 PARS
2199 587 2599 648 SEPTIMA.

708 761 1052 837 peccatum
1078 761 1178 816 est
1204 761 1433 815 contra
1464 751 1761 815 ordinem
1794 761 2085 830 naturae,
2110 771 2271 834 ergo
2299 751 2459 815 'mali
2486 772 2628 816 esse
2659 750 3010 815 desistunt.

713 857 804 921 Et
854 857 1006 920 ideo
1053 876 1318 920 necesse
1369 866 1472 920 est
1516 866 1592 920 ut
1639 876 1809 939 quos
1855 857 1943 919 ab
1992 854 2282 920 humana
2344 855 2724 921 conditione
2770 854 3012 936 dejecit

709 961 1097 1044 improbitas
1139 959 1306 1024 infra
1345 960 1629 1023 hominis
1670 960 1979 1024 meritum
2014 960 2347 1023 detrudat.
2441 959 2680 1024 Evenit
2730 981 2889 1041 ergo
2939 967 3012 1022 ut

706 1085 903 1148 quem
962 1063 1505 1129 transformatum
1557 1063 1732 1126 vitiis
1783 1063 2009 1127 videas
2067 1063 2408 1128 hominem
2470 1065 2821 1128 aestimare
2880 1082 3008 1126 non

705 1168 940 1252 possiS.
1034 1168 1125 1232 Et
1171 1167 1384 1246 infert,
1414 1168 1722 1230 ‘avaritia
1762 1168 1971 1230 fervet
2016 1167 2376 1231 alienarum
2425 1187 2629 1250 opum
2676 1165 3009 1230 violentus

704 1278 1012 1357 ereptor?
1067 1270 1202 1354 lupi
1236 1271 1517 1334 similem
1550 1270 1819 1334 dixeris.
1914 1271 2135 1334 Ferox
2176 1280 2243 1334 et
2287 1272 2404 1353 qui
2450 1271 2743 1353 linguam
2788 1270 3011 1352 litigiis

706 1381 1018 1441 exercet?
1049 1376 1193 1440 cani
1214 1375 1652 1459 comparabis.
1711 1375 2070 1439 Insidiator
2092 1375 2393 1440 occultus
2411 1375 2817 1457 subripuisse
2842 1375 3013 1437 frau-

705 1481 901 1545 dibus
921 1481 1208 1563 gaudet?
1240 1478 1602 1562 vulpeculis
1626 1488 2061 1561 exaequatur.
2110 1479 2257 1543 Irae
2284 1479 2730 1564 intemperans
2755 1478 3010 1542 fremit?

702 1583 914 1650 leonis
945 1585 1240 1648 animum
1282 1593 1541 1666 gestare
1581 1584 1905 1649 credatur.
1985 1583 2272 1647 Pavidus
2316 1605 2395 1648 ac
2441 1583 2652 1668 fugax
2691 1604 2824 1647 non
2872 1601 3012 1645 me-

705 1688 953 1752 tuenda
987 1687 1345 1752 formidat?
1393 1689 1599 1752 cervis
1629 1688 1862 1752 similis
1892 1688 2231 1752 habeatur.
2325 1688 2564 1769 Segnis
2595 1708 2673 1752 ac
2704 1687 3010 1769 stupidus

704 1798 963 1875 torpet?
995 1793 1246 1855 asinum
1268 1793 1448 1857 vivit.
1499 1792 1696 1857 Levis
1715 1801 1784 1856 et
1805 1793 2184 1857 inconstans
2202 1793 2425 1856 studia
2443 1796 2821 1876 permutat?
2847 1790 3009 1852 nihil

705 1897 932 1960 avibus
965 1895 1198 1961 differt.
1294 1897 1538 1961 Foedis
1586 1897 2078 1980 immundisque
2126 1897 2507 1960 libidinibus
2552 1895 3012 1978 immergitur?

705 2000 971 2066 sordide
1010 2001 1146 2064 suis
1187 2001 1533 2084 voluptate
1574 2000 1927 2065 detinetur.
2024 2001 2260 2083 Itaque
2302 2000 2375 2063 fit
2415 2009 2486 2064 ut
2523 1999 2635 2083 qui
2678 1999 3014 2082 probitate

706 2107 972 2169 deserta
1003 2105 1207 2170 homo
1236 2125 1380 2171 esse
1410 2106 1698 2185 desierit,
1730 2115 2026 2169 vertatur
2058 2105 2122 2168 in
2154 2103 2488 2169 belluam.’

368 2187 615 2317 {2233}
631 2187 688 2237 of
796 2209 888 2274 Et
947 2209 1103 2292 quia
1161 2209 1444 2274 libenter
1505 2229 1905 2273 excusamus
1958 2219 2183 2274 nostra
2235 2218 2507 2292 peccata
2560 2227 3012 2291 quaecunque,

706 2334 911 2396 parva
950 2313 1053 2376 vel
1094 2333 1353 2395 magna,
1400 2313 1609 2378 multa
1655 2312 1757 2376 vel
1802 2333 2029 2396 pauca,
2063 2312 2319 2377 Seneca
2350 2312 2516 2376 libro
2552 2308 2887 2375 secundo¹
2927 2312 3013 2376 de

708 2416 817 2480 Ira
845 2417 1124 2499 quaerit,
1159 2414 1284 2480 Cui
1318 2419 1586 2481 tandem
1620 2417 1786 2480 vitio
1808 2414 1834 2453 ²
1864 2418 2228 2483 advocatus
2269 2416 2527 2480 defuit?
2571 2416 2684 2480 sed
2730 2415 3009 2479 aliorum

705 2540 834 2584 non
877 2521 972 2584 sic
1021 2541 1418 2585 excusamus
1458 2521 1639 2585 vitia.
1732 2521 1910 2584 Nam
1951 2521 2019 2585 in
2062 2523 2299 2586 eodem
2339 2520 2520 2596 dicit,
2556 2519 2804 2584 Aliena
2848 2519 3013 2584 vitia

707 2623 775 2687 in
806 2623 1014 2689 oculis
1045 2624 1384 2703 habemus,
1415 2647 1454 2690 a
1486 2637 1673 2707 tergo
1714 2635 1940 2690 nostra
1985 2635 2159 2689 sunt.
2253 2623 2344 2688 Et
2381 2624 2539 2707 quia
2582 2643 2735 2686 cum
2779 2632 3013 2688 sancto

701 2738 971 2794 sanctus
1022 2728 1152 2793 eris
1199 2737 1267 2791 et
1320 2750 1470 2794 cum
1516 2729 1659 2794 viro
1709 2730 2059 2794 innocente
2107 2728 2418 2794 innocens
2463 2727 2612 2805 eriS,
2650 2727 2803 2791 ideo
2846 2726 3014 2791 dicit

706 2832 965 2898 Seneca
991 2832 1161 2897 libro
1185 2834 1619 2898 secundarum
1649 2833 2126 2916 Epistolarum,
2151 2831 2383 2896 ‘Nulla
2407 2853 2511 2896 res
2531 2830 2557 2869 ³
2581 2832 2822 2895 animis
2841 2832 3013 2895 adeo

706 2938 989 3003 honesta
1023 2937 1239 3002 induit
1277 2938 1649 3020 dubiosque
1679 2948 1747 3001 et
1782 2937 1847 3000 in
1882 2937 2132 3001 malum
2176 2935 2587 3002 inclinabiles
2618 2946 2884 2999 revocat
2924 2937 3010 3000 ad

711 3051 960 3106 rectum
992 3062 1194 3125 quam
1228 3042 1554 3106 bonorum
1579 3038 2037 3106 conversatio.'
2118 3041 2208 3105 Et
2242 3040 2308 3104 in
2332 3041 2533 3104 tertio
2564 3041 2734 3104 libro
2765 3041 2849 3103 de
2886 3040 3013 3119 Ira,

708 3148 722 3175 ‘
753 3144 1123 3228 Finguntur
1146 3144 1172 3182 ⁴
1204 3164 1244 3208 a
1283 3145 1827 3210 conversantibus
1868 3165 2104 3223 moreS‚
2141 3156 2211 3210 et
2255 3155 2329 3209 ut
2373 3146 2699 3229 quaedam
2749 3145 2813 3207 in
2861 3166 3015 3208 con-

705 3259 924 3313 tactos
955 3249 1248 3332 corporis
1277 3249 1440 3313 vitia
1471 3249 1873 3327 transiliunt,
1906 3248 1999 3313 ita
2030 3249 2292 3313 animus
2327 3249 2501 3313 mala
2532 3269 2652 3312 sua
2687 3249 3012 3332 proximis

705 3353 929 3419 tradit.
1021 3353 1342 3416 Ebriosus
1395 3353 1801 3418 convictores
1851 3353 1917 3416 in
1970 3374 2266 3417 amorem
2329 3353 2493 3418 meri
2554 3353 2784 3418 traxit.
2880 3354 3016 3416 Im-

705 3457 1097 3541 pudicorum
1130 3468 1360 3522 coetus
1393 3457 1633 3522 fortem
1666 3467 1734 3520 et
1764 3457 1819 3520 si
1855 3458 2048 3522 liceat
2078 3457 2290 3520 virum
2335 3456 2614 3522 emollit.
2707 3458 3015 3522 Avaritia

707 3561 770 3624 in
821 3560 1168 3644 proximos
1211 3561 1387 3624 virus
1427 3580 1620 3625 suum
1664 3562 2024 3626 transtulit.
2120 3562 2375 3625 Eadem
2411 3581 2448 3624 e
2480 3582 2797 3626 converso
2843 3562 3013 3624 ratio

703 3665 1022 3730 virtutum
1056 3674 1157 3729 est
1188 3674 1263 3728 ut
1292 3685 1489 3728 omne
1518 3666 1698 3748 quod
1731 3685 1958 3729 secum
1990 3666 2240 3730 habent
2273 3664 2603 3750 mitigent.
2696 3665 2757 3729 Ν
2766 3687 2839 3729 ec
2873 3677 3013 3730 tam

704 3769 1068 3834 valetudini
1117 3768 1441 3851 corporali
1495 3769 1741 3852 profuit
1798 3770 1979 3834 mitis
2032 3769 2214 3853 regio
2267 3779 2337 3833 et
2378 3769 2708 3834 salubrius
2752 3770 3011 3834 coelum

703 3895 903 3958 quam
952 3873 1193 3936 animis
1240 3892 1476 3957 parum
1531 3873 1736 3938 firmis
1793 3875 1857 3937 in
1913 3874 2186 3938 meliore
2229 3874 2428 3938 turba
2468 3874 2728 3938 versari.
2821 3874 3015 3957 Quae

704 3999 807 4044 res
851 3988 1105 4061 quanto
1151 3977 1364 4061 possit
1410 3977 1762 4062 intelliges,
1808 3978 1863 4040 si
1911 3978 2153 4042 videris
2197 3979 2367 4043 feras
2419 3978 2727 4042 convictu
2782 3989 3014 4043 nostro

706 4103 1163 4147 mansuescere
1196 4082 1492 4164 nullique
1525 4082 1801 4147 immani
1834 4081 2088 4146 bestiae
2118 4083 2253 4147 vim
2296 4103 2485 4146 suam
2517 4102 2924 4167 permanere,
2948 4083 3014 4147 *si

704 4235 761 4268 as
784 4218 1090 4281 preserving
1112 4218 1248 4266 their
1271 4218 1505 4281 identity.
1575 4219 1688 4268 The
1712 4233 1930 4282 passage
1955 4219 2000 4267 is
2021 4219 2321 4267 condensed
2355 4218 2486 4267 from
2510 4218 2601 4267 the
2633 4220 2828 4268 second
2851 4219 3017 4268 Prusa

706 4295 766 4346 of
776 4297 865 4345 the
890 4297 1059 4346 fourth
1084 4297 1220 4345 book
1245 4295 1304 4345 of
1321 4294 1554 4346 Boetius’
1577 4297 1744 4347 work.
1813 4295 1926 4345 The
1948 4305 2152 4346 extract
2175 4298 2287 4346 that
2310 4297 2517 4346 follows
2541 4298 2584 4345 is
2606 4297 2737 4346 from
2761 4298 2853 4345 the
2877 4298 3016 4347 third

703 4376 868 4424 Prusa
891 4375 950 4423 of
967 4375 1056 4423 the
1080 4390 1222 4423 same
1245 4374 1396 4422 book.

773 4458 786 4486 ¹
825 4458 891 4505 D.
916 4459 1009 4505 has
1030 4457 1230 4518 primo;
1268 4456 1337 4506 M.
1362 4456 1612 4515 secundo,
1636 4457 1810 4506 which
1838 4458 1882 4507 is
1907 4457 2058 4520 right.

769 4538 789 4567 ⁸
823 4538 902 4587 De
921 4539 1021 4597 Im,
1049 4540 1100 4589 ii.
1127 4554 1202 4600 13.
1275 4539 1333 4587 ln
1360 4538 1432 4589 M.
1456 4540 1563 4588 this
1586 4541 1632 4590 is
1654 4540 1882 4590 referred
1907 4548 1961 4589 to
1984 4542 2072 4589 the
2095 4556 2283 4603 wrong
2303 4541 2563 4602 dialog-ue.

771 4617 792 4645 ²
827 4616 918 4676 Ep.
943 4617 1028 4666 lib.
1055 4632 1140 4667 xv.
1168 4632 1199 4665 ο
1225 4622 1250 4677 5
1276 4631 1358 4679 4ο.
1740 4621 1759 4649 ⁴
1791 4619 1870 4668 De
1890 4618 1995 4683 Ira,
2022 4618 2092 4670 iii.
2120 4621 2172 4671 8.
2238 4619 2442 4669 Seneca
2466 4621 2563 4670 has
2584 4626 2874 4669 sumuntur.
