3542 5359
388 628 584 689 MORALIS
607 626 926 688 PHILOSOPHIA:
961 628 1074 687 PARS
1103 629 1267 688 TERTIA.
1343 645 1403 708 313

252 803 413 858 vocantur
441 793 522 857 nihil
551 802 622 856 tam
647 790 792 856 terribile
820 811 860 855 ac
890 792 1007 855 durum
1033 791 1166 856 invenio
1188 811 1287 873 quam
1311 792 1402 873 quod

251 899 365 980 opinio
393 897 485 980 vulgi
516 897 734 961 minabatur.
757 895 936 980 ..Populi
966 895 1049 961 scita
1082 917 1126 961 ex
1157 916 1278 978 magna
1309 904 1402 977 parte

251 1002 417 1085 sapientes
437 1003 611 1084 abrogant

295 1107 461 1169 ‘Remoto
486 1125 565 1190 ergo
586 1105 713 1188 judicio
734 1103 875 1186 plurium
901 1125 985 1186 quos
1007 1104 1114 1188 prima
1137 1123 1243 1167 rerum
1267 1105 1401 1187 species,
1415 1122 1455 1170 nd

250 1220 432 1293 utcumque
456 1210 581 1274 credita
606 1202 689 1296 [est]
718 1207 833 1287 aufert,
858 1208 1030 1272 videamus
1058 1208 1138 1290 quid
1168 1208 1211 1272 sit
1242 1206 1377 1271 exilium
1393 1187 1544 1318 3321va

250 1335 380 1398 nempe,
395 1313 458 1379 loci
474 1314 693 1378 commutatio
709 1323 769 1377 est.
816 1307 904 1400 [Ne]
918 1323 1093 1395 angustare
1111 1313 1224 1376 ridear
1237 1313 1305 1376 vim
1320 1312 1400 1394 ejus,

251 1429 285 1482 et
300 1419 455 1503 quicquid
471 1419 652 1502 pessimum
669 1418 701 1480 in
717 1438 753 1480 se
768 1416 870 1480 habet
885 1416 1095 1492 subtrahere3
1117 1415 1201 1481 hanc
1217 1427 1400 1481 commuta-

250 1523 376 1587 tionem
406 1521 470 1586 loci
504 1530 688 1604 sequuntur
720 1520 954 1598 incommoda3
993 1531 1179 1602 paupertas,
1212 1520 1400 1603 ignominia,

249 1636 487 1710 contemptus.
507 1605 538 1691 ,ζ
555 1625 703 1689 Primum
725 1624 806 1688 illud
827 1624 946 1688 intueri
965 1624 1045 1688 volo
1059 1624 1139 1706 quid
1155 1624 1265 1688 acerbi
1284 1621 1402 1688 afferat

249 1731 320 1816 ipsa
335 1731 399 1796 loci
412 1727 649 1795 commutatio!

293 1835 440 1920 ‘Aspice
461 1836 605 1918 agedum
630 1833 716 1898 banc
739 1833 957 1916 frequentiam
982 1833 1033 1896 cui
1058 1833 1116 1896 vix
1141 1831 1248 1909 urbis,’
1273 1833 1403 1898 Romae

250 1938 384 2016 scilicet,
400 1939 600 2002 ‘immensae
614 1946 703 2002 tecta
718 1935 904 2000 sufficiunt:
928 1936 1077 2000 maxima
1087 1955 1163 2018 pars
1178 1937 1270 1999 istius
1284 1935 1402 2000 turbae

249 2043 357 2124 patria
379 2053 470 2107 caret
486 2090 493 2107 .
510 2089 517 2104 .
535 2089 542 2104 .
557 2043 645 2125 Jube
667 2043 750 2107 istos
776 2060 893 2105 omnes
912 2043 954 2105 ad
982 2059 1102 2104 nomen
1128 2040 1222 2104 citari
1245 2051 1287 2116 et,
1314 2041 1402 2103 unde

250 2150 361 2225 domu,
376 2148 517 2231 quisque
531 2149 575 2211 sit
590 2166 731 2229 quaere:
754 2145 883 2209 videbis
899 2144 1059 2226 majorem
1078 2153 1206 2226 partem
1228 2164 1299 2208 esse
1317 2163 1402 2227 quae

251 2252 373 2316 relictis
401 2251 536 2316 sedibus
566 2252 635 2314 suis
661 2249 787 2314 venerit
817 2250 850 2313 in
881 2247 1088 2312 maximam¹
1106 2293 1114 2310 .
1132 2294 1140 2310 .
1158 2297 1164 2312 .
1182 2247 1297 2313 urbem
1335 2269 1402 2314 non

250 2365 363 2419 tamen
394 2376 498 2421 suam.
544 2355 675 2419 Deinde
697 2355 742 2418 ab
768 2353 831 2418 hac
857 2353 990 2418 civitate
1020 2352 1161 2430 discede,
1183 2373 1269 2435 quae
1300 2352 1402 2417 veluti

250 2460 435 2527 communis
464 2468 574 2543 potest
603 2460 674 2523 dici.
731 2457 859 2523 Omnes
889 2457 986 2522 urbes
1023 2458 1177 2533 circumi;
1214 2458 1305 2523 nulla
1334 2477 1402 2522 non

251 2584 406 2649 magnam
423 2573 551 2648 partem
567 2563 760 2646 peregrinae
776 2562 997 2627 multitudinis
1012 2559 1131 2627 babet'

296 2669 486 2734 Secundam
510 2667 673 2732 rationem
697 2687 743 2730 ex
767 2667 972 2751 proprietate
995 2667 1125 2731 animae
1147 2666 1253 2746 affert,
1269 2667 1402 2744 dicens;

252 2772 407 2840 ‘Mobilis
425 2773 615 2856 etinquieta
630 2771 758 2835 homini
774 2791 870 2835 mens
884 2771 964 2836 data
979 2781 1047 2836 est:
1071 2790 1240 2852 nunquam
1250 2790 1285 2834 se
1300 2781 1402 2848 tenet,

251 2877 426 2961 spargitur,
448 2885 482 2940 et
504 2875 724 2958 cogitationes
750 2896 827 2939 suas
851 2875 884 2938 in
908 2875 1020 2940 omnia
1048 2885 1127 2938 nota
1156 2884 1256 2957 atque
1287 2874 1402 2955 ignota

252 2981 401 3054 dimittit,
412 3001 498 3064 vaga
508 2989 543 3043 et
554 2979 674 3064 quietis
689 2980 865 3061 impatiens
880 2989 914 3043 et
931 2979 1078 3043 novitate
1090 2998 1197 3042 rerum
1212 2977 1400 3042 laetissima.

253 3085 354 3168 Quod
377 3105 444 3150 non
470 3084 653 3162 miraberis,
679 3084 707 3148 si
733 3084 876 3166 primam
901 3083 973 3166 ejus
996 3083 1158 3168 originem
1188 3083 1402 3166 adspexeris:

252 3209 318 3254 non
335 3200 445 3254 estex
460 3201 591 3254 terreno
608 3197 642 3252 et
656 3188 749 3272 gravi
765 3197 919 3252 concreta
938 3206 1075 3268 corpore
1090 3208 1098 3265 ;
1121 3207 1164 3251 ex
1186 3186 1243 3250 illo
1265 3186 1401 3250 coelesti

250 3294 366 3378 spiritu
382 3292 560 3357 descendit
606 3291 809 3357 Coelestium
824 3301 937 3356 autem
959 3300 1076 3355 natura
1102 3310 1233 3373 semper
1253 3291 1286 3355 in
1308 3303 1402 3356 motu

253 3407 314 3470 ert,
330 3394 425 3478 fugit,
435 3406 469 3459 et
483 3394 693 3460 velocissimo
708 3415 804 3460 cursu
819 3396 936 3477 agitur.
973 3394 1100 3478 Aspice
1115 3394 1223 3458 sidera
1239 3395 1401 3458 mundum

251 3499 473 3577 illustrantia3
496 3499 623 3563 nullum
653 3519 768 3563 eorum
795 3509 976 3581 perstat..
1002 3548 1009 3563 .
1035 3497 1133 3563 Nunc
1159 3509 1194 3563 et
1219 3497 1402 3562 humanum

251 3605 398 3668 animum
419 3602 559 3668 moleste
581 3603 666 3668 serre
689 3605 864 3668 transitum
889 3613 923 3668 et
948 3603 1176 3687 migrationem
1201 3613 1304 3685 puta;
1325 3623 1402 3668 cum

251 3706 390 3774 natura¹
411 3709 545 3773 assidua
566 3718 600 3774 et
623 3708 818 3774 citatissima
840 3709 1104 3773 commutatione
1124 3706 1178 3772 vel
1203 3707 1345 3772 delectet
1367 3727 1403 3772 se

251 3812 304 3876 vel
319 3809 509 3879 conservet.'

294 3917 441 3982 Tertiam
486 3917 650 3982 rationem
692 3915 820 3980 inducit
861 3937 906 3980 ex
949 3916 1155 3999 experientia
1191 3935 1251 3998 per
1286 3933 1403 3978 omnes

251 4021 412 4100 nationes,
442 4021 577 4098 dicens;
599 4020 654 4085 ‘A
674 4020 873 4086 coelestibus
889 4022 1032 4106 agedum
1047 4029 1083 4084 te
1102 4020 1146 4083 ad
1161 4018 1308 4083 humana
1323 4038 1402 4082 con·
1415 4031 1478 4096 Cap.
1493 4043 1514 4095 7.

249 4137 360 4191 verte:
396 4126 525 4190 videbis
553 4135 670 4209 gentes
699 4125 909 4210 populosque
941 4125 1107 4189 universos
1130 4131 1275 4187 mutasse
1297 4122 1401 4188 sedes.

253 4230 342 4313 Quid
362 4230 426 4296 sibi
446 4229 588 4294 volunt⁸
607 4231 641 4294 iu
662 4229 779 4295 mediis
801 4230 1017 4295 barbarorum
1041 4227 1230 4311 regionibus
1254 4226 1402 4292 Graecae

251 4337 374 4399 urbes?
406 4336 487 4417 quid
524 4335 610 4399 inter
646 4335 749 4399 Indos
786 4335 970 4418 Persasque
1004 4331 1240 4398 Macedonicus
1269 4337 1402 4396 sermo?

282 4508 291 4537 ¹
309 4509 398 4558 Baton
415 4509 492 4558 omits
508 4509 553 4558 the
566 4509 654 4558 words
670 4515 698 4558 et
714 4509 920 4572 pulcherrimam,
935 4507 1022 4558 whicb
1039 4505 1125 4558 would
1143 4504 1235 4568 hardly
1252 4505 1284 4554 be
1301 4513 1358 4554 true
1376 4505 1406 4556 oi

251 4589 336 4639 Rome
347 4587 374 4637 in
386 4589 429 4637 tbe
441 4588 583 4638 thirteentb
593 4596 710 4652 century.

282 4667 469 4718 'Smeenbrs
481 4667 642 4720 Deimtura.
1124 4662 1213 4726 'vult
1226 4663 1305 4716 MSS.
