3542 5359
197 4026 238 4071 De
249 4024 330 4071 Tran-

197 4089 332 4151 quillitate,

198 4169 254 4217 cap.
269 4167 307 4203 ιο.

369 617 432 696 356
585 621 741 680 OPERIS
764 621 954 692 MAJORIS
977 621 1093 682 PARS
1117 622 1317 682 SEPTIMA.

372 803 540 848 removere
570 805 739 866 pompam,
765 795 800 849 et
830 807 909 851 usus
940 807 1057 866 rerum,
1085 807 1151 851 non
1180 796 1377 852 ornamenta
1407 784 1526 851 metiri.

373 887 477 952 Cibus
490 889 613 952 famem
628 890 753 965 domet,
762 891 857 972 potio
871 891 960 954 sitim
979 940 986 953 .
1004 939 1011 954 .
1028 939 1035 954 .
1051 893 1216 956 discamus
1232 890 1389 956 membris
1403 891 1525 954 nostris

370 992 474 1069 inniti,
499 991 627 1056 cultum
654 993 845 1076 victumque
871 1015 937 1058 non
964 996 1007 1059 ad
1034 1015 1121 1060 nova
1143 993 1300 1078 exempla
1322 1014 1525 1077 componere

372 1145 380 1158 .
400 1143 408 1158 .
424 1097 613 1160 diseamus
627 1097 866 1161 continentiam
881 1119 1012 1181 augere,
1029 1099 1193 1163 luxuriam
1208 1118 1368 1168 coercere,
1383 1097 1524 1180 gloriam

372 1212 568 1284 temperare,
585 1201 789 1264 iracundiam
811 1201 922 1278 lenire,
939 1213 1171 1284 paupertatem
1187 1205 1301 1286 aequis
1317 1203 1421 1266 oculis
1436 1203 1526 1284 aspi·

370 1327 453 1382 cere,
468 1304 694 1387 frugalitatem
710 1305 827 1382 colere,
845 1308 975 1370 etiamsi
997 1308 1122 1371 multos
1137 1307 1275 1389 pudebit
1285 1306 1308 1384 ¹,
1323 1316 1361 1370 ut
1379 1306 1524 1388 populus

370 1409 541 1475 desideriis
566 1409 773 1474 naturalibus
802 1430 906 1493 parvo
933 1421 1049 1492 parata
1076 1413 1221 1476 remedia
1247 1412 1415 1486 adhibere,
1446 1430 1525 1494 spes

370 1515 546 1579 effrenatas
568 1524 603 1577 et
623 1514 772 1577 animum
794 1515 827 1577 in
849 1515 959 1578 futura
981 1515 1180 1579 eminentem
1197 1515 1287 1580 velut
1307 1516 1371 1580 sub
1386 1514 1526 1578 vinculis

368 1620 502 1697 habere,
518 1619 553 1682 id
572 1637 670 1698 agere
689 1627 726 1682 ut
741 1618 874 1683 divitias
892 1641 912 1683 a
934 1619 1029 1684 nobis
1047 1641 1147 1702 quam
1169 1641 1188 1684 a
1209 1621 1341 1684 fortuna
1359 1631 1524 1703 petamus.

371 1776 408 1791 ..
433 1777 439 1790 .
462 1725 707 1789 Assuescamus
733 1745 812 1807 ergo
835 1744 978 1789 coenare
1003 1725 1073 1789 sine
1100 1725 1234 1809 populo,
1257 1737 1290 1789 et
1312 1727 1414 1790 servis
1441 1744 1525 1809 pau·

370 1832 515 1895 cioribus
540 1828 663 1900 serviri,
684 1839 719 1892 et
745 1839 854 1894 vestes
876 1849 992 1912 parare
1018 1831 1051 1893 in
1078 1832 1170 1912 quod
1198 1830 1350 1894 inventae
1375 1839 1462 1909 sunt,
1489 1839 1525 1892 et

369 1935 520 2001 habitare
542 1933 759 1998 contractius!

415 2041 461 2106 Et
477 2039 574 2104 insert
594 2040 774 2103 remedium
793 2040 836 2102 de
857 2041 979 2117 studio,
998 2039 1131 2114 dicens;
1155 2037 1369 2103 ‘Studiorum
1390 2057 1525 2120 quoque

368 2166 456 2228 quae
496 2143 724 2209 liberalissima
762 2143 911 2227 impensa
953 2153 1004 2207 est
1040 2145 1168 2207 tamdiu
1206 2144 1368 2207 rationem
1411 2142 1524 2222 habet,

369 2251 528 2332 quamdiu
553 2250 699 2312 modum.
746 2247 824 2330 Quo
845 2248 1100 2312 innumerabiles
1119 2248 1222 2312 libros
1239 2257 1273 2311 et
1294 2246 1525 2322 bibliothecas,

369 2375 509 2437 quarum
532 2355 686 2419 dominus
705 2354 763 2417 vix
787 2363 860 2418 tota
882 2353 951 2417 vita
974 2353 1097 2416 indices
1120 2351 1282 2434 perlegit?
1316 2363 1432 2417 onerat
1454 2353 1524 2416 dis-

368 2469 500 2523 centem
530 2459 636 2537 turba,
664 2479 730 2521 non
761 2458 902 2538 instruit,
928 2457 1100 2538 multoque
1128 2457 1231 2521 satius
1262 2466 1312 2521 est
1342 2458 1457 2540 paucis
1488 2467 1525 2520 te

368 2563 559 2629 auctoribus
588 2563 729 2637 tradere,
751 2582 853 2644 qnam
884 2582 992 2625 errare
1022 2581 1081 2643 per
1111 2561 1243 2625 multos.
1290 2561 1522 2646 Quadraginta

367 2667 471 2731 millia
494 2667 651 2732 librorum
675 2666 903 2730 Alexandriae
929 2675 1097 2742 arserunt3
1128 2665 1383 2749 pulcherrimum
1410 2667 1523 2750 regiae

365 2771 555 2853 opulentiae
578 2781 829 2834 monumentum
851 2769 935 2833 alius
955 2768 1147 2842 laudaverit,
1166 2769 1251 2834 sicut
1275 2780 1308 2834 et
1325 2769 1441 2834 Livius
1464 2772 1523 2852 qui

366 2875 551 2958 elegantiae
575 2895 690 2957 regum
711 2894 875 2956 curaeque
895 2873 1063 2956 egregium
1086 2873 1118 2936 id
1139 2894 1223 2956 opus
1246 2874 1292 2938 ait
1310 2874 1431 2952 fuisse3
1455 2895 1522 2938 non

366 2979 427 3044 l'uit
450 2980 616 3064 elegantia
639 2979 719 3043 illud
741 2987 800 3042 aut
822 2998 911 3054 cura,
935 2978 993 3040 sed
1016 2977 1165 3040 studiosa
1189 2977 1328 3056 luxuria,
1352 2978 1457 3042 immo
1479 2999 1523 3043 ne

366 3086 515 3149 studiosa
530 3085 676 3167 quidem,
691 3084 850 3166 quoniam
867 3103 934 3145 non
951 3081 983 3144 in
1000 3081 1145 3146 studium
1163 3082 1222 3146 sed
1242 3083 1275 3145 in
1295 3083 1522 3164 spectaculum

367 3198 674 3270 comparaverant..
698 3239 704 3252 .
730 3188 924 3252 ‚Vitiosum
950 3197 1001 3250 est
1028 3186 1151 3267 ubique
1176 3187 1266 3267 quod
1295 3187 1434 3251 nimium
1459 3199 1522 3252 est.

367 3291 458 3374 Quid
483 3291 588 3378 habes
610 3312 667 3355 cur
686 3293 837 3374 ignoscas
860 3290 987 3354 homini
1009 3291 1152 3353 armaria
1178 3291 1333 3370 captanti,
1349 3301 1407 3355 aut
1427 3291 1523 3375 igno-

365 3406 476 3459 torum
513 3406 686 3460 auctorum
723 3407 781 3462 aut
815 3396 1079 3476 improbatorum
1118 3407 1152 3458 et
1185 3394 1270 3457 inter
1301 3388 1382 3480 [tot]
1418 3395 1522 3460 millia

367 3499 526 3564 librorum
552 3501 715 3573 oscitanti,
737 3501 790 3565 cui
816 3499 1024 3584 voluminum
1055 3518 1189 3561 suorum
1217 3498 1341 3562 frontes
1371 3499 1523 3564 maxime

366 3603 499 3686 placent
521 3603 700 3686 titulique?
715 3650 747 3668 ..
768 3653 776 3667 .
799 3605 1007 3687 Ignoscerem
1032 3602 1138 3684 plane,
1161 3602 1188 3664 si
1210 3603 1397 3666 studiorum
1419 3603 1523 3668 nimia

365 3708 521 3791 cupidine
541 3709 697 3772 oriretur:
729 3729 815 3773 nunc
840 3709 903 3772 ista
932 3706 1116 3788 conquisita
1136 3725 1211 3769 cum
1233 3705 1432 3788 imaginibus
1452 3709 1523 3772 suis

365 3812 530 3895 descripta
566 3823 600 3877 et
630 3832 796 3877 sacrorum
828 3831 931 3893 opera
964 3803 1203 3897 [ingeniorum]
1241 3809 1274 3871 in
1304 3810 1448 3894 speciem
1486 3823 1523 3877 et

367 3915 494 3980 cultum
511 3917 676 3999 parietum
692 3925 939 3998 comparantur.

409 4020 487 4085 ‘Ad
503 4021 636 4103 aliquod
656 4040 761 4104 genus
774 4020 864 4083 vitae
885 4016 1020 4082 difficile
1041 4016 1194 4093 incidisti,
1214 4026 1248 4081 et
1269 4017 1330 4081 tibi
1354 4019 1522 4101 ignoranti

364 4125 416 4187 vel
439 4124 573 4206 publica
599 4124 732 4187 fortuna
755 4122 806 4186 vel
833 4123 963 4204 privata
986 4122 1142 4203 laqueum
1169 4119 1316 4203 impegit,
1342 4142 1443 4203 quem
1460 4143 1523 4187 nec

365 4227 494 4292 solvere
507 4248 623 4310 posses
638 4248 699 4291 nec
713 4246 896 4309 erumpere.
938 4224 1059 4307 Cogita
1074 4224 1282 4306 compeditos
1298 4226 1406 4306 primo
1421 4247 1524 4309 aegre

365 4329 448 4395 l'erre
468 4351 570 4398 onera
592 4341 626 4395 et
647 4332 885 4413 impedimenta
904 4349 1044 4393 crurum.
1090 4329 1220 4392 Deinde
1242 4329 1299 4392 ubi
1323 4349 1390 4394 non
1414 4331 1523 4413 indig-

397 4516 406 4545 ¹
422 4517 479 4565 ‘ibe
497 4525 554 4565 text
570 4517 601 4566 oi
612 4519 664 4566 this
683 4531 792 4579 passage
810 4517 832 4565 is
851 4514 985 4577 generally
1003 4514 1155 4576 recognized
1174 4515 1209 4576 by
1228 4513 1353 4565 Seneca's
1372 4517 1472 4566 editors
1492 4533 1524 4569 as

364 4603 476 4656 corrupt.
511 4595 853 4657 lgiveitasamendedby
865 4594 962 4644 Haase.
997 4592 1027 4641 D.
1041 4593 1092 4641 and
1105 4592 1137 4641 0.
1151 4591 1217 4641 have
1232 4593 1295 4642 ‘hos
1308 4594 1414 4656 pudebit
1425 4596 1451 4644 ei
1463 4595 1524 4659 plus

365 4672 522 4730 desidentis:
537 4680 586 4722 etc.
