3542 5359
338 604 377 681 76
560 607 716 668 OPERIS
739 607 928 680 MAJORIS
952 609 1066 670 PARS
1091 611 1263 684 QUINTA.

337 769 506 834 hominem
521 772 610 834 visus
627 772 715 837 cadit
736 792 835 855 super
853 793 969 837 omnes
992 773 1063 855 ejus
1078 773 1305 858 proprietates
1351 773 1440 837 Nam
1462 772 1490 836 si

338 875 382 938 sit
413 873 497 940 filius
525 876 673 954 Roberti‚
698 887 732 942 et
756 876 903 942 Gallicus
913 875 934 955 ¹,
956 890 992 942 et
1018 879 1125 960 prima
1154 879 1237 944 hora
1263 877 1369 942 noctis
1392 887 1490 941 natus

340 977 479 1058 Parisiis,
521 990 555 1045 et
599 992 735 1046 vocetur
773 982 898 1060 Petrus,
942 981 1057 1046 videns
1103 1002 1178 1045 eum
1219 983 1312 1046 videt
1357 982 1490 1046 Petrum

340 1081 554 1148 Parisiensem
572 1095 686 1149 natum
703 1085 810 1169 prima
826 1087 908 1150 hora
924 1087 1030 1150 noctis
1044 1085 1147 1149 filium
1161 1086 1310 1159 Roberti,
1323 1086 1490 1168 quiahaec

338 1187 529 1252 coincidunt
552 1210 627 1255 curn
653 1189 763 1254 colore
786 1200 820 1255 et
847 1189 953 1272 figura
976 1200 1010 1253 et
1041 1190 1180 1254 caeteris
1204 1189 1397 1254 visibilibus.
1445 1190 1491 1253 Et

340 1291 492 1356 similiter
508 1302 646 1358 naturae
663 1295 899 1359 substantiales
922 1314 1040 1371 rerum,
1061 1304 1133 1358 tarn
1154 1295 1187 1358 in
1205 1295 1303 1358 rebus
1326 1295 1491 1369 animatis,

338 1416 438 1478 quarn
456 1398 487 1460 in
504 1399 601 1462 rebus
617 1399 807 1464 inanimatis
824 1420 890 1464 non
906 1410 982 1463 sunt
997 1399 1167 1464 sensibiles
1185 1400 1230 1463 ab
1245 1398 1356 1482 aliqua
1370 1399 1491 1462 virtute

338 1502 468 1565 animae
489 1503 663 1568 sensitivae
685 1504 748 1567 nisi
768 1525 828 1587 per
848 1503 1019 1568 accidens:
1049 1503 1201 1586 exceptis
1221 1502 1284 1567 illis
1304 1524 1390 1586 quae
1413 1514 1491 1569 sunt

339 1606 477 1670 nocivae
506 1605 558 1670 vel
588 1607 693 1685 utiles,
715 1629 798 1693 quas
829 1608 1081 1691 comprehendit
1111 1607 1330 1680 aestimativa,
1353 1617 1387 1671 et
1418 1618 1490 1670 tum

338 1729 452 1774 sensus
488 1712 576 1776 cadit
614 1733 712 1796 super
744 1713 807 1777 hoc
839 1733 899 1796 per
934 1713 1093 1777 accidens.
1154 1713 1255 1777 Unde
1289 1733 1365 1776 cum
1394 1711 1491 1775 video

339 1813 506 1878 hominem
531 1817 629 1880 video
649 1817 870 1881 substantiam
896 1827 930 1881 et
952 1837 1020 1880 rem
1039 1817 1231 1890 animatam,
1252 1826 1286 1880 et
1309 1817 1384 1880 ideo
1404 1815 1490 1878 visus

339 1920 428 1984 cadit
444 1921 694 2002 quodammodo
706 1943 805 2004 super
816 1931 967 1985 naturam
986 1921 1057 2003 ejus
1073 1921 1333 1995 substantialem,
1350 1928 1384 1983 et
1392 1939 1492 2002 super

338 2023 609 2102 arimanniam,
626 2046 711 2108 quae
732 2037 782 2091 est
798 2047 849 2089 res
868 2025 1067 2109 spiritualis3
1090 2025 1148 2089 sed
1164 2024 1229 2089 hoc
1249 2035 1300 2088 est
1317 2024 1415 2088 valde
1430 2044 1490 2106 per

339 2129 500 2192 accidens.
560 2130 606 2194 Et
635 2131 753 2196 iterum
784 2129 952 2195 sensibilia
982 2128 1113 2213 propria
1142 2128 1236 2192 unius
1265 2149 1379 2192 sensus
1413 2139 1491 2193 sunt

339 2233 507 2297 sensibilia
536 2255 596 2316 per
625 2235 777 2299 accidens
807 2235 946 2298 aliorum
974 2255 1140 2313 sensuum,
1167 2234 1256 2297 unde
1281 2232 1425 2298 calidum
1456 2240 1490 2295 et

340 2336 505 2419 frigidum,
544 2339 716 2402 humidum
754 2349 788 2403 et
826 2341 959 2414 siccum,
997 2341 1091 2416 odor,
1128 2359 1236 2414 sonus,
1269 2356 1370 2419 sapor
1413 2347 1490 2402 sunt

338 2443 503 2506 sensibilia
519 2461 578 2523 ρετ
592 2445 745 2508 accidens
761 2453 912 2526 respectu
926 2445 1024 2520 visus,
1036 2455 1070 2507 et
1086 2445 1131 2505 sic
1148 2442 1314 2526 quaelibet
1325 2441 1490 2506 sensibilia

338 2543 472 2624 propria
490 2543 584 2606 unius
608 2554 685 2608 sunt
711 2544 878 2608 sensibilia
906 2565 965 2626 per
987 2544 1139 2609 accidens
1164 2553 1313 2626 respectu
1339 2540 1489 2606 aliorum.

340 2645 514 2711 Sensibilia
528 2667 607 2731 ergo
624 2670 741 2731 perse,
759 2658 796 2713 ut
811 2650 935 2714 dictum
959 2659 1009 2712 est
1029 2647 1203 2730 dupliciter
1224 2657 1310 2720 sunt,
1327 2647 1489 2730 quaedam

338 2761 415 2815 sunt
434 2753 567 2835 propria
586 2763 621 2816 ut
640 2773 769 2830 novem,
784 2763 818 2818 et
836 2754 1000 2836 quaedam
1020 2752 1206 2815 communia
1223 2761 1260 2815 ut
1274 2751 1397 2834 viginti,
1412 2751 1491 2833 quia

339 2859 555 2922 communiter
576 2867 715 2940 possunt
738 2858 848 2924 sentiri
866 2878 887 2921 a
911 2856 1062 2921 sensibus
1087 2855 1243 2939 pluribus,
1258 2865 1292 2920 et
1308 2856 1490 2918 maximea

337 2961 407 3024 visu
432 2971 465 3025 et
489 2971 589 3025 tactu.
635 2963 725 3026 Nam
746 2973 783 3026 ut
807 2960 1038 3026 Ptolemaeus²
1062 2962 1143 3024 dicit
1166 2962 1199 3024 in
1222 2960 1370 3024 secundo
1393 2958 1489 3032 libr0,

338 3066 449 3129 omnia
474 3086 560 3148 quae
581 3068 670 3130 visus
692 3067 830 3150 percipit
853 3076 961 3132 tactus
982 3066 1148 3143 discernit,
1170 3075 1301 3145 praeter
1326 3063 1432 3125 lucem
1455 3072 1488 3125 et

339 3169 506 3249 colorem;
529 3180 563 3234 et
579 3172 689 3236 omnia
711 3192 796 3253 quae
819 3181 928 3237 tactus
949 3169 1118 3243 certificat,
1132 3170 1220 3232 visus
1241 3177 1353 3250 potest
1372 3165 1490 3230 certifi-

339 3292 422 3346 care,
453 3284 585 3356 praeter
621 3285 761 3358 quatuor
798 3277 942 3360 propria,
980 3275 1104 3340 scilicet
1141 3271 1292 3351 calidum,
1323 3271 1489 3353 frigidum,

338 3377 509 3441 humidum
531 3388 566 3443 et
588 3378 718 3446 siccum.

766 3656 993 3721 Currruuuu
1019 3655 1064 3719 11.

565 3828 617 3893 De
632 3827 683 3891 his
698 3849 784 3912 quae
798 3829 921 3893 faciunt
936 3827 1080 3912 speciem
1097 3827 1130 3890 in
1145 3827 1263 3891 visum.

168 4018 204 4066 or
218 4017 324 4068 sensible
381 4000 440 4064 Ad
464 4000 528 4063 hoc
552 4011 663 4066 autern
683 4011 719 4065 ut
743 4003 896 4077 sciamus,
914 4002 1085 4085 quomodo
1109 3998 1300 4082 hujusmodi
1322 3998 1491 4063 sensibilia

168 4083 284 4146 qualities

168 4147 233 4211 light
245 4150 293 4198 and
337 4125 396 4188 ρετ
419 4125 454 4169 se
483 4115 733 4187 cognoscantur,
756 4115 891 4190 oportet
913 4106 1022 4189 primo
1044 4105 1124 4169 scire
1154 4124 1197 4168 an
1227 4102 1338 4168 omnia
1368 4101 1490 4166 iaciunt

370 4255 377 4284 ¹
395 4253 492 4317 Gallus,
506 4255 531 4314 J.

370 4336 380 4364 ²
398 4339 404 4361 ⁴
415 4335 444 4384 ln
458 4335 578 4384 omnibus
589 4351 655 4397 quae
666 4335 806 4384 secundum
819 4334 971 4398 principium
983 4348 1122 4382 nervosum
1134 4332 1279 4381 communia
1295 4338 1356 4379 sunt
1372 4329 1491 4380 sensibus

338 4420 420 4462 tactus
432 4419 458 4463 et
470 4414 539 4463 visus
552 4415 741 4463 communicant
751 4414 800 4463 sibi
813 4421 924 4476 excepto
936 4415 962 4461 in
974 4414 1080 4462 colore:
1102 4411 1175 4460 color
1191 4411 1260 4460 enirn
1279 4409 1349 4458 nullo
1365 4424 1490 4458 sensuum

339 4492 498 4553 dignoscitur
515 4492 564 4541 nisi
582 4509 630 4554 per
645 4493 735 4542 visum.
772 4492 857 4542 Debet
868 4507 932 4554 ergo
943 4491 1015 4541 color
1027 4507 1087 4540 esse
1097 4489 1221 4540 sensibile
1233 4489 1364 4552 proprium
1376 4489 1452 4548 visui,
1463 4497 1491 4539 et

337 4569 397 4618 ideo
409 4569 491 4620 iactus
502 4577 542 4620 est
558 4572 629 4620 color
647 4572 673 4620 id
686 4571 757 4633 quod
773 4571 883 4633 primum
895 4571 998 4620 videtur
1008 4576 1067 4632 post
1085 4569 1172 4618 lumen
1183 4569 1204 4629 3'
1221 4568 1289 4618 Ptol.
1302 4568 1398 4631 opatu,
1410 4569 1453 4618 lib.
1464 4569 1490 4620 ii.

338 4662 363 4710 p.
378 4661 416 4698 11.
