3542 5359
411 615 607 673 MORALIS
631 616 950 674 PHILOSOPHIA:
976 617 1092 677 PARS
1120 618 1283 678 TERTIA.
1363 637 1426 698 359

266 799 292 850 ¹a
312 775 438 843 latere¹
459 779 584 842 ruentis
610 778 749 843 aedificii
775 777 886 862 fragor
899 781 1018 844 sonuit.
1065 780 1191 845 Multos
1214 803 1257 844 ex
1281 783 1319 845 iis
1337 802 1423 864 quos

270 883 386 960 lorum,
400 885 499 955 curia,
515 903 625 946 sermo
636 903 766 947 mecum
780 894 1007 962 contraxerat,
1016 906 1084 949 nox
1101 886 1238 950 abstulit
1254 896 1287 949 et
1300 886 1423 967 junctis

273 980 346 1072 [ad]
360 987 552 1051 sodalitium
568 1008 686 1052 manus
700 988 874 1070 copulatas
885 989 1086 1066 interscidit3
1108 989 1217 1053 debeo
1232 1011 1296 1074 ego
1312 991 1422 1055 mirari

271 1093 313 1155 ad
341 1112 395 1155 me
421 1093 600 1174 aliquando
624 1092 769 1174 pericula
794 1093 968 1157 accessisse
992 1115 1079 1176 quae
1104 1093 1190 1158 circa
1216 1115 1268 1158 me
1290 1115 1423 1178 semper

270 1196 460 1260 erraverint.
473 1247 481 1259 .
494 1246 501 1260 .
513 1247 520 1259 .
532 1194 675 1272 Publius,
684 1197 818 1279 tragicis
829 1198 1027 1279 comicisque
1037 1198 1263 1262 vehementior
1273 1200 1422 1283 ingeniis,

273 1351 279 1363 .
296 1350 304 1363 .
320 1349 328 1363 .
343 1301 408 1363 hoc
423 1300 489 1375 ait3

380 1421 521 1486 “Cuivis
543 1431 653 1504 potest
675 1423 823 1486 accidere
845 1424 934 1504 quod
958 1425 1112 1507 cuiquam
1135 1423 1274 1507 potest.”

313 1551 410 1615 ‘Hoc
433 1553 460 1616 si
479 1553 552 1633 quis
575 1553 608 1613 in
630 1551 791 1614 medullas
813 1553 982 1616 demiserit
1006 1566 1040 1618 et
1062 1556 1174 1619 omnia
1196 1555 1302 1617 aliena
1324 1555 1421 1629 mala,

269 1677 409 1738 quorum
424 1657 539 1739 ingens
548 1656 669 1720 cotidie
678 1657 775 1737 copia
785 1657 898 1732 est,sic
906 1659 1105 1740 adspexerit,
1111 1667 1269 1740 tanquam
1280 1658 1419 1723 liberum

270 1761 334 1825 illis
355 1771 391 1824 et
412 1761 455 1823 ad
477 1782 513 1823 se
535 1761 597 1823 iter
612 1762 664 1834 sit,
681 1762 786 1823 multo
808 1769 908 1824 antea
930 1783 966 1826 se
988 1764 1128 1826 armabit
1155 1784 1255 1845 quam
1280 1774 1420 1846 petatur.

271 1865 354 1929 Sero
363 1865 493 1928 animus
501 1865 544 1928 ad
556 1864 774 1947 periculorum
786 1865 981 1947 patientiam
995 1879 1070 1948 post
1086 1869 1231 1949 pericula
1241 1867 1419 1931 instruitur.

271 1969 348 2032 Non
379 1968 494 2050 putavi
525 1967 587 2030 hoc
618 1965 763 2032 futurum
781 2018 789 2034 .
807 1989 941 2050 ..quae
971 1980 1046 2034 sunt
1077 1971 1210 2052 divitiae
1240 1993 1324 2053 quas
1354 1992 1419 2036 non

269 2082 399 2156 egestas
422 2082 456 2135 et
480 2071 583 2135 sames
606 2082 639 2136 et
663 2073 860 2136 mendicitas
884 2094 905 2136 a
929 2085 1022 2156 tergo
1044 2081 1222 2158 sequatur?
1249 2126 1256 2139 .
1279 2078 1420 2158 ..quod

270 2198 407 2261 regnum
430 2187 480 2240 est
502 2179 554 2240 cui
578 2197 643 2239 non
668 2188 784 2258 parata
806 2178 847 2240 sit
871 2177 964 2242 ruina
984 2187 1017 2241 et
1041 2179 1265 2260 proculcatio?
1281 2227 1314 2244 ..
1337 2199 1420 2244 ‚nec

270 2283 399 2362 magnis
424 2282 486 2345 ista
509 2280 690 2344 intervallis
706 2280 812 2344 divisa
835 2281 895 2344 sed
924 2280 1025 2346 horae
1053 2295 1256 2347 momentum
1285 2284 1419 2348 interest

269 2385 354 2450 inter
370 2385 490 2449 solium
505 2397 539 2450 et
555 2384 662 2448 aliena
677 2405 795 2468 genua.
842 2383 935 2450 Scito
950 2405 1029 2469 ergo
1044 2407 1177 2450 omnem
1193 2388 1418 2452 conditionem

269 2491 464 2556 versabilem
492 2512 563 2554 esse
589 2500 624 2553 et
650 2491 807 2572 quicquid
840 2491 872 2554 in
902 2491 1005 2555 ullum
1036 2491 1169 2556 incurrit
1196 2513 1292 2574 posse
1323 2495 1354 2556 in
1385 2504 1420 2558 te

269 2616 401 2678 quoque
416 2595 589 2659 incurrere.
629 2594 792 2677 Locuples
807 2616 862 2659 es:
888 2595 1046 2677 numquid
1058 2597 1190 2660 divitior
1205 2595 1421 2661 Ptolemaeo¹

352 2692 549 2764 mendicavit
572 2699 757 2763 stillicidia:
789 2699 877 2763 same
900 2720 938 2763 ac
960 2699 1012 2763 siti
1038 2701 1143 2783 periit.
1168 2747 1175 2762 .
1199 2749 1206 2762 .
1232 2749 1238 2763 .
1263 2700 1342 2783 Quo
1366 2701 1421 2765 die

272 2798 463 2892 [Seianum]
487 2814 623 2868 senatus
649 2804 845 2881 deduxerat,
869 2804 1012 2887 populus
1041 2807 1073 2867 in
1096 2805 1200 2869 frusta
1222 2807 1392 2870 divisit...
1413 2857 1420 2871 .

271 2911 311 2973 In
327 2921 420 2974 tanta
430 2909 438 2934 ²
449 2909 566 2991 igitur‘
578 2928 686 2972 rerum
699 2929 827 2971 sursum
841 2928 881 2972 ac
893 2910 1049 2972 deorsum
1065 2911 1213 2974 euntium
1225 2911 1419 2984 versatione,

269 3015 296 3078 si
313 3035 379 3078 non
395 3013 552 3096 quicquid
574 3011 642 3076 fieri
665 3023 775 3097 potest
798 3033 858 3094 pro
878 3012 992 3076 futuro
1008 3013 1120 3092 habes,
1141 3016 1202 3078 das
1225 3017 1258 3078 in
1282 3025 1317 3080 te
1331 3017 1419 3079 vires

257 3120 366 3183 ‘rebus
381 3120 535 3190 adversis,
551 3140 633 3200 quas
648 3117 779 3200 infregit
794 3119 943 3200 quisquis
959 3118 1048 3200 prior
1063 3117 1163 3182 vidit’

313 3223 602 3288 ‘Circumcidenda
618 3223 834 3295 concursatio
849 3222 956 3304 qualis
975 3233 1025 3286 est
1048 3243 1187 3305 magnae
1208 3226 1292 3306 parti
1312 3223 1418 3288 homi·
1434 3225 1563 3304 Dq'lmn·

269 3348 348 3391 num
379 3330 496 3391 domos
526 3337 559 3390 et
589 3327 720 3390 theatra
752 3338 787 3391 et
816 3326 888 3390 foro
919 3329 1163 3408 pererrantium.
1224 3327 1354 3392 Alienis
1383 3291 1565 3423 seffffe'

269 3433 411 3515 negotiis
430 3429 575 3496 offerunt
597 3451 727 3514 semper
742 3431 865 3514 aliquid
883 3425 1089 3518 [agentibus]
1108 3432 1241 3497 similes.
1290 3433 1418 3498 Horum

268 3539 295 3602 si
317 3537 463 3619 aliquem
485 3546 663 3600 exeuntem
685 3557 704 3598 e
722 3539 825 3601 domo
845 3537 1114 3620 interrogaveris;
1147 3537 1224 3621 Quo
1248 3545 1308 3603 tu?
1339 3539 1419 3621 quid

267 3645 416 3726 cogitas?
439 3640 653 3726 respondebit
668 3641 737 3704 tibi.
783 3641 862 3705 Non
877 3641 946 3705 scio
961 3664 968 3719 ;
992 3643 1049 3706 sed
1070 3643 1199 3724 aliquos
1213 3643 1345 3720 videb0,
1361 3645 1418 3706 ali·

267 3748 347 3830 quid
364 3766 472 3832 agam.
518 3745 597 3810 Sine
620 3745 792 3828 proposito
812 3758 978 3829 vagantur
996 3758 1190 3828 quaerentes
1212 3748 1368 3830 negotia.
1387 3793 1418 3807 ..

268 3851 470 3918 inconsultus
486 3850 548 3913 illis
560 3869 729 3932 vanusque
745 3869 858 3912 cursus
874 3861 924 3914 est
934 3850 1042 3931 qualis
1057 3851 1200 3913 formicis
1216 3871 1275 3933 per
1285 3851 1419 3914 arbusta

268 3941 470 4040 repentibus,
484 3975 572 4035 quae
589 3954 622 4016 in
636 3973 803 4017 summum
820 3973 977 4018 cacumen
993 3955 1115 4018 deinde
1133 3955 1164 4016 in
1187 3955 1288 4017 imum
1306 3955 1418 4018 inanes

267 4070 483 4143 aguntur...
508 4106 516 4121 .
539 4057 658 4122 Omnis
689 4057 827 4139 itaque³
856 4057 950 4122 labor
974 4057 1086 4140 aliquo
1115 4058 1280 4134 referatur,
1307 4057 1418 4141 aliquo

267 4165 429 4249 respiciat.
474 4163 552 4226 Non
569 4161 730 4225 industria
747 4163 919 4243 inquietos,
939 4156 1027 4251 [sed]
1046 4163 1177 4226 insanos
1194 4161 1294 4225 salsae
1311 4183 1415 4226 rerum

268 4269 429 4356 imagines
438 4269 565 4353 agitant
575 4265 600 4328 ⁴.
612 4314 620 4328 .
632 4313 640 4327 .
654 4315 659 4326 .
675 4266 805 4331 Eodem
822 4268 923 4331 modo
935 4287 1205 4349 unumquemque
1214 4287 1258 4330 ex
1268 4267 1319 4331 his
1331 4287 1416 4349 quos

300 4451 308 4480 ¹
323 4449 407 4510 altius,
422 4447 454 4496 D.
469 4455 496 4496 et
511 4446 543 4497 0.
576 4445 633 4495 The
649 4445 831 4508 transcription
849 4446 879 4494 ol
891 4445 942 4494 this
957 4447 1007 4494 and
1024 4446 1069 4494 the
1084 4444 1218 4508 following
1232 4461 1355 4508 passages
1371 4446 1417 4496 has

267 4544 344 4590 many
355 4541 450 4586 errors,
462 4526 548 4574 which
559 4541 604 4574 are
615 4533 662 4574 not
671 4524 706 4574 all
718 4525 798 4574 noted
808 4525 880 4574 here.
1062 4521 1072 4550 ¹
1090 4523 1220 4585 Pompeio,
1236 4523 1267 4572 D.
1278 4531 1306 4572 et
1318 4523 1351 4574 0.

299 4608 308 4636 ¹
326 4607 415 4656 Baton
428 4607 476 4655 bas
485 4605 633 4654 sornewhat
643 4604 742 4653 altered
754 4603 798 4652 the
809 4604 888 4652 order
899 4601 930 4652 ol
937 4603 981 4651 the
992 4610 1131 4652 sentences
1142 4601 1169 4651 in
1181 4601 1232 4652 this
1244 4617 1360 4666 passage.

298 4687 307 4717 ⁴
324 4687 477 4749 uquemt,
491 4683 523 4734 0.
