3542 5359
422 620 663 680 PERSPECTI
668 619 752 677 VAE
777 619 892 680 PARS
916 617 1078 679 PRIMA:
1111 620 1220 680 DIST.
1241 619 1279 679 X.
1390 633 1428 694 77

274 780 402 865 species
426 803 502 847 suas
528 783 561 846 in
582 803 727 848 sensum.
774 781 879 865 Cujus
906 781 1101 848 certificatio
1124 781 1266 848 difficilis
1288 793 1348 862 est,
1370 782 1428 846 sed
1442 782 1529 832 0010111
1540 779 1601 844 ⁰¹¹¹?

274 895 387 950 tamen
401 886 610 951 Ptolemaeus
621 887 654 950 in
665 889 811 951 secundo
828 887 912 951 libro
922 887 1122 970 Opticorum
1134 888 1333 952 determinat
1344 887 1429 950 hanc
1442 862 1568 990 ffoessnffinr'„

274 990 512 1071 quaestionem,
537 992 657 1065 dicens,
681 993 772 1074 quod
795 991 855 1054 lux
877 1001 912 1056 et
932 992 1025 1056 color
1045 1003 1177 1056 tanturn
1205 992 1330 1056 iaciunt
1354 1011 1431 1054 suas
1443 980 1533 1029 usion.

274 1095 401 1176 species
422 1095 456 1158 in
478 1095 597 1160 visum.
638 1095 684 1159 Et
706 1095 771 1160 hoc
792 1095 865 1159 vult
889 1095 1043 1160 Alhazen
1066 1105 1187 1178 quarto
1209 1096 1318 1175 libro;
1340 1096 1431 1159 unde

276 1196 363 1261 alia1
386 1217 452 1262 non
475 1209 552 1263 sunt
574 1199 684 1263 activa
707 1200 741 1262 in
763 1219 897 1264 sensum
916 1200 1032 1264 necin
1056 1201 1212 1263 medium.
1260 1199 1306 1262 Et
1332 1219 1432 1264 causa

276 1322 379 1383 quare
393 1302 476 1368 haec
490 1323 556 1366 non
572 1313 649 1367 suut
661 1305 770 1368 activa
785 1313 844 1381 est,
855 1304 935 1388 quia
950 1305 1064 1368 omnia
1074 1304 1127 1368 vel
1139 1314 1218 1368 sunt
1229 1304 1432 1387 quantitates

276 1406 329 1468 vel
350 1407 571 1489 proprietates
588 1410 826 1491 quantitatum,
842 1418 879 1470 ut
902 1417 1005 1491 patet,
1023 1417 1057 1472 et
1080 1409 1276 1491 quantitatis
1296 1429 1363 1472 non
1380 1417 1432 1472 est

276 1529 385 1592 agere,
396 1511 475 1593 quia
491 1512 631 1576 debetur
642 1513 799 1576 materiae
814 1513 866 1576 cui
880 1532 948 1575 non
964 1513 1127 1596 competit
1139 1513 1225 1577 actio
1240 1515 1300 1577 sed
1311 1513 1433 1594 passio,

279 1626 316 1679 ut
342 1614 543 1679 Aristoteles
569 1617 650 1680 dicit
676 1619 784 1699 primo
812 1619 854 1681 de
884 1616 1116 1694 Generatione‚
1140 1624 1175 1680 et
1202 1616 1372 1681 Avicenua
1400 1617 1433 1679 in

277 1721 424 1784 secundo
450 1721 493 1783 de
523 1719 648 1784 Anima
679 1721 869 1786 concordat.
929 1720 1018 1784 Nam
1052 1721 1199 1784 medium
1232 1721 1284 1784 vel
1314 1721 1433 1784 iustru-

279 1833 427 1887 mentum
460 1825 684 1908 susceptivum
722 1827 794 1889 soni
844 1835 895 1889 est
933 1825 1109 1902 absonum,
1138 1835 1172 1889 et
1208 1827 1433 1908 susceptivum

276 1926 397 1992 coloris
430 1948 497 1994 nou
527 1928 721 2004 coloratum,
753 1939 791 1994 ut
828 1930 919 1994 dicit.
978 1929 1024 1993 Et
1056 1929 1132 1994 ideo
1162 1929 1238 2010 ejus
1271 1930 1433 1993 sententia

276 2043 337 2111 est,
368 2034 459 2115 quod
494 2034 641 2098 medium
671 2045 706 2100 et
736 2055 852 2098 sensus
885 2055 952 2098 non
986 2033 1110 2098 debent
1143 2033 1266 2098 habere
1298 2044 1433 2098 naturas

277 2137 481 2202 sensibilium
503 2159 647 2221 quorum
671 2140 797 2222 species
815 2139 941 2203 debent
964 2139 1139 2220 suscipere,
1161 2148 1199 2201 ut
1217 2138 1367 2220 judicent
1389 2139 1433 2201 de

277 2243 490 2306 sensibilibus
499 2263 557 2325 per
572 2263 637 2307 eas.
676 2245 777 2309 Unde
792 2244 913 2307 humor
923 2242 1073 2327 glacialis
1089 2263 1155 2307 non
1167 2243 1270 2308 habet
1279 2252 1432 2305 naturam

278 2345 427 2427 aliquam
453 2347 534 2411 lucis
560 2346 612 2411 vel
639 2346 758 2412 coloris
783 2346 847 2412 sub
874 2347 932 2411 illo
957 2348 1064 2431 gradu
1095 2367 1197 2429 quem
1226 2346 1351 2411 habent
1382 2367 1433 2410 res

277 2451 424 2516 visibiles
452 2463 559 2518 extra.
620 2452 710 2516 Nam
741 2452 817 2518 licet
847 2452 964 2518 oculus
996 2452 1119 2516 habeat
1149 2452 1268 2531 lucem,
1291 2452 1356 2516 hoc
1382 2462 1434 2516 est
1464 2493 1469 2499 -

279 2565 431 2637 respectu
447 2556 566 2622 coloris
585 2558 718 2622 videndi
741 2578 807 2622 non
830 2568 983 2640 respectu
1005 2556 1096 2629 lucis,
1119 2560 1198 2639 quia
1217 2557 1347 2640 patiens
1367 2576 1433 2620 non

279 2659 383 2724 habet
395 2671 471 2725 actu
487 2662 545 2725 sed
562 2662 760 2746 inpotentia
778 2683 846 2744 quo
861 2660 1060 2725 assimiletur
1074 2662 1196 2744 agenti.
1241 2660 1314 2724 Nec
1331 2660 1433 2724 habet

280 2765 428 2849 glacialis
443 2767 587 2830 anterior
601 2766 746 2848 aliquem
762 2768 905 2850 gradum
922 2765 1050 2841 coloris,
1062 2786 1131 2848 quo
1146 2763 1346 2829 assimiletur
1356 2785 1433 2828 vere

281 2869 438 2934 coloratis
448 2879 545 2933 extra
559 2872 603 2935 de
617 2871 739 2954 quibus
750 2870 853 2935 habet
862 2871 1011 2952 judicare
1024 2891 1032 2947 ;
1054 2869 1130 2933 licet
1141 2868 1264 2933 habeat
1273 2867 1389 2933 oculus
1398 2869 1433 2931 in

281 2973 349 3037 suis
373 2973 569 3038 humoribus
586 2986 620 3038 et
642 2975 763 3039 tunicis
789 2974 960 3057 quoddam
986 2993 1058 3036 esse
1084 2972 1206 3037 coloris
1228 2973 1349 3052 debile,
1373 2993 1434 3057 per

280 3079 371 3160 quod
387 3077 515 3142 colores
528 3079 727 3160 phantastici
743 3079 926 3161 aliquando
949 3087 1141 3160 appareant,
1157 3087 1194 3141 ut
1213 3076 1341 3159 patebit
1356 3097 1433 3140 cum

280 3183 324 3246 de
340 3181 421 3246 iride
436 3181 494 3246 fiet
508 3203 626 3247 sermo.
657 3181 726 3247 Sed
741 3183 826 3246 bene
840 3183 940 3247 habet
952 3181 1102 3264 figuram,
1114 3191 1149 3248 et
1163 3183 1385 3264 quantitatem
1399 3191 1435 3245 et

280 3287 546 3369 corporeitatem,
558 3296 593 3350 et
603 3287 668 3350 alia
682 3286 849 3351 sensibilia
860 3283 1178 3368 communiaquae²
1190 3286 1220 3350 ei
1231 3296 1435 3369 competunt,

280 3400 317 3456 et
332 3391 408 3456 ideo
423 3411 490 3454 uon
513 3399 563 3454 est
584 3401 701 3455 natum
724 3393 868 3473 recipere
888 3392 1017 3473 species
1039 3391 1168 3467 horum,
1184 3411 1245 3455 nec
1265 3392 1337 3473 ipsa
1357 3401 1436 3455 sunt

281 3495 400 3559 activa.
439 3495 485 3558 Et
500 3497 652 3578 quamvis
662 3493 865 3561 Aristoteles
880 3496 971 3561 dicat
985 3497 1130 3559 secundo
1141 3496 1185 3559 de
1196 3494 1331 3571 Anima,
1343 3496 1435 3577 quod

282 3599 399 3662 ultima
415 3599 575 3683 perfectio
591 3600 699 3665 omnis
713 3621 829 3664 sensus
844 3610 905 3676 est,
919 3600 1010 3683 quod
1026 3599 1097 3682 ejus
1112 3601 1368 3665 instrumentum
1384 3611 1436 3662 est

282 3705 431 3768 medium
470 3705 687 3783 sensibilium,
724 3715 837 3769 tamen
877 3703 932 3768 ille
975 3705 1099 3788 gradus
1139 3704 1326 3768 medietatis
1370 3723 1436 3766 nou

282 3807 449 3871 invenitur
475 3808 508 3870 in
530 3807 629 3872 rebus
648 3807 879 3885 sensibilibus;
909 3808 988 3890 quia
1010 3807 1038 3872 si
1058 3807 1259 3871 inveniretur
1283 3816 1317 3870 et
1342 3805 1437 3871 fieret

282 3911 356 3994 ejus
370 3912 496 3993 species
510 3913 543 3975 in
557 3933 699 3989 sensum,
715 3933 781 3976 non
793 3912 958 3996 judicaret
973 3931 1088 3975 sensus
1104 3913 1147 3975 de
1169 3911 1226 3975 illa
1249 3911 1437 3986 medietate,

283 4027 318 4079 et
334 4017 409 4080 ideo
424 4017 512 4081 visus
528 4036 594 4081 non
610 4027 721 4100 potest
736 4018 863 4101 species
880 4038 990 4081 rerum
1005 4017 1159 4101 recipere,
1175 4026 1213 4079 ut
1230 4017 1360 4100 judicet
1378 4036 1438 4098 per

284 4139 341 4184 eas
357 4122 399 4186 de
414 4120 522 4198 rebus,
532 4141 672 4205 quarum
689 4130 825 4186 naturae
840 4122 965 4186 similes
980 4131 1058 4185 sunt
1073 4120 1105 4184 in
1117 4120 1189 4183 visu
1196 4119 1218 4184 ³.
1254 4119 1341 4184 Cum
1356 4139 1438 4203 ergo

317 4256 326 4286 ¹
342 4256 369 4317 J.
380 4256 428 4306 hes
439 4257 512 4320 haec,
521 4257 611 4307 which
622 4258 645 4308 is
656 4256 752 4320 clearly
760 4272 861 4319 wrong.
898 4256 1028 4305 Comhach
1042 4257 1090 4304 has
1100 4256 1158 4304 alia
1191 4257 1248 4306 The
1259 4255 1396 4304 reference
1409 4263 1438 4304 to

283 4335 400 4384 Alhazeu
417 4351 503 4385 seems
519 4335 641 4398 wrongly
658 4336 744 4399 given.
786 4335 810 4385 lt
826 4336 922 4385 should
942 4336 977 4384 be
998 4334 1040 4383 lib.
1058 4335 1085 4384 ii.
1102 4349 1158 4396 cap.
1178 4349 1218 4395 11,
1237 4336 1321 4394 5317,
1338 4335 1383 4386 rs:
1407 4348 1439 4382 or

284 4414 348 4474 else,
366 4413 401 4464 iii.
416 4427 472 4476 cap.
486 4427 510 4474 5,
525 4417 538 4472 5
556 4429 598 4462 ao.
631 4413 683 4462 His
700 4413 827 4476 lunguage
843 4415 866 4462 is
882 4413 953 4476 quite
970 4413 1089 4465 distinct:
1109 4415 1178 4462 ‘nou
1193 4413 1223 4461 ut
1239 4411 1438 4472 oomprebeusio

285 4507 333 4598 pq·
343 4506 448 4630 squsuan
462 4492 557 4556 (visus)
571 4492 621 4542 nisi
632 4492 697 4542 lucis
707 4500 735 4542 et
748 4491 842 4542 coloris
853 4489 969 4541 tantum!

318 4653 328 4684 ¹
343 4570 537 4716 luld’naning
551 4667 636 4704 seems
648 4661 676 4704 to
687 4653 719 4704 be
731 4653 788 4702 that
805 4653 849 4702 the
861 4653 973 4702 medium
989 4651 1042 4702 aud
1056 4651 1112 4701 also
1125 4650 1170 4700 the
1185 4664 1357 4712 seuseorgan
1371 4656 1440 4699 must
