3542 5359
388 611 450 689 426
655 614 991 675 MULTIPLICATIO
1016 615 1271 676 SPECIERUM.

389 785 463 839 rent
485 776 594 839 dicere
620 776 793 842 materiam
819 779 934 863 aliquo
961 779 1062 842 modo
1091 799 1198 863 agere,
1225 787 1336 861 potest
1357 776 1424 841 dici
1451 776 1548 860 quod

389 881 529 943 materia
544 878 636 946 nullo
651 884 752 947 modo
768 881 847 948 lacit
862 884 1018 967 speciem,
1033 884 1090 948 sed
1107 903 1167 965 per
1182 882 1346 948 actionem
1362 881 1547 964 compositi

390 994 424 1047 et
441 982 566 1050 lormae
576 997 752 1069 generatur
762 990 888 1072 species
905 990 1062 1054 materiae
1076 987 1250 1071 specificae
1264 988 1350 1050 sicut
1366 997 1401 1051 et
1416 986 1547 1050 formae

390 1098 424 1152 et
439 1090 623 1172 compositi,
639 1101 677 1155 ut
690 1101 818 1157 tactum
834 1101 884 1156 est
900 1081 1000 1175 prius.
1038 1176 1042 1184 .

222 1191 300 1306 Mssug
433 1192 514 1256 Alia
533 1205 646 1258 autem
661 1196 855 1278 corporalia,
870 1217 957 1280 quae
973 1197 1119 1261 maxime
1138 1197 1301 1261 accedunt
1318 1196 1362 1260 ad
1378 1195 1442 1260 ista
1457 1195 1545 1259 acci·

221 1266 351 1388 limi&
388 1297 510 1376 dentia,
525 1309 602 1363 sunt
621 1301 790 1364 sensibilia
810 1303 1008 1379 communia,
1023 1302 1102 1386 quia
1126 1321 1185 1383 per
1206 1323 1242 1365 se
1264 1311 1342 1365 sunt
1365 1300 1546 1376 sensibilia,

221 1390 326 1518 QZ
388 1413 425 1467 ut
451 1402 653 1468 Aristoteles
676 1406 769 1485 dicit,
792 1425 878 1489 quae
903 1417 980 1470 sunt
1004 1404 1208 1489 magnitudo,
1231 1405 1346 1489 ligura,
1377 1389 1544 1480 numerus,

221 1521 337 1596 angering
389 1516 501 1571 motus
516 1517 550 1572 et
561 1507 754 1590 hujusmodi
767 1529 872 1592 usque
888 1510 931 1573 ad
947 1510 1075 1592 viginti,
1085 1530 1161 1574 cum
1178 1511 1224 1573 eis
1237 1529 1323 1592 quae
1339 1510 1545 1573 reducuntur

218 1602 375 1716 23¹3}ssssss
387 1612 431 1675 ad
448 1612 514 1690 illa,
524 1613 610 1676 sicut
624 1612 776 1677 habitum
791 1626 843 1678 est
855 1615 956 1697 prius·
991 1615 1045 1678 De
1059 1614 1199 1678 hisvero
1214 1614 1295 1676 dicit
1307 1610 1543 1678 Ptolemaeus¹

220 1718 285 1782 light
296 1719 346 1768 and
389 1715 584 1780 insecundo
601 1717 686 1782 libro
701 1717 743 1782 de
756 1719 967 1800 Aspectibus‚
979 1719 1070 1801 quod
1087 1739 1153 1781 non
1169 1717 1291 1782 iaciunt
1308 1719 1494 1800 passionem
1510 1717 1544 1780 in

220 1783 315 1834 colom.
387 1821 493 1883 visum
514 1819 654 1884 similem
676 1823 724 1886 eis
751 1824 886 1887 nomine
916 1833 949 1886 et
976 1822 1177 1899 definitione,
1203 1823 1260 1886 sed
1288 1823 1395 1886 solum
1420 1821 1481 1884 lux
1508 1831 1543 1883 et

388 1923 480 1989 color
505 1923 591 1987 hanc
614 1924 748 2004 iaciunt,
770 1946 857 2010 quae
883 1928 995 2009 passio
1023 1927 1214 1991 nominatur
1243 1927 1287 1990 ab
1309 1946 1349 1989 eo
1379 1926 1543 1989 coloratio

387 2038 422 2093 et
444 2028 651 2095 illuminatio.
696 2031 777 2095 Alia
799 2041 912 2096 autem
935 2032 1103 2096 sensibilia
1128 2031 1456 2114 comprehenduntur
1483 2049 1544 2112 per

387 2133 486 2197 aliam
499 2135 596 2214 viam,
606 2145 642 2198 ut
654 2136 861 2201 determinat.
894 2136 940 2199 Et
959 2135 1022 2200 hoc
1038 2137 1126 2200 idem
1142 2136 1213 2200 vult
1227 2135 1377 2198 Alhazen
1394 2134 1543 2198 secundo

390 2238 608 2321 Aspectuum,
631 2249 666 2304 et
688 2260 849 2322 expresse
871 2241 1070 2304 determinat
1094 2240 1158 2304 hoc
1179 2250 1299 2322 quarto
1319 2239 1542 2322 Aspectuum,

387 2343 502 2406 dicens
532 2344 622 2426 quod
652 2343 734 2407 nihil
761 2344 852 2408 venit
882 2366 903 2409 a
932 2346 1125 2428 corporibus
1154 2345 1213 2408 nisi
1243 2343 1371 2426 species
1398 2342 1481 2406 lucis
1508 2352 1543 2406 et

386 2445 514 2510 coloris
548 2446 593 2509 Et
610 2457 747 2529 uterque
759 2447 959 2512 determinat
973 2447 1058 2511 hanc
1069 2448 1157 2511 viam
1169 2447 1277 2522 aliam,
1289 2457 1425 2529 propter
1436 2465 1541 2530 quarn

387 2551 476 2612 visus
490 2548 598 2614 solum
615 2571 681 2614 non
696 2549 817 2615 sufficit
837 2553 880 2616 ad
893 2553 1110 2634 judicandum
1128 2553 1301 2616 veritatem
1322 2551 1462 2628 borum3
1482 2569 1544 2613 nec

388 2654 418 2717 ei
442 2655 632 2719 attribuitur
654 2654 815 2737 judicium
840 2656 884 2718 de
909 2655 992 2734 aliis,
1015 2655 1072 2719 sed
1100 2654 1172 2719 aliis
1195 2655 1373 2719 virtutibus
1400 2655 1544 2728 animae,

388 2759 557 2822 mediante
577 2759 647 2822 visu
670 2759 722 2824 vel
745 2769 836 2824 tactu
858 2759 911 2823 vel
935 2759 1009 2824 alio.
1056 2760 1157 2824 Unde
1171 2758 1324 2822 Alhazen
1344 2759 1432 2835 dicit,
1450 2759 1544 2840 quod

387 2863 492 2928 virtus
522 2863 712 2928 distinctiva
741 2875 776 2927 et
808 2863 1032 2928 ratiocinativa
1065 2865 1147 2928 haec
1179 2863 1342 2945 judicant,
1372 2863 1545 2926 mediante

387 2987 485 3030 sensu
508 2967 709 3050 particulari.
751 2967 798 3031 Et
822 2967 949 3032 Tideus
975 2967 1018 3031 de
1042 2967 1248 3051 Aspectibus
1275 2966 1327 3031 his
1352 2965 1546 3042 concordat,

386 3072 500 3136 volens
520 3073 611 3154 quod
632 3073 733 3136 situm
753 3081 788 3136 et
807 3071 949 3154 figuram
968 3082 1003 3135 et
1023 3072 1284 3155 magnitudinem
1300 3081 1335 3134 et
1350 3070 1544 3154 hujusmodi

387 3197 456 3241 non
479 3186 590 3260 potest
610 3177 700 3242 visus
721 3197 922 3261 cognoscere
945 3177 1007 3240 nisi
1030 3177 1157 3259 species
1175 3177 1263 3239 visus
1286 3175 1380 3239 fieret
1402 3176 1445 3239 ad
1471 3194 1543 3237 rem

385 3281 502 3363 ipsam,
525 3282 683 3365 quoniam
705 3283 832 3365 species
862 3282 1000 3345 istorum
1025 3280 1227 3345 sensibilium
1258 3279 1444 3344 contrariae
1474 3297 1543 3342 non

386 3384 473 3448 fiunt
490 3406 511 3448 a
531 3387 638 3464 rebus,
661 3386 844 3452 secundum
864 3407 951 3451 eum.
998 3385 1045 3450 Et
1060 3386 1149 3449 istud
1165 3381 1280 3469 patet²
1296 3405 1356 3467 per
1370 3383 1434 3447 hoc
1450 3384 1544 3466 quod

386 3507 449 3552 nos
472 3489 673 3572 percipimus
696 3491 802 3554 visum
830 3491 901 3573 pati
927 3511 947 3553 e
974 3489 1049 3554 lorti
1076 3490 1150 3554 luce
1174 3498 1208 3552 et
1234 3488 1354 3560 colore,
1378 3489 1426 3552 ita
1449 3488 1543 3569 quod

387 3592 522 3675 quando
539 3593 734 3675 aspeximus
754 3595 874 3659 sortem
893 3595 1000 3658 lucem
1016 3593 1068 3658 vel
1086 3593 1239 3672 colorem,
1255 3601 1289 3657 et
1309 3603 1545 3657 convertamus

387 3716 449 3762 nos
473 3707 590 3779 postea
620 3698 665 3760 ad
690 3697 755 3762 alia
782 3697 924 3762 visibilia
951 3698 1120 3762 debilioris
1146 3698 1229 3761 lucis
1255 3706 1290 3761 ct
1317 3696 1447 3775 coloris,
1475 3717 1543 3761 non

385 3803 500 3866 statim
532 3802 731 3885 percipimus
761 3803 818 3866 illa
848 3803 914 3865 alia
944 3801 1093 3882 visibilia,
1121 3813 1257 3885 propter
1289 3801 1545 3883 impressionem

387 3906 494 3971 adhuc
513 3917 739 3970 remanentem
763 3926 783 3969 a
804 3906 880 3970 lorti
904 3905 1015 3970 colore
1034 3906 1086 3970 vel
1109 3906 1189 3982 luce,
1205 3907 1263 3969 sed
1283 3925 1360 3969 cum
1378 3905 1543 3988 paulatim

385 4012 559 4086 evanescit,
581 4021 816 4093 augmentatur
837 4011 921 4075 visio
948 4021 983 4074 et
1008 4011 1229 4095 apprehensio
1256 4030 1365 4074 rerum
1400 4009 1544 4074 illarum.

385 4114 455 4180 Sed
470 4117 534 4180 hoc
549 4137 616 4179 non
630 4116 750 4180 accidit
768 4117 864 4180 nobis
879 4117 913 4178 in
928 4116 1072 4180 videndo
1093 4115 1177 4180 lorte
1192 4116 1331 4179 densum
1346 4114 1402 4178 vel
1423 4135 1545 4190 rarum,

383 4219 438 4283 vel
452 4241 605 4303 asperum
620 4220 673 4284 vel
690 4220 772 4294 lene,
786 4219 839 4283 vel
855 4221 1118 4303 magnitudinem
1133 4219 1184 4282 vel
1205 4219 1476 4301 corporeitatem,
1493 4220 1545 4284 vel

385 4322 535 4406 figuram,
546 4325 598 4388 vel
615 4324 814 4407 hujusmodi,
825 4325 962 4406 quando
977 4335 1094 4406 postea
1108 4323 1287 4406 aspicimus
1303 4321 1368 4386 alia
1380 4324 1546 4403 visibilia;

386 4438 421 4491 et
447 4447 507 4509 per
529 4427 595 4492 hoc
619 4429 742 4493 scimus
762 4429 852 4512 quod
880 4448 994 4492 sensus
1018 4448 1085 4493 non
1112 4429 1236 4512 patitur
1260 4429 1304 4492 ab
1328 4427 1381 4490 his
1408 4430 1498 4494 sicut
1527 4452 1548 4494 a

385 4531 594 4595 sensibilibus
609 4531 760 4616 propriis.
807 4532 893 4596 ltem
914 4533 941 4596 si
962 4553 1028 4597 non
1045 4542 1131 4598 esset
1148 4533 1297 4610 densum,
1313 4553 1333 4595 a
1351 4545 1451 4616 parte
1468 4547 1548 4617 post

548 4674 558 4704 ¹
576 4675 628 4724 See
640 4675 705 4725 Ptol.
720 4676 788 4738 Ope,
798 4691 840 4738 pp
854 4677 928 4739 8-13.
1178 4675 1189 4706 ¹
1205 4676 1242 4726 Ci.
1256 4691 1281 4740 p.
1296 4691 1350 4739 103.
