3542 5359
200 4223 302 4299 Convex¹

199 4287 304 4352 cylindri

199 4353 301 4404 mirrors

305 4289 343 4338 cal

365 619 424 699 136
585 621 741 682 OPERIS
765 620 955 690 MAJORIS
979 619 1094 680 PARS
1120 617 1291 693 QUINTA.

362 779 445 842 visio
469 799 529 861 per
550 777 743 862 hujusmodi
767 779 961 865 ingressum,
983 780 1041 843 sed
1065 778 1173 842 solum
1195 779 1312 843 transit
1330 797 1390 860 per
1404 797 1518 859 super-

364 884 471 947 ficiem
488 882 612 966 speculi
629 885 791 967 usquead
808 885 986 947 terminum
999 882 1189 947 reflexionis
1206 883 1238 946 in
1253 893 1348 966 parte
1363 882 1519 964 opposita

363 989 406 1050 ad
423 988 657 1070 aequalitatem
679 986 875 1070 angulorum
897 986 1093 1051 incidentiae
1115 996 1150 1051 et
1170 985 1371 1050 reflexionis.
1418 985 1518 1049 Unde

365 1112 430 1155 non
446 1093 578 1155 videtur
599 1091 690 1156 locus
711 1092 863 1177 imaginis
884 1113 957 1156 esse
979 1093 1012 1154 in
1035 1091 1267 1173 conjunctione
1289 1091 1369 1155 radii
1384 1089 1518 1154 visualis

337 1216 439 1294 'cum
481 1196 616 1259 catheto
654 1206 791 1280 propter
822 1197 997 1262 veritatem
1031 1197 1229 1260 existentiae
1265 1194 1336 1277 ejus
1373 1194 1429 1267 ibi,
1459 1194 1517 1257 sed

364 1308 501 1382 propter
516 1302 747 1382 apparentiam
770 1311 909 1365 tanturn.

410 1403 457 1468 Et
486 1404 519 1467 in
550 1404 728 1487 sphaericis
754 1405 856 1469 etiam
886 1416 985 1470 extra
1010 1404 1121 1489 politis
1147 1405 1328 1468 secundum
1356 1402 1518 1483 judicium

364 1508 454 1573 visus
470 1518 610 1592 apparet
633 1530 683 1572 res
706 1509 740 1572 in
764 1528 925 1573 concursu
948 1510 1031 1573 radii
1053 1509 1187 1572 visualis
1210 1528 1287 1571 curn
1309 1506 1396 1570 linea
1418 1508 1520 1570 ducta

365 1633 385 1675 a
413 1631 447 1674 re
476 1611 508 1675 in
538 1622 687 1676 centrum
718 1613 887 1696 sphaerae,
913 1613 969 1696 qui
994 1633 1174 1678 concursus
1200 1622 1312 1694 potest
1336 1631 1409 1675 esse
1434 1608 1520 1672 ultra

365 1715 548 1798 speculum,
562 1716 613 1779 vel
630 1717 726 1794 intra,
741 1715 793 1780 vel
813 1717 846 1780 in
866 1716 1038 1802 superficie
1055 1716 1188 1801 speculi.
1234 1715 1280 1779 Et
1302 1715 1349 1779 sic
1371 1712 1520 1797 intellige

365 1819 397 1882 in
416 1820 596 1883 columnari
617 1829 651 1884 et
674 1820 882 1904 pyramidali.
930 1821 1057 1886 Omnes
1080 1831 1192 1884 autem
1215 1839 1341 1884 errores
1362 1819 1420 1900 qui
1442 1827 1521 1882 sunt

365 1925 398 1988 in
421 1923 536 2008 planis,
552 1927 705 1990 accidunt
728 1936 762 1989 et
786 1927 817 1988 in
841 1927 1009 2001 convexis,
1025 1935 1060 1988 et
1082 1924 1204 2010 plures,
1226 1925 1304 2007 quia
1326 1924 1359 1986 in
1381 1922 1433 1987 his
1455 1921 1519 1986 fre-

364 2038 503 2111 quenter
525 2049 575 2094 res
598 2030 668 2095 visa
691 2041 832 2115 apparet
855 2031 963 2094 minor
985 2051 1085 2113 quam
1108 2031 1173 2108 sit;
1204 2029 1384 2110 aliquando
1406 2038 1520 2091 tamen

364 2132 512 2214 aequalis
526 2133 579 2196 vel
596 2133 710 2216 major,
728 2135 786 2198 sed
803 2135 979 2198 rarissime.
1023 2134 1136 2196 Minor
1150 2142 1263 2197 autem
1278 2139 1420 2216 apparet
1435 2130 1520 2206 ideo,

364 2238 443 2320 quia
465 2237 574 2300 minor
594 2248 645 2301 est
664 2237 807 2302 latitudo
823 2237 1008 2322 superficiei
1029 2236 1154 2322 speculi
1176 2257 1196 2300 a
1219 2257 1285 2319 qua
1307 2235 1520 2300 reflectuntur

366 2341 447 2404 radii
469 2341 512 2402 ad
536 2341 669 2406 oculum
691 2352 921 2406 concurrentes
941 2363 1042 2425 quarn
1063 2342 1097 2405 in
1120 2340 1262 2425 speculis
1284 2339 1414 2424 planis;
1437 2338 1519 2403 radii

367 2444 454 2508 enim
474 2442 589 2507 reflexi
605 2466 625 2509 a
640 2465 790 2510 convexo
807 2446 914 2528 magis
929 2447 1160 2529 disgregantur
1177 2465 1278 2527 quam
1301 2463 1320 2506 a
1336 2443 1437 2527 plano
1451 2463 1459 2520 ;
1482 2451 1520 2505 ut

367 2567 446 2630 ergo
470 2547 502 2609 in
525 2549 596 2612 visu
620 2560 752 2615 currant
774 2551 860 2614 sicut
882 2573 903 2615 a
926 2549 1038 2635 plan0‚
1061 2558 1194 2634 oportet
1217 2550 1307 2631 quod
1333 2570 1354 2610 a
1379 2546 1519 2610 breviori

367 2651 541 2735 superficie
557 2653 615 2715 fiat
632 2651 768 2717 reflexio
785 2675 885 2738 quam
901 2676 921 2718 a
937 2653 1048 2745 plano.
1104 2651 1381 2736 Repraesentatio
1407 2660 1519 2715 autem

367 2754 447 2820 idoli
471 2756 621 2839 sequitur
646 2759 871 2823 conditionem
899 2758 1137 2823 reverberantis
1163 2755 1354 2839 superficiei.
1403 2754 1442 2817 ln
1468 2754 1520 2817 his

367 2881 445 2945 ergo
461 2860 602 2944 speculis
619 2883 704 2944 pene
725 2863 805 2927 nihil
828 2874 967 2947 apparet
987 2863 1169 2926 secundum
1191 2862 1281 2944 quod
1302 2869 1363 2937 est,
1378 2867 1520 2940 excepta

366 2965 572 3029 ordinatione
588 2967 742 3048 partium,
757 2987 843 3050 quae
858 2967 935 3031 talis
950 2976 1001 3030 est
1022 2967 1055 3028 in
1079 2964 1213 3050 speculo
1231 2966 1315 3028 sicut
1337 2963 1371 3026 in
1390 2983 1433 3026 re.
1480 2960 1519 3023 ln

367 3069 437 3132 istis
459 3080 548 3133 recta
570 3081 733 3152 apparent
755 3091 874 3147 curva3
906 3091 981 3135 cum
1005 3071 1093 3132 enirn
1116 3067 1253 3133 reflexio
1274 3069 1319 3132 sit
1340 3069 1382 3132 ad
1405 3088 1520 3152 super·

368 3172 474 3234 ficiem
491 3193 675 3238 convexam
693 3175 859 3238 radiorum
876 3186 1114 3252 extremorum,
1123 3173 1256 3237 termini
1273 3172 1379 3254 magis
1394 3173 1520 3236 distant

367 3297 387 3339 a
403 3286 517 3339 centro
533 3276 618 3341 oculi
635 3298 735 3361 quam
753 3279 985 3344 extremitates
1001 3278 1083 3341 radii
1104 3277 1214 3354 medii,
1231 3286 1265 3340 et
1288 3278 1376 3359 quod
1398 3276 1520 3340 accidit

368 3380 401 3442 in
416 3381 630 3445 verticatione
643 3381 810 3463 judicatur
825 3383 933 3447 inesse
948 3383 1002 3447 rei.
1034 3383 1215 3446 Rarissime
1229 3391 1343 3444 tamen
1358 3380 1520 3464 contingit

367 3492 457 3547 recta
472 3504 631 3567 apparere
655 3497 752 3562 recta,
768 3486 905 3568 quando
925 3485 1050 3551 scilicet
1064 3486 1153 3550 visus
1175 3485 1271 3548 luerit
1293 3485 1327 3546 in
1347 3483 1520 3567 superficie

368 3588 400 3649 in
429 3608 494 3669 qua
512 3597 590 3651 sunt
613 3588 698 3653 linea
720 3591 789 3654 visa
810 3600 844 3653 et
864 3600 1015 3656 centrum
1036 3590 1205 3674 sphaerae.
1250 3588 1355 3671 Cujus
1381 3589 1520 3652 demon-

367 3692 484 3756 stratio
497 3693 730 3758 mathematica
742 3692 893 3758 diffusior
903 3705 953 3760 est
965 3715 1066 3777 quam
1079 3695 1122 3756 sit
1135 3713 1221 3756 nunc
1237 3692 1351 3776 opus¹.
1394 3693 1519 3756 Iterum

367 3795 561 3872 notandum,
578 3800 668 3879 quod
688 3800 721 3862 in
744 3799 885 3880 speculis
902 3799 1059 3863 convexis
1076 3799 1182 3861 minor
1196 3806 1247 3860 est
1262 3796 1421 3860 distantia
1439 3794 1519 3860 idoli

367 3919 387 3961 a
406 3901 541 3982 speculo
561 3922 661 3984 quam
687 3904 732 3966 rei
754 3903 853 3980 visae,
869 3924 945 3967 cum
968 3914 1080 3967 tamen
1103 3902 1136 3965 in
1159 3901 1267 3986 planis
1288 3901 1331 3964 sit
1352 3900 1520 3984 aequalis:

366 4003 459 4087 cujus
479 4023 579 4068 causa
600 4017 660 4085 est,
676 4007 754 4088 quia
777 4007 810 4071 in
832 4008 990 4072 convexis
1012 4008 1111 4071 citius
1133 4005 1298 4071 concurrit
1313 4006 1425 4069 radius
1443 4025 1521 4068 cum

367 4108 501 4172 catheto
516 4130 617 4192 quam
634 4110 667 4174 in
683 4110 801 4195 planis,
817 4121 854 4175 ut
869 4121 962 4195 patet
978 4110 1165 4194 inquirenti.

413 4211 451 4275 In
473 4213 719 4279 columnaribus
734 4226 830 4279 extra
845 4216 958 4300 politis
973 4216 1061 4280 idem
1076 4236 1167 4280 error
1181 4215 1300 4280 accidit
1315 4215 1373 4299 qui
1395 4215 1428 4278 in
1443 4234 1521 4279 con-

367 4317 462 4380 vexis
477 4317 664 4400 sphaericis,
680 4329 713 4383 et
729 4318 849 4402 plures.
889 4322 928 4384 In
946 4321 998 4384 his
1012 4322 1098 4385 enim
1118 4341 1168 4386 res
1183 4320 1253 4385 visa
1268 4320 1368 4402 longe
1381 4331 1521 4402 apparet

401 4557 408 4584 ¹
428 4557 485 4606 One
499 4558 528 4606 ol
536 4575 614 4622 many
626 4561 780 4610 indications
792 4564 847 4612 that
860 4563 904 4612 the
915 4563 980 4614 limit
992 4565 1021 4613 ol
1035 4565 1145 4615 Bacon's
1157 4566 1344 4616 mathematical
1355 4566 1523 4618 attainmeuts

369 4635 392 4684 is
405 4642 450 4684 not
462 4643 489 4684 to
500 4637 532 4686 be
544 4637 647 4688 defined
658 4639 694 4702 by
705 4641 750 4689 the
764 4641 835 4705 Opus
845 4642 939 4707 Majua
