3542 5359
348 617 408 677 270
561 603 717 662 OPERIS
740 605 931 674 MAJORIS
954 606 1070 664 PARS
1095 605 1295 665 SEPTIMA.

349 764 523 852 defatigat,
545 787 673 832 venena
702 769 828 848 miscet,
851 769 980 856 gladios
1002 769 1115 844 tradit,
1149 769 1232 833 haec
1261 777 1312 832 est
1340 769 1502 849 sanguine

350 881 464 935 nostro
479 869 635 944 delibata,
651 882 786 956 propter
806 874 891 937 hanc
912 874 1089 938 tribunalia
1110 874 1363 956 magistratuum
1381 874 1502 957 premit

349 975 455 1049 turba,
480 995 573 1058 reges
595 979 753 1052 saeviunt,
772 979 924 1042 civitates
946 988 1120 1055 evertunt;
1150 978 1281 1042 fremitu
1301 977 1500 1058 judiciorum

348 1079 505 1144 basilicae
528 1092 691 1156 resonant,
716 1083 845 1147 evocati
867 1104 912 1147 ex
940 1083 1128 1166 longinquis
1158 1082 1348 1166 regionibus
1374 1082 1502 1164 judices

348 1185 473 1263 sedent,
494 1185 668 1267 judicaturi
693 1188 798 1250 utrius
817 1186 938 1270 justior
959 1188 1099 1252 avaritia
1121 1187 1182 1252 sit'
1229 1185 1273 1250 Et
1298 1186 1330 1249 in
1352 1187 1437 1249 libro
1459 1188 1502 1249 de

349 1287 456 1371 Copia
481 1289 681 1370 Verborum,
704 1292 794 1360 dicit,
820 1292 972 1355 ‘Avarus
1003 1290 1084 1354 nihil
1110 1300 1200 1355 recte
1223 1291 1301 1354 iacit
1334 1291 1394 1354 nisi
1425 1310 1501 1354 cum

351 1392 505 1456 moritur?
551 1393 728 1460 Sallustius
756 1416 835 1459 vero
865 1394 950 1458 libro
983 1404 1169 1459 memorato
1199 1395 1302 1471 dicit3
1328 1393 1501 1458 ‘Ambitio

349 1497 484 1578 quidem
500 1498 692 1562 dominandi
704 1498 826 1563 multos
843 1499 1002 1564 mortales
1012 1498 1114 1563 falsos
1125 1497 1195 1562 fieri
1207 1499 1318 1581 coegit
1332 1523 1340 1574 ;
1362 1497 1452 1562 aliud
1469 1498 1501 1560 in

350 1611 483 1685 pectore
498 1602 658 1678 clausurn,
674 1602 764 1667 aliud
781 1605 813 1666 in
829 1604 943 1686 lingua
963 1615 1156 1687 promptum
1179 1603 1311 1668 habere.
1358 1603 1404 1665 Et
1424 1621 1500 1664 cum

349 1705 418 1770 vita
433 1704 604 1769 hominum
620 1707 691 1770 sine
710 1708 895 1790 cupiditate
915 1717 1069 1790 ageretur
1091 1709 1125 1771 in
1148 1709 1251 1777 terris,
1267 1708 1349 1771 satis
1365 1705 1501 1770 cuilibet

350 1830 410 1872 sua
425 1810 610 1896 placebant.
643 1810 768 1876 Verum
779 1813 834 1875 ubi
851 1811 1005 1895 superbia
1017 1812 1212 1876 dominandi
1228 1813 1356 1891 invasit,
1368 1810 1502 1875 fortuna

351 1913 448 1977 simul
479 1934 555 1978 cum
579 1916 725 1979 moribus
755 1915 973 1980 immutatur!
1018 1916 1159 2000 Propter
1181 1918 1271 1999 quod
1295 1917 1328 1979 in
1351 1915 1436 1979 libro
1458 1916 1502 1977 de
1553 1903 1557 1908 ’

352 2016 525 2082 Beneficiis
548 2017 675 2083 Seneca
697 2020 868 2102 alloquens
891 2019 1052 2102 superbos
1074 2031 1210 2103 propter
1233 2022 1322 2084 bona
1350 2021 1502 2083 fortunae

351 2123 440 2200 dicit,
471 2122 615 2188 ‘Omnia
639 2145 725 2206 quae
750 2123 831 2188 vos¹
854 2124 1003 2189 tumidos
1035 2134 1069 2188 et
1101 2144 1201 2207 super
1226 2124 1372 2188 humana
1397 2123 1502 2188 elatos

351 2226 500 2292 oblivisci
531 2237 655 2310 cogunt
685 2239 814 2292 vestrae
851 2228 1045 2311 fragilitatis,
1075 2249 1162 2310 quae
1199 2228 1311 2292 ferreis
1351 2227 1503 2292 claustris

350 2333 535 2410 custoditis
557 2353 643 2415 quae
661 2353 705 2396 ex
727 2333 836 2396 alieno
866 2334 1028 2415 sanguine
1058 2343 1154 2416 rapta
1176 2344 1287 2398 vestro
1318 2332 1503 2406 defenditis,

351 2446 487 2519 propter
520 2457 606 2520 quae
636 2439 742 2520 ruptis
769 2436 868 2501 toties
899 2438 1067 2501 affinitatis
1104 2437 1270 2502 amicitiae
1306 2436 1503 2518 collegiique

352 2538 539 2604 foederibus
551 2542 635 2604 inter
646 2543 885 2606 contendentes
895 2543 980 2606 duos
990 2552 1149 2606 terrarum
1161 2543 1251 2606 orbis
1262 2541 1362 2606 elisus
1371 2550 1502 2619 estnon

351 2655 427 2709 sunt
439 2656 548 2710 vestra
563 2668 570 2723 ;
583 2644 653 2726 jam
667 2647 709 2710 ad
723 2646 825 2711 alium
839 2646 1012 2710 dominum
1023 2648 1207 2730 spectantia
1215 2656 1312 2721 sunt;
1329 2657 1386 2710 aut
1398 2645 1503 2708 hostis

352 2749 415 2821 illa,
434 2758 493 2813 aut
515 2749 643 2813 hostilis
664 2750 767 2813 animi
788 2771 965 2829 successor,
980 2763 1039 2815 aut
1058 2751 1141 2837 ignis
1162 2760 1220 2815 aut
1240 2750 1341 2814 alium
1363 2747 1503 2812 infortu-

352 2855 443 2917 nium
461 2855 602 2918 invadet
649 2853 790 2937 Quaeris
805 2854 975 2938 quomodo
992 2854 1047 2918 illa
1062 2865 1120 2919 tua
1137 2855 1257 2918 facies?
1281 2856 1369 2918 dona
1378 2854 1501 2917 dando.

352 2956 496 3022 Consule
519 2957 620 3041 igitur
642 2959 738 3023 rebus
761 2959 835 3034 tuis,
858 2968 894 3023 et
915 2968 1042 3023 certam
1065 2959 1126 3023 tibi
1151 2979 1265 3023 earum
1287 2968 1388 3039 atque
1409 2959 1502 3021 inex-

352 3061 565 3144 pugnabilem
585 3064 824 3147 possessionem
848 3083 950 3146 para;
976 3062 1179 3128 honestiores
1201 3063 1275 3127 illas
1296 3082 1363 3126 non
1383 3061 1504 3139 solum,

352 3167 410 3228 sed
439 3167 576 3231 tutiores
605 3168 759 3231 facturus.
807 3167 845 3230 In
876 3188 944 3250 quo
966 3178 1002 3231 te
1031 3167 1169 3231 divitem
1200 3175 1303 3248 atque
1329 3175 1502 3248 potentem

351 3281 458 3354 putas,
481 3271 639 3351 quamdiu
664 3271 824 3353 possides
845 3273 908 3336 sub
931 3271 1065 3334 nomine
1088 3271 1224 3335 sordido
1244 3270 1352 3353 jacet3
1380 3271 1504 3333 domus

352 3382 412 3448 est,
435 3395 546 3438 servus
568 3384 630 3452 est,
652 3376 780 3438 nummi
802 3386 889 3441 sunt.
935 3375 1021 3440 Cum
1051 3375 1182 3439 donasti
1207 3374 1404 3439 beneficium
1431 3371 1503 3437 cst'

353 3477 399 3540 Et
428 3478 502 3543 ideo
531 3480 659 3560 quaerit
688 3480 721 3541 in
752 3480 835 3542 libro
867 3481 1050 3563 primarum
1075 3479 1312 3562 Epistolarum‚
1335 3477 1431 3565 Quis·
1452 3487 1504 3542 est

352 3583 471 3666 dignus
488 3581 564 3647 Deo
583 3583 644 3648 nisi
661 3583 718 3665 qui
732 3603 813 3666 opes
829 3584 1054 3666 contempsit?
1530 3577 1532 3581 ’

779 3809 1007 3875 ΕΑΡιτυιυΜ
1031 3809 1076 3880 V.

181 3945 280 4004 cicero,
395 3929 448 3993 Dc
467 3929 694 4012 voluptatibus
714 3931 848 4013 quidem
872 3932 960 3995 vitae
983 3932 1064 3994 satis
1087 3931 1200 4013 pulcra
1223 3931 1410 4012 loquuntur.
1456 3927 1502 3991 Et

181 4010 335 4127 ξξζζξξοῗά
352 4035 469 4100 Cicero
488 4035 572 4099 libro
591 4037 634 4100 de
650 4034 830 4100 Senectute
850 4037 897 4100 sic
917 4035 997 4100 dicit
1007 4038 1028 4114 ²,
1046 4035 1131 4100 Cum
1155 4035 1280 4098 homini
1306 4033 1399 4096 Deus
1422 4030 1503 4094 nihil

182 4141 266 4191 carnal
352 4140 581 4223 praestabilius
597 4149 709 4203 mente
728 4140 883 4215 dedisset,
899 4137 976 4203 huic
991 4139 1106 4203 divino
1122 4139 1249 4203 muneri
1268 4136 1349 4201 nihil
1364 4146 1415 4200 est
1431 4145 1501 4200 tam

186 4217 316 4273 appentes.
352 4245 521 4309 inimicum
543 4264 644 4328 quam
661 4244 825 4330 voluptas.
874 4244 1019 4326 Impedit
1042 4244 1130 4308 enim
1152 4243 1327 4306 consilium
1347 4241 1503 4322 voluptas

351 4350 466 4412 rationi
489 4349 621 4412 inimica
645 4358 680 4413 et
703 4349 823 4412 mentis
846 4348 960 4412 oculos
982 4348 1181 4432 perstringit
1228 4347 1373 4429 Magnus
1399 4345 1502 4408 etiam

383 4475 390 4504 ¹
409 4475 447 4524 De
462 4477 597 4538 Bmfid'n
608 4477 642 4526 vi.
654 4492 677 4538 3.
711 4477 767 4525 'l'ne
787 4475 836 4526 last
852 4477 942 4526 words
960 4475 991 4524 os
1007 4477 1051 4526 the
1070 4476 1203 4539 quotation
1223 4475 1290 4525 bave
1309 4473 1411 4522 needed
1429 4487 1504 4522 some

350 4556 493 4604 correction
505 4555 570 4604 irom
583 4556 626 4603 the
639 4556 756 4616 original.

382 4633 391 4662 ²
409 4631 447 4682 Dr
457 4632 591 4695 Surdum
602 4633 646 4683 xli.
656 4646 696 4695 40,
709 4647 749 4695 4¹·
