<?xml version="1.0" encoding="UTF-8"?>
<!DOCTYPE html PUBLIC "-//W3C//DTD XHTML 1.0 Transitional//EN"
    "http://www.w3.org/TR/xhtml1/DTD/xhtml1-transitional.dtd">
<html xmlns="http://www.w3.org/1999/xhtml" xml:lang="en" lang="en">
 <head>
  <title>
</title>
<meta http-equiv="Content-Type" content="text/html;charset=utf-8" />
  <meta name='ocr-system' content='tesseract 3.04.00' />
  <meta name='ocr-capabilities' content='ocr_page ocr_carea ocr_par ocr_line ocrx_word'/>
</head>
<body>
  <div class='ocr_page' id='page_1' title='image "./opusmajusrogerb02bridgoog/opusmajusrogerb02bridgoog_0231.png"; bbox 0 0 3542 5359; ppageno 0'>
   <div class='ocr_carea' id='block_1_1' title="bbox 357 627 1283 700">
    <p class='ocr_par' dir='ltr' id='par_1_1' title="bbox 357 627 1283 700">
     <span class='ocr_line' id='line_1_1' title="bbox 357 627 1283 700; baseline -0.001 -12"><span class='ocrx_word' id='word_1_1' title='bbox 357 646 418 692; x_wconf 78' lang='lat'>212</span> <span class='ocrx_word' id='word_1_2' title='bbox 601 629 757 690; x_wconf 85' lang='lat' dir='ltr'><em>OPERIS</em></span> <span class='ocrx_word' id='word_1_3' title='bbox 782 629 971 700; x_wconf 72' lang='lat' dir='ltr'>MAIORIS</span> <span class='ocrx_word' id='word_1_4' title='bbox 994 627 1109 689; x_wconf 81' lang='lat' dir='ltr'>PARS</span> <span class='ocrx_word' id='word_1_5' title='bbox 1134 627 1283 690; x_wconf 81' lang='lat' dir='ltr'><em>SEXTA.</em></span> 
     </span>
    </p>
   </div>
   <div class='ocr_carea' id='block_1_2' title="bbox 184 789 1511 4312">
    <p class='ocr_par' dir='ltr' id='par_1_2' title="bbox 184 789 1511 3577">
     <span class='ocr_line' id='line_1_2' title="bbox 360 789 1511 877; baseline 0 -21"><span class='ocrx_word' id='word_1_6' title='bbox 360 792 472 877; x_wconf 78' lang='lat' dir='ltr'>passio</span> <span class='ocrx_word' id='word_1_7' title='bbox 487 789 725 856; x_wconf 89' lang='lat' dir='ltr'>elementorum</span> <span class='ocrx_word' id='word_1_8' title='bbox 742 811 802 854; x_wconf 91' lang='lat' dir='ltr'>nec</span> <span class='ocrx_word' id='word_1_9' title='bbox 818 792 996 872; x_wconf 87' lang='lat' dir='ltr'>corruptio.</span> <span class='ocrx_word' id='word_1_10' title='bbox 1042 791 1088 854; x_wconf 90' lang='lat' dir='ltr'>Et</span> <span class='ocrx_word' id='word_1_11' title='bbox 1103 791 1167 856; x_wconf 90' lang='lat' dir='ltr'>hoc</span> <span class='ocrx_word' id='word_1_12' title='bbox 1182 791 1254 855; x_wconf 91' lang='lat' dir='ltr'>vult</span> <span class='ocrx_word' id='word_1_13' title='bbox 1269 791 1467 856; x_wconf 88' lang='lat' dir='ltr'>Aristoteles</span> <span class='ocrx_word' id='word_1_14' title='bbox 1478 793 1511 856; x_wconf 93' lang='lat' dir='ltr'>in</span> 
     </span>
     <span class='ocr_line' id='line_1_3' title="bbox 356 895 1510 980; baseline -0.002 -19"><span class='ocrx_word' id='word_1_15' title='bbox 356 898 476 980; x_wconf 91' lang='lat' dir='ltr'>quinto</span> <span class='ocrx_word' id='word_1_16' title='bbox 498 897 756 979; x_wconf 89' lang='lat' dir='ltr'>Metaphysicae,</span> <span class='ocrx_word' id='word_1_17' title='bbox 780 895 834 958; x_wconf 91' lang='lat' dir='ltr'>ubi</span> <span class='ocrx_word' id='word_1_18' title='bbox 853 896 978 971; x_wconf 86' lang='lat' dir='ltr'>sanxit,</span> <span class='ocrx_word' id='word_1_19' title='bbox 994 896 1085 978; x_wconf 94' lang='lat' dir='ltr'>quod</span> <span class='ocrx_word' id='word_1_20' title='bbox 1102 896 1271 978; x_wconf 86' lang='lat' dir='ltr'>potentiae</span> <span class='ocrx_word' id='word_1_21' title='bbox 1286 896 1414 962; x_wconf 85' lang='lat' dir='ltr'>activae</span> <span class='ocrx_word' id='word_1_22' title='bbox 1434 917 1510 960; x_wconf 91' lang='lat' dir='ltr'>cum</span> 
     </span>
     <span class='ocr_line' id='line_1_4' title="bbox 358 1000 1422 1084; baseline -0.001 -21"><span class='ocrx_word' id='word_1_23' title='bbox 358 1001 479 1066; x_wconf 83' lang='lat' dir='ltr'>suerint</span> <span class='ocrx_word' id='word_1_24' title='bbox 494 1001 649 1084; x_wconf 87' lang='lat' dir='ltr'>aequales</span> <span class='ocrx_word' id='word_1_25' title='bbox 666 1021 731 1066; x_wconf 88' lang='lat' dir='ltr'>non</span> <span class='ocrx_word' id='word_1_26' title='bbox 746 1000 864 1066; x_wconf 87' lang='lat' dir='ltr'>accidit</span> <span class='ocrx_word' id='word_1_27' title='bbox 880 1001 1069 1082; x_wconf 84' lang='lat' dir='ltr'>corrupti03</span> <span class='ocrx_word' id='word_1_28' title='bbox 1092 1008 1126 1063; x_wconf 90' lang='lat' dir='ltr'>et</span> <span class='ocrx_word' id='word_1_29' title='bbox 1140 1000 1204 1064; x_wconf 89' lang='lat' dir='ltr'>hoc</span> <span class='ocrx_word' id='word_1_30' title='bbox 1220 1010 1271 1065; x_wconf 86' lang='lat' dir='ltr'>est</span> <span class='ocrx_word' id='word_1_31' title='bbox 1285 1010 1422 1065; x_wconf 92' lang='lat' dir='ltr'>certum.</span> 
     </span>
     <span class='ocr_line' id='line_1_5' title="bbox 188 1104 1511 1188; baseline 0.004 -26"><span class='ocrx_word' id='word_1_32' title='bbox 188 1113 348 1178; x_wconf 54' lang='lat' dir='ltr'>equalityot</span> <span class='ocrx_word' id='word_1_33' title='bbox 403 1104 491 1170; x_wconf 89' lang='lat' dir='ltr'>Nam</span> <span class='ocrx_word' id='word_1_34' title='bbox 516 1105 562 1170; x_wconf 91' lang='lat' dir='ltr'>sic</span> <span class='ocrx_word' id='word_1_35' title='bbox 586 1105 648 1169; x_wconf 89' lang='lat' dir='ltr'>erit</span> <span class='ocrx_word' id='word_1_36' title='bbox 672 1105 705 1168; x_wconf 95' lang='lat' dir='ltr'>in</span> <span class='ocrx_word' id='word_1_37' title='bbox 730 1104 924 1188; x_wconf 78' lang='lat' dir='ltr'>corporibus</span> <span class='ocrx_word' id='word_1_38' title='bbox 947 1113 1024 1188; x_wconf 87' lang='lat' dir='ltr'>post</span> <span class='ocrx_word' id='word_1_39' title='bbox 1048 1105 1329 1168; x_wconf 84' lang='lat' dir='ltr'>resurrectionem.</span> <span class='ocrx_word' id='word_1_40' title='bbox 1374 1104 1511 1187; x_wconf 89' lang='lat' dir='ltr'>Aequa·</span> 
     </span>
     <span class='ocr_line' id='line_1_6' title="bbox 185 1179 1509 1310; baseline -0.001 -39"><span class='ocrx_word' id='word_1_41' title='bbox 185 1179 345 1310; x_wconf 46' lang='lat' dir='ltr'>sspssgffied</span> <span class='ocrx_word' id='word_1_42' title='bbox 357 1208 433 1273; x_wconf 91' lang='lat' dir='ltr'>litas</span> <span class='ocrx_word' id='word_1_43' title='bbox 459 1208 546 1273; x_wconf 88' lang='lat' dir='ltr'>enim</span> <span class='ocrx_word' id='word_1_44' title='bbox 570 1208 809 1272; x_wconf 87' lang='lat' dir='ltr'>elementorum</span> <span class='ocrx_word' id='word_1_45' title='bbox 834 1207 867 1271; x_wconf 92' lang='lat' dir='ltr'>in</span> <span class='ocrx_word' id='word_1_46' title='bbox 893 1208 1086 1291; x_wconf 90' lang='lat' dir='ltr'>corporibus</span> <span class='ocrx_word' id='word_1_47' title='bbox 1112 1206 1176 1282; x_wconf 89' lang='lat' dir='ltr'>illis</span> <span class='ocrx_word' id='word_1_48' title='bbox 1202 1208 1350 1273; x_wconf 86' lang='lat' dir='ltr'>excludit</span> <span class='ocrx_word' id='word_1_49' title='bbox 1375 1228 1509 1291; x_wconf 91' lang='lat' dir='ltr'>corrup-</span> 
     </span>
     <span class='ocr_line' id='line_1_7' title="bbox 186 1310 1510 1393; baseline 0 -17"><span class='ocrx_word' id='word_1_50' title='bbox 186 1312 211 1359; x_wconf 72' lang='lat' dir='ltr'>i¹¹</span> <span class='ocrx_word' id='word_1_51' title='bbox 225 1312 329 1362; x_wconf 77' lang='lat' dir='ltr'>Adam’s</span> <span class='ocrx_word' id='word_1_52' title='bbox 357 1314 484 1379; x_wconf 88' lang='lat' dir='ltr'>tionem</span> <span class='ocrx_word' id='word_1_53' title='bbox 501 1313 534 1376; x_wconf 94' lang='lat' dir='ltr'>in</span> <span class='ocrx_word' id='word_1_54' title='bbox 555 1323 736 1378; x_wconf 89' lang='lat' dir='ltr'>aeternum.</span> <span class='ocrx_word' id='word_1_55' title='bbox 783 1311 872 1377; x_wconf 88' lang='lat' dir='ltr'>Nam</span> <span class='ocrx_word' id='word_1_56' title='bbox 895 1311 977 1376; x_wconf 91' lang='lat' dir='ltr'>haec</span> <span class='ocrx_word' id='word_1_57' title='bbox 1000 1310 1183 1393; x_wconf 82' lang='lat' dir='ltr'>aequalitas</span> <span class='ocrx_word' id='word_1_58' title='bbox 1206 1323 1257 1376; x_wconf 94' lang='lat' dir='ltr'>est</span> <span class='ocrx_word' id='word_1_59' title='bbox 1279 1312 1414 1376; x_wconf 91' lang='lat' dir='ltr'>ultimus</span> <span class='ocrx_word' id='word_1_60' title='bbox 1436 1310 1510 1376; x_wconf 89' lang='lat' dir='ltr'>finis</span> 
     </span>
     <span class='ocr_line' id='line_1_8' title="bbox 185 1375 1509 1499; baseline -0.002 -18"><span class='ocrx_word' id='word_1_61' title='bbox 185 1375 324 1492; x_wconf 46' lang='lat' dir='ltr'>{ffliffid</span> <span class='ocrx_word' id='word_1_62' title='bbox 353 1418 514 1482; x_wconf 88' lang='lat' dir='ltr'>materiae</span> <span class='ocrx_word' id='word_1_63' title='bbox 545 1415 704 1481; x_wconf 86' lang='lat' dir='ltr'>naturalis</span> <span class='ocrx_word' id='word_1_64' title='bbox 729 1416 763 1478; x_wconf 92' lang='lat' dir='ltr'>in</span> <span class='ocrx_word' id='word_1_65' title='bbox 794 1415 988 1498; x_wconf 89' lang='lat' dir='ltr'>corporibus</span> <span class='ocrx_word' id='word_1_66' title='bbox 1019 1416 1140 1494; x_wconf 87' lang='lat' dir='ltr'>mixtis,</span> <span class='ocrx_word' id='word_1_67' title='bbox 1164 1417 1243 1499; x_wconf 90' lang='lat' dir='ltr'>quia</span> <span class='ocrx_word' id='word_1_68' title='bbox 1269 1415 1509 1480; x_wconf 90' lang='lat' dir='ltr'>nobilissimum</span> 
     </span>
     <span class='ocr_line' id='line_1_9' title="bbox 184 1507 1508 1624; baseline -0.002 -40"><span class='ocrx_word' id='word_1_69' title='bbox 184 1507 301 1624; x_wconf 39' lang='grc' dir='ltr'>ἓξὲξ</span> <span class='ocrx_word' id='word_1_70' title='bbox 354 1529 415 1598; x_wconf 90' lang='lat' dir='ltr'>est,</span> <span class='ocrx_word' id='word_1_71' title='bbox 438 1531 471 1584; x_wconf 92' lang='lat' dir='ltr'>et</span> <span class='ocrx_word' id='word_1_72' title='bbox 495 1520 569 1583; x_wconf 90' lang='lat' dir='ltr'>ideo</span> <span class='ocrx_word' id='word_1_73' title='bbox 592 1520 625 1583; x_wconf 96' lang='lat' dir='ltr'>in</span> <span class='ocrx_word' id='word_1_74' title='bbox 653 1541 693 1583; x_wconf 88' lang='lat' dir='ltr'>eo</span> <span class='ocrx_word' id='word_1_75' title='bbox 714 1521 898 1602; x_wconf 88' lang='lat' dir='ltr'>quiesceret</span> <span class='ocrx_word' id='word_1_76' title='bbox 920 1519 1089 1602; x_wconf 89' lang='lat' dir='ltr'>appetitus</span> <span class='ocrx_word' id='word_1_77' title='bbox 1116 1520 1282 1595; x_wconf 88' lang='lat' dir='ltr'>materiae,</span> <span class='ocrx_word' id='word_1_78' title='bbox 1306 1529 1340 1582; x_wconf 92' lang='lat' dir='ltr'>et</span> <span class='ocrx_word' id='word_1_79' title='bbox 1363 1539 1428 1583; x_wconf 90' lang='lat' dir='ltr'>non</span> <span class='ocrx_word' id='word_1_80' title='bbox 1451 1521 1508 1584; x_wconf 91' lang='lat' dir='ltr'>de-</span> 
     </span>
     <span class='ocr_line' id='line_1_10' title="bbox 184 1621 1509 1706; baseline 0 -20"><span class='ocrx_word' id='word_1_81' title='bbox 184 1638 245 1688; x_wconf 83' lang='lat' dir='ltr'>uon.</span> <span class='ocrx_word' id='word_1_82' title='bbox 354 1623 512 1688; x_wconf 78' lang='lat' dir='ltr'>sideraret</span> <span class='ocrx_word' id='word_1_83' title='bbox 545 1622 670 1706; x_wconf 91' lang='lat' dir='ltr'>aliquid</span> <span class='ocrx_word' id='word_1_84' title='bbox 706 1623 801 1688; x_wconf 88' lang='lat' dir='ltr'>ultra.</span> <span class='ocrx_word' id='word_1_85' title='bbox 852 1621 982 1706; x_wconf 88' lang='lat' dir='ltr'>Corpus</span> <span class='ocrx_word' id='word_1_86' title='bbox 1015 1633 1126 1686; x_wconf 91' lang='lat' dir='ltr'>autem</span> <span class='ocrx_word' id='word_1_87' title='bbox 1160 1623 1260 1688; x_wconf 89' lang='lat' dir='ltr'>Adae</span> <span class='ocrx_word' id='word_1_88' title='bbox 1293 1644 1358 1688; x_wconf 92' lang='lat' dir='ltr'>non</span> <span class='ocrx_word' id='word_1_89' title='bbox 1392 1623 1509 1686; x_wconf 87' lang='lat' dir='ltr'>habuit</span> 
     </span>
     <span class='ocr_line' id='line_1_11' title="bbox 354 1725 1508 1810; baseline 0.002 -20"><span class='ocrx_word' id='word_1_90' title='bbox 354 1727 519 1792; x_wconf 91' lang='lat' dir='ltr'>elementa</span> <span class='ocrx_word' id='word_1_91' title='bbox 538 1728 570 1791; x_wconf 91' lang='lat' dir='ltr'>in</span> <span class='ocrx_word' id='word_1_92' title='bbox 589 1726 687 1810; x_wconf 91' lang='lat' dir='ltr'>plena</span> <span class='ocrx_word' id='word_1_93' title='bbox 709 1727 921 1809; x_wconf 86' lang='lat' dir='ltr'>aequalitate,</span> <span class='ocrx_word' id='word_1_94' title='bbox 935 1738 970 1792; x_wconf 90' lang='lat' dir='ltr'>et</span> <span class='ocrx_word' id='word_1_95' title='bbox 993 1727 1067 1790; x_wconf 92' lang='lat' dir='ltr'>ideo</span> <span class='ocrx_word' id='word_1_96' title='bbox 1091 1725 1222 1792; x_wconf 87' lang='lat' dir='ltr'>iuemnt</span> <span class='ocrx_word' id='word_1_97' title='bbox 1243 1727 1277 1791; x_wconf 94' lang='lat' dir='ltr'>in</span> <span class='ocrx_word' id='word_1_98' title='bbox 1300 1748 1341 1792; x_wconf 88' lang='lat' dir='ltr'>eo</span> <span class='ocrx_word' id='word_1_99' title='bbox 1364 1728 1453 1792; x_wconf 92' lang='lat' dir='ltr'>actio</span> <span class='ocrx_word' id='word_1_100' title='bbox 1474 1737 1508 1792; x_wconf 91' lang='lat' dir='ltr'>et</span> 
     </span>
     <span class='ocr_line' id='line_1_12' title="bbox 353 1829 1509 1915; baseline -0.003 -17"><span class='ocrx_word' id='word_1_101' title='bbox 353 1834 462 1914; x_wconf 82' lang='lat' dir='ltr'>passio</span> <span class='ocrx_word' id='word_1_102' title='bbox 484 1833 722 1898; x_wconf 88' lang='lat' dir='ltr'>elementorum</span> <span class='ocrx_word' id='word_1_103' title='bbox 745 1832 998 1908; x_wconf 90' lang='lat' dir='ltr'>contrariorum,</span> <span class='ocrx_word' id='word_1_104' title='bbox 1012 1842 1046 1895; x_wconf 90' lang='lat' dir='ltr'>et</span> <span class='ocrx_word' id='word_1_105' title='bbox 1068 1852 1128 1915; x_wconf 91' lang='lat' dir='ltr'>per</span> <span class='ocrx_word' id='word_1_106' title='bbox 1147 1829 1374 1914; x_wconf 85' lang='lat' dir='ltr'>consequens¹</span> <span class='ocrx_word' id='word_1_107' title='bbox 1392 1832 1509 1915; x_wconf 92' lang='lat' dir='ltr'>deper-</span> 
     </span>
     <span class='ocr_line' id='line_1_13' title="bbox 352 1934 1507 2019; baseline -0.003 -19"><span class='ocrx_word' id='word_1_108' title='bbox 352 1935 444 2012; x_wconf 92' lang='lat' dir='ltr'>ditio,</span> <span class='ocrx_word' id='word_1_109' title='bbox 468 1946 502 2002; x_wconf 91' lang='lat' dir='ltr'>et</span> <span class='ocrx_word' id='word_1_110' title='bbox 529 1937 605 2000; x_wconf 89' lang='lat' dir='ltr'>ideo</span> <span class='ocrx_word' id='word_1_111' title='bbox 632 1937 776 2019; x_wconf 89' lang='lat' dir='ltr'>indiguit</span> <span class='ocrx_word' id='word_1_112' title='bbox 804 1936 1018 2001; x_wconf 89' lang='lat' dir='ltr'>nutrimento.</span> <span class='ocrx_word' id='word_1_113' title='bbox 1066 1936 1113 1999; x_wconf 92' lang='lat' dir='ltr'>Et</span> <span class='ocrx_word' id='word_1_114' title='bbox 1138 1946 1275 2018; x_wconf 91' lang='lat' dir='ltr'>propter</span> <span class='ocrx_word' id='word_1_115' title='bbox 1302 1934 1366 1999; x_wconf 93' lang='lat' dir='ltr'>hoc</span> <span class='ocrx_word' id='word_1_116' title='bbox 1390 1935 1452 1998; x_wconf 88' lang='lat' dir='ltr'>fuit</span> <span class='ocrx_word' id='word_1_117' title='bbox 1477 1936 1507 2000; x_wconf 93' lang='lat' dir='ltr'>ei</span> 
     </span>
     <span class='ocr_line' id='line_1_14' title="bbox 352 2038 1509 2124; baseline 0 -20"><span class='ocrx_word' id='word_1_118' title='bbox 352 2049 574 2124; x_wconf 86' lang='lat' dir='ltr'>praeceptum,</span> <span class='ocrx_word' id='word_1_119' title='bbox 599 2049 728 2104; x_wconf 83' lang='lat' dir='ltr'>utnon</span> <span class='ocrx_word' id='word_1_120' title='bbox 754 2039 949 2104; x_wconf 84' lang='lat' dir='ltr'>comederet</span> <span class='ocrx_word' id='word_1_121' title='bbox 979 2038 1022 2102; x_wconf 89' lang='lat' dir='ltr'>de</span> <span class='ocrx_word' id='word_1_122' title='bbox 1051 2039 1158 2103; x_wconf 84' lang='lat' dir='ltr'>fructu</span> <span class='ocrx_word' id='word_1_123' title='bbox 1186 2039 1284 2104; x_wconf 89' lang='lat' dir='ltr'>vitae.</span> <span class='ocrx_word' id='word_1_124' title='bbox 1329 2038 1398 2104; x_wconf 89' lang='lat' dir='ltr'>Sed</span> <span class='ocrx_word' id='word_1_125' title='bbox 1428 2041 1509 2121; x_wconf 91' lang='lat' dir='ltr'>quia</span> 
     </span>
     <span class='ocr_line' id='line_1_15' title="bbox 352 2142 1508 2227; baseline 0.001 -22"><span class='ocrx_word' id='word_1_126' title='bbox 352 2143 515 2210; x_wconf 86' lang='lat' dir='ltr'>elementa</span> <span class='ocrx_word' id='word_1_127' title='bbox 533 2143 566 2206; x_wconf 94' lang='lat' dir='ltr'>in</span> <span class='ocrx_word' id='word_1_128' title='bbox 588 2164 629 2208; x_wconf 89' lang='lat' dir='ltr'>eo</span> <span class='ocrx_word' id='word_1_129' title='bbox 651 2143 784 2207; x_wconf 87' lang='lat' dir='ltr'>suerunt</span> <span class='ocrx_word' id='word_1_130' title='bbox 807 2163 912 2227; x_wconf 89' lang='lat' dir='ltr'>prope</span> <span class='ocrx_word' id='word_1_131' title='bbox 935 2142 1179 2227; x_wconf 88' lang='lat' dir='ltr'>aequalitatem,</span> <span class='ocrx_word' id='word_1_132' title='bbox 1195 2143 1270 2207; x_wconf 89' lang='lat' dir='ltr'>ideo</span> <span class='ocrx_word' id='word_1_133' title='bbox 1294 2143 1424 2207; x_wconf 91' lang='lat' dir='ltr'>modica</span> <span class='ocrx_word' id='word_1_134' title='bbox 1446 2144 1508 2206; x_wconf 84' lang='lat' dir='ltr'>luit</span> 
     </span>
     <span class='ocr_line' id='line_1_16' title="bbox 351 2245 1508 2336; baseline 0 -26"><span class='ocrx_word' id='word_1_135' title='bbox 351 2247 384 2310; x_wconf 91' lang='lat' dir='ltr'>in</span> <span class='ocrx_word' id='word_1_136' title='bbox 408 2267 449 2312; x_wconf 93' lang='lat' dir='ltr'>eo</span> <span class='ocrx_word' id='word_1_137' title='bbox 475 2247 687 2330; x_wconf 89' lang='lat' dir='ltr'>deperditio;</span> <span class='ocrx_word' id='word_1_138' title='bbox 718 2255 754 2310; x_wconf 89' lang='lat' dir='ltr'>et</span> <span class='ocrx_word' id='word_1_139' title='bbox 779 2257 918 2336; x_wconf 88' lang='lat' dir='ltr'>propter</span> <span class='ocrx_word' id='word_1_140' title='bbox 939 2246 1003 2310; x_wconf 88' lang='lat' dir='ltr'>hoc</span> <span class='ocrx_word' id='word_1_141' title='bbox 1027 2245 1086 2309; x_wconf 88' lang='lat' dir='ltr'>fuit</span> <span class='ocrx_word' id='word_1_142' title='bbox 1112 2255 1210 2330; x_wconf 91' lang='lat' dir='ltr'>aptus</span> <span class='ocrx_word' id='word_1_143' title='bbox 1239 2247 1282 2310; x_wconf 89' lang='lat' dir='ltr'>ad</span> <span class='ocrx_word' id='word_1_144' title='bbox 1313 2247 1508 2311; x_wconf 90' lang='lat' dir='ltr'>immortali-</span> 
     </span>
     <span class='ocr_line' id='line_1_17' title="bbox 350 2349 1508 2435; baseline 0.002 -21"><span class='ocrx_word' id='word_1_145' title='bbox 350 2359 456 2415; x_wconf 94' lang='lat' dir='ltr'>tatem</span> <span class='ocrx_word' id='word_1_146' title='bbox 479 2371 580 2433; x_wconf 85' lang='lat' dir='ltr'>quarn</span> <span class='ocrx_word' id='word_1_147' title='bbox 604 2361 717 2433; x_wconf 83' lang='lat' dir='ltr'>posset</span> <span class='ocrx_word' id='word_1_148' title='bbox 742 2349 911 2434; x_wconf 90' lang='lat' dir='ltr'>consequi,</span> <span class='ocrx_word' id='word_1_149' title='bbox 934 2351 961 2414; x_wconf 92' lang='lat' dir='ltr'>si</span> <span class='ocrx_word' id='word_1_150' title='bbox 988 2349 1131 2414; x_wconf 76' lang='lat' dir='ltr'>fructum</span> <span class='ocrx_word' id='word_1_151' title='bbox 1156 2349 1237 2434; x_wconf 84' lang='lat' dir='ltr'>ligni</span> <span class='ocrx_word' id='word_1_152' title='bbox 1262 2351 1349 2416; x_wconf 90' lang='lat' dir='ltr'>vitae</span> <span class='ocrx_word' id='word_1_153' title='bbox 1376 2373 1508 2435; x_wconf 87' lang='lat' dir='ltr'>semper</span> 
     </span>
     <span class='ocr_line' id='line_1_18' title="bbox 350 2454 1507 2521; baseline 0.003 -3"><span class='ocrx_word' id='word_1_154' title='bbox 350 2455 558 2520; x_wconf 88' lang='lat' dir='ltr'>comedisset.</span> <span class='ocrx_word' id='word_1_155' title='bbox 614 2455 680 2519; x_wconf 89' lang='lat' dir='ltr'>Hic</span> <span class='ocrx_word' id='word_1_156' title='bbox 704 2455 794 2520; x_wconf 84' lang='lat' dir='ltr'>enim</span> <span class='ocrx_word' id='word_1_157' title='bbox 818 2455 943 2518; x_wconf 86' lang='lat' dir='ltr'>fructus</span> <span class='ocrx_word' id='word_1_158' title='bbox 975 2455 1172 2520; x_wconf 88' lang='lat' dir='ltr'>aestimatur</span> <span class='ocrx_word' id='word_1_159' title='bbox 1193 2454 1316 2520; x_wconf 92' lang='lat' dir='ltr'>habere</span> <span class='ocrx_word' id='word_1_160' title='bbox 1342 2456 1507 2521; x_wconf 88' lang='lat' dir='ltr'>elementa</span> 
     </span>
     <span class='ocr_line' id='line_1_19' title="bbox 348 2558 1505 2644; baseline 0.002 -22"><span class='ocrx_word' id='word_1_161' title='bbox 348 2579 454 2643; x_wconf 87' lang='lat' dir='ltr'>prope</span> <span class='ocrx_word' id='word_1_162' title='bbox 469 2558 705 2642; x_wconf 86' lang='lat' dir='ltr'>aequalitatem</span> <span class='ocrx_word' id='word_1_163' title='bbox 720 2584 727 2637; x_wconf 90' lang='lat'>;</span> <span class='ocrx_word' id='word_1_164' title='bbox 752 2570 786 2624; x_wconf 92' lang='lat' dir='ltr'>et</span> <span class='ocrx_word' id='word_1_165' title='bbox 802 2559 878 2623; x_wconf 91' lang='lat' dir='ltr'>ideo</span> <span class='ocrx_word' id='word_1_166' title='bbox 894 2559 1005 2642; x_wconf 92' lang='lat' dir='ltr'>potuit</span> <span class='ocrx_word' id='word_1_167' title='bbox 1020 2559 1212 2624; x_wconf 90' lang='lat' dir='ltr'>continuare</span> <span class='ocrx_word' id='word_1_168' title='bbox 1227 2560 1505 2644; x_wconf 90' lang='lat' dir='ltr'>incorruptionem</span> 
     </span>
     <span class='ocr_line' id='line_1_20' title="bbox 349 2662 1506 2747; baseline 0.003 -21"><span class='ocrx_word' id='word_1_169' title='bbox 349 2664 383 2726; x_wconf 95' lang='lat' dir='ltr'>in</span> <span class='ocrx_word' id='word_1_170' title='bbox 408 2662 532 2737; x_wconf 86' lang='lat' dir='ltr'>Adam,</span> <span class='ocrx_word' id='word_1_171' title='bbox 548 2665 641 2747; x_wconf 92' lang='lat' dir='ltr'>quod</span> <span class='ocrx_word' id='word_1_172' title='bbox 665 2663 789 2727; x_wconf 85' lang='lat' dir='ltr'>lactum</span> <span class='ocrx_word' id='word_1_173' title='bbox 816 2662 941 2745; x_wconf 86' lang='lat' dir='ltr'>luisset,</span> <span class='ocrx_word' id='word_1_174' title='bbox 968 2664 995 2727; x_wconf 90' lang='lat' dir='ltr'>si</span> <span class='ocrx_word' id='word_1_175' title='bbox 1016 2683 1083 2727; x_wconf 94' lang='lat' dir='ltr'>non</span> <span class='ocrx_word' id='word_1_176' title='bbox 1109 2673 1287 2747; x_wconf 85' lang='lat' dir='ltr'>peccasset.</span> <span class='ocrx_word' id='word_1_177' title='bbox 1333 2663 1506 2746; x_wconf 87' lang='lat' dir='ltr'>Sapientes</span> 
     </span>
     <span class='ocr_line' id='line_1_21' title="bbox 347 2765 1505 2852; baseline 0.001 -20"><span class='ocrx_word' id='word_1_178' title='bbox 347 2788 427 2852; x_wconf 84' lang='lat' dir='ltr'>ergo</span> <span class='ocrx_word' id='word_1_179' title='bbox 443 2767 686 2846; x_wconf 87' lang='lat' dir='ltr'>laboraverunt,</span> <span class='ocrx_word' id='word_1_180' title='bbox 703 2777 738 2831; x_wconf 94' lang='lat' dir='ltr'>ut</span> <span class='ocrx_word' id='word_1_181' title='bbox 755 2767 787 2830; x_wconf 94' lang='lat' dir='ltr'>in</span> <span class='ocrx_word' id='word_1_182' title='bbox 803 2767 917 2850; x_wconf 91' lang='lat' dir='ltr'>aliquo</span> <span class='ocrx_word' id='word_1_183' title='bbox 932 2767 1126 2832; x_wconf 87' lang='lat' dir='ltr'>comestibili</span> <span class='ocrx_word' id='word_1_184' title='bbox 1141 2765 1195 2831; x_wconf 93' lang='lat' dir='ltr'>vel</span> <span class='ocrx_word' id='word_1_185' title='bbox 1216 2767 1356 2850; x_wconf 93' lang='lat' dir='ltr'>potabili</span> <span class='ocrx_word' id='word_1_186' title='bbox 1371 2771 1505 2834; x_wconf 89' lang='lat' dir='ltr'>reduce-</span> 
     </span>
     <span class='ocr_line' id='line_1_22' title="bbox 348 2871 1505 2954; baseline 0.002 -19"><span class='ocrx_word' id='word_1_187' title='bbox 348 2880 421 2936; x_wconf 93' lang='lat' dir='ltr'>rent</span> <span class='ocrx_word' id='word_1_188' title='bbox 442 2871 606 2936; x_wconf 87' lang='lat' dir='ltr'>elementa</span> <span class='ocrx_word' id='word_1_189' title='bbox 629 2873 673 2936; x_wconf 91' lang='lat' dir='ltr'>ad</span> <span class='ocrx_word' id='word_1_190' title='bbox 695 2871 934 2954; x_wconf 85' lang='lat' dir='ltr'>aequalitatem</span> <span class='ocrx_word' id='word_1_191' title='bbox 957 2872 1009 2935; x_wconf 89' lang='lat' dir='ltr'>vel</span> <span class='ocrx_word' id='word_1_192' title='bbox 1034 2891 1147 2954; x_wconf 87' lang='lat' dir='ltr'>prope,</span> <span class='ocrx_word' id='word_1_193' title='bbox 1172 2879 1207 2936; x_wconf 92' lang='lat' dir='ltr'>et</span> <span class='ocrx_word' id='word_1_194' title='bbox 1229 2873 1412 2937; x_wconf 92' lang='lat' dir='ltr'>docuerunt</span> <span class='ocrx_word' id='word_1_195' title='bbox 1436 2874 1505 2938; x_wconf 92' lang='lat' dir='ltr'>vias</span> 
     </span>
     <span class='ocr_line' id='line_1_23' title="bbox 348 2975 1505 3058; baseline 0.003 -20"><span class='ocrx_word' id='word_1_196' title='bbox 348 2976 488 3040; x_wconf 87' lang='lat' dir='ltr'>adhoc.</span> <span class='ocrx_word' id='word_1_197' title='bbox 530 2975 603 3040; x_wconf 89' lang='lat' dir='ltr'>Sed</span> <span class='ocrx_word' id='word_1_198' title='bbox 628 2987 700 3040; x_wconf 91' lang='lat' dir='ltr'>tum</span> <span class='ocrx_word' id='word_1_199' title='bbox 731 2985 867 3057; x_wconf 90' lang='lat' dir='ltr'>propter</span> <span class='ocrx_word' id='word_1_200' title='bbox 896 2975 1124 3040; x_wconf 87' lang='lat' dir='ltr'>difficultatem</span> <span class='ocrx_word' id='word_1_201' title='bbox 1154 2976 1249 3040; x_wconf 92' lang='lat' dir='ltr'>istius</span> <span class='ocrx_word' id='word_1_202' title='bbox 1279 2978 1505 3058; x_wconf 85' lang='lat' dir='ltr'>experientiae</span> 
     </span>
     <span class='ocr_line' id='line_1_24' title="bbox 347 3079 1503 3164; baseline 0.003 -22"><span class='ocrx_word' id='word_1_203' title='bbox 347 3079 527 3156; x_wconf 88' lang='lat' dir='ltr'>maximae,</span> <span class='ocrx_word' id='word_1_204' title='bbox 543 3087 615 3141; x_wconf 89' lang='lat' dir='ltr'>tum</span> <span class='ocrx_word' id='word_1_205' title='bbox 631 3079 709 3162; x_wconf 85' lang='lat' dir='ltr'>quia</span> <span class='ocrx_word' id='word_1_206' title='bbox 725 3080 823 3162; x_wconf 87' lang='lat' dir='ltr'>pauci</span> <span class='ocrx_word' id='word_1_207' title='bbox 847 3089 964 3144; x_wconf 91' lang='lat' dir='ltr'>curant</span> <span class='ocrx_word' id='word_1_208' title='bbox 988 3080 1031 3143; x_wconf 88' lang='lat' dir='ltr'>de</span> <span class='ocrx_word' id='word_1_209' title='bbox 1049 3081 1270 3164; x_wconf 88' lang='lat' dir='ltr'>experientiis,</span> <span class='ocrx_word' id='word_1_210' title='bbox 1291 3082 1368 3163; x_wconf 88' lang='lat' dir='ltr'>quia</span> <span class='ocrx_word' id='word_1_211' title='bbox 1392 3081 1503 3146; x_wconf 91' lang='lat' dir='ltr'>multi·</span> 
     </span>
     <span class='ocr_line' id='line_1_25' title="bbox 346 3181 1505 3266; baseline 0.005 -22"><span class='ocrx_word' id='word_1_212' title='bbox 346 3181 426 3265; x_wconf 90' lang='lat' dir='ltr'>plex</span> <span class='ocrx_word' id='word_1_213' title='bbox 442 3192 493 3247; x_wconf 90' lang='lat' dir='ltr'>est</span> <span class='ocrx_word' id='word_1_214' title='bbox 508 3182 553 3245; x_wconf 96' lang='lat' dir='ltr'>ibi</span> <span class='ocrx_word' id='word_1_215' title='bbox 568 3181 664 3246; x_wconf 88' lang='lat' dir='ltr'>labor</span> <span class='ocrx_word' id='word_1_216' title='bbox 679 3191 712 3244; x_wconf 94' lang='lat' dir='ltr'>et</span> <span class='ocrx_word' id='word_1_217' title='bbox 728 3203 950 3266; x_wconf 89' lang='lat' dir='ltr'>expensarum</span> <span class='ocrx_word' id='word_1_218' title='bbox 967 3204 1088 3266; x_wconf 86' lang='lat' dir='ltr'>magna</span> <span class='ocrx_word' id='word_1_219' title='bbox 1111 3182 1237 3259; x_wconf 85' lang='lat' dir='ltr'>effusio,</span> <span class='ocrx_word' id='word_1_220' title='bbox 1253 3205 1313 3249; x_wconf 87' lang='lat' dir='ltr'>nee</span> <span class='ocrx_word' id='word_1_221' title='bbox 1327 3186 1505 3250; x_wconf 89' lang='lat' dir='ltr'>advertunt</span> 
     </span>
     <span class='ocr_line' id='line_1_26' title="bbox 345 3284 1504 3373; baseline 0.006 -25"><span class='ocrx_word' id='word_1_222' title='bbox 345 3284 495 3350; x_wconf 89' lang='lat' dir='ltr'>homines</span> <span class='ocrx_word' id='word_1_223' title='bbox 518 3295 652 3349; x_wconf 89' lang='lat' dir='ltr'>naturae</span> <span class='ocrx_word' id='word_1_224' title='bbox 675 3297 801 3349; x_wconf 89' lang='lat' dir='ltr'>secreta</span> <span class='ocrx_word' id='word_1_225' title='bbox 823 3298 857 3352; x_wconf 91' lang='lat' dir='ltr'>et</span> <span class='ocrx_word' id='word_1_226' title='bbox 879 3287 960 3351; x_wconf 83' lang='lat' dir='ltr'>artis</span> <span class='ocrx_word' id='word_1_227' title='bbox 982 3288 1158 3371; x_wconf 90' lang='lat' dir='ltr'>possibilia,</span> <span class='ocrx_word' id='word_1_228' title='bbox 1174 3289 1249 3353; x_wconf 90' lang='lat' dir='ltr'>ideo</span> <span class='ocrx_word' id='word_1_229' title='bbox 1271 3290 1392 3354; x_wconf 91' lang='lat' dir='ltr'>accidit</span> <span class='ocrx_word' id='word_1_230' title='bbox 1414 3292 1504 3373; x_wconf 92' lang='lat' dir='ltr'>quod</span> 
     </span>
     <span class='ocr_line' id='line_1_27' title="bbox 346 3389 1503 3475; baseline 0.004 -21"><span class='ocrx_word' id='word_1_231' title='bbox 346 3389 536 3471; x_wconf 89' lang='lat' dir='ltr'>paucissimi</span> <span class='ocrx_word' id='word_1_232' title='bbox 574 3389 807 3454; x_wconf 87' lang='lat' dir='ltr'>laboraverunt</span> <span class='ocrx_word' id='word_1_233' title='bbox 846 3391 879 3453; x_wconf 93' lang='lat' dir='ltr'>in</span> <span class='ocrx_word' id='word_1_234' title='bbox 918 3390 1108 3475; x_wconf 90' lang='lat' dir='ltr'>hujusmodi</span> <span class='ocrx_word' id='word_1_235' title='bbox 1145 3413 1303 3456; x_wconf 88' lang='lat' dir='ltr'>arcanum</span> <span class='ocrx_word' id='word_1_236' title='bbox 1345 3395 1503 3459; x_wconf 84' lang='lat' dir='ltr'>scientiae</span> 
     </span>
     <span class='ocr_line' id='line_1_28' title="bbox 346 3492 1329 3577; baseline 0.007 -20"><span class='ocrx_word' id='word_1_237' title='bbox 346 3492 523 3570; x_wconf 89' lang='lat' dir='ltr'>maximae,</span> <span class='ocrx_word' id='word_1_238' title='bbox 535 3502 568 3556; x_wconf 92' lang='lat' dir='ltr'>et</span> <span class='ocrx_word' id='word_1_239' title='bbox 584 3494 754 3577; x_wconf 90' lang='lat' dir='ltr'>pauciores</span> <span class='ocrx_word' id='word_1_240' title='bbox 769 3498 985 3560; x_wconf 89' lang='lat' dir='ltr'>veneruntad</span> <span class='ocrx_word' id='word_1_241' title='bbox 1001 3495 1100 3562; x_wconf 89' lang='lat' dir='ltr'>finem</span> <span class='ocrx_word' id='word_1_242' title='bbox 1117 3497 1329 3564; x_wconf 89' lang='lat' dir='ltr'>laudabilem.</span> 
     </span>
    </p>

    <p class='ocr_par' dir='ltr' id='par_1_3' title="bbox 342 3598 1503 4312">
     <span class='ocr_line' id='line_1_29' title="bbox 390 3598 1503 3687; baseline 0.008 -26"><span class='ocrx_word' id='word_1_243' title='bbox 390 3598 443 3662; x_wconf 92' lang='lat' dir='ltr'>Illi</span> <span class='ocrx_word' id='word_1_244' title='bbox 471 3608 583 3663; x_wconf 87' lang='lat' dir='ltr'>tamen</span> <span class='ocrx_word' id='word_1_245' title='bbox 606 3599 648 3662; x_wconf 90' lang='lat' dir='ltr'>de</span> <span class='ocrx_word' id='word_1_246' title='bbox 673 3600 794 3683; x_wconf 90' lang='lat' dir='ltr'>quibus</span> <span class='ocrx_word' id='word_1_247' title='bbox 820 3601 908 3666; x_wconf 88' lang='lat' dir='ltr'>sacta</span> <span class='ocrx_word' id='word_1_248' title='bbox 934 3615 985 3666; x_wconf 91' lang='lat' dir='ltr'>est</span> <span class='ocrx_word' id='word_1_249' title='bbox 1014 3603 1148 3680; x_wconf 90' lang='lat' dir='ltr'>mentio,</span> <span class='ocrx_word' id='word_1_250' title='bbox 1172 3604 1230 3687; x_wconf 94' lang='lat' dir='ltr'>qui</span> <span class='ocrx_word' id='word_1_251' title='bbox 1258 3625 1318 3686; x_wconf 92' lang='lat' dir='ltr'>per</span> <span class='ocrx_word' id='word_1_252' title='bbox 1341 3626 1503 3670; x_wconf 87' lang='lat' dir='ltr'>annorum</span> 
     </span>
     <span class='ocr_line' id='line_1_30' title="bbox 345 3703 1503 3791; baseline 0.007 -25"><span class='ocrx_word' id='word_1_253' title='bbox 345 3703 552 3767; x_wconf 84' lang='lat' dir='ltr'>centenarios</span> <span class='ocrx_word' id='word_1_254' title='bbox 576 3703 679 3768; x_wconf 91' lang='lat' dir='ltr'>vitam</span> <span class='ocrx_word' id='word_1_255' title='bbox 702 3715 950 3789; x_wconf 88' lang='lat' dir='ltr'>protraxerunt,</span> <span class='ocrx_word' id='word_1_256' title='bbox 973 3705 1159 3772; x_wconf 90' lang='lat' dir='ltr'>habuerunt</span> <span class='ocrx_word' id='word_1_257' title='bbox 1183 3707 1376 3791; x_wconf 90' lang='lat' dir='ltr'>hujusmodi</span> <span class='ocrx_word' id='word_1_258' title='bbox 1399 3713 1503 3776; x_wconf 91' lang='lat' dir='ltr'>medi·</span> 
     </span>
     <span class='ocr_line' id='line_1_31' title="bbox 344 3807 1502 3895; baseline 0.008 -26"><span class='ocrx_word' id='word_1_259' title='bbox 344 3807 453 3870; x_wconf 91' lang='lat' dir='ltr'>cinam</span> <span class='ocrx_word' id='word_1_260' title='bbox 499 3809 679 3872; x_wconf 90' lang='lat' dir='ltr'>secundum</span> <span class='ocrx_word' id='word_1_261' title='bbox 726 3811 831 3892; x_wconf 86' lang='lat' dir='ltr'>magis</span> <span class='ocrx_word' id='word_1_262' title='bbox 871 3820 906 3874; x_wconf 93' lang='lat' dir='ltr'>et</span> <span class='ocrx_word' id='word_1_263' title='bbox 950 3812 1060 3874; x_wconf 91' lang='lat' dir='ltr'>minus</span> <span class='ocrx_word' id='word_1_264' title='bbox 1104 3823 1343 3895; x_wconf 88' lang='lat' dir='ltr'>praeparatam.</span> <span class='ocrx_word' id='word_1_265' title='bbox 1412 3814 1502 3878; x_wconf 94' lang='lat' dir='ltr'>Nam</span> 
     </span>
     <span class='ocr_line' id='line_1_32' title="bbox 342 3909 1502 4001; baseline 0.006 -25"><span class='ocrx_word' id='word_1_266' title='bbox 342 3910 530 3993; x_wconf 89' lang='lat' dir='ltr'>Artephius</span> <span class='ocrx_word' id='word_1_267' title='bbox 541 3909 560 3986; x_wconf 83' lang='lat'>²,</span> <span class='ocrx_word' id='word_1_268' title='bbox 577 3912 634 3996; x_wconf 92' lang='lat' dir='ltr'>qui</span> <span class='ocrx_word' id='word_1_269' title='bbox 650 3912 772 3996; x_wconf 87' lang='lat' dir='ltr'>legitur</span> <span class='ocrx_word' id='word_1_270' title='bbox 792 3914 916 3978; x_wconf 86' lang='lat' dir='ltr'>vixisse</span> <span class='ocrx_word' id='word_1_271' title='bbox 937 3914 1028 3978; x_wconf 89' lang='lat' dir='ltr'>mille</span> <span class='ocrx_word' id='word_1_272' title='bbox 1043 3916 1159 3998; x_wconf 85' lang='lat' dir='ltr'>viginti</span> <span class='ocrx_word' id='word_1_273' title='bbox 1177 3927 1211 3980; x_wconf 89' lang='lat' dir='ltr'>et</span> <span class='ocrx_word' id='word_1_274' title='bbox 1234 3918 1380 4001; x_wconf 91' lang='lat' dir='ltr'>quinque</span> <span class='ocrx_word' id='word_1_275' title='bbox 1400 3920 1502 3998; x_wconf 89' lang='lat' dir='ltr'>annis,</span> 
     </span>
     <span class='ocr_line' id='line_1_33' title="bbox 343 4014 1502 4106; baseline 0.008 -28"><span class='ocrx_word' id='word_1_276' title='bbox 343 4014 460 4079; x_wconf 92' lang='lat' dir='ltr'>habuit</span> <span class='ocrx_word' id='word_1_277' title='bbox 490 4015 659 4080; x_wconf 89' lang='lat' dir='ltr'>meliorem</span> <span class='ocrx_word' id='word_1_278' title='bbox 690 4017 888 4082; x_wconf 88' lang='lat' dir='ltr'>medicinam</span> <span class='ocrx_word' id='word_1_279' title='bbox 919 4039 1020 4102; x_wconf 91' lang='lat' dir='ltr'>quam</span> <span class='ocrx_word' id='word_1_280' title='bbox 1047 4019 1210 4084; x_wconf 92' lang='lat' dir='ltr'>bubulcus</span> <span class='ocrx_word' id='word_1_281' title='bbox 1235 4042 1348 4100; x_wconf 87' lang='lat' dir='ltr'>senex,</span> <span class='ocrx_word' id='word_1_282' title='bbox 1375 4023 1408 4086; x_wconf 96' lang='lat' dir='ltr'>in</span> <span class='ocrx_word' id='word_1_283' title='bbox 1434 4044 1502 4106; x_wconf 88' lang='lat' dir='ltr'>quo</span> 
     </span>
     <span class='ocr_line' id='line_1_34' title="bbox 343 4117 1502 4210; baseline 0.009 -29"><span class='ocrx_word' id='word_1_284' title='bbox 343 4128 501 4183; x_wconf 90' lang='lat' dir='ltr'>renovata</span> <span class='ocrx_word' id='word_1_285' title='bbox 517 4117 578 4184; x_wconf 88' lang='lat' dir='ltr'>luit</span> <span class='ocrx_word' id='word_1_286' title='bbox 591 4118 746 4202; x_wconf 90' lang='lat' dir='ltr'>juventus</span> <span class='ocrx_word' id='word_1_287' title='bbox 761 4143 822 4205; x_wconf 90' lang='lat' dir='ltr'>per</span> <span class='ocrx_word' id='word_1_288' title='bbox 835 4124 1013 4207; x_wconf 85' lang='lat' dir='ltr'>sexaginta</span> <span class='ocrx_word' id='word_1_289' title='bbox 1028 4143 1144 4188; x_wconf 91' lang='lat' dir='ltr'>annos.</span> <span class='ocrx_word' id='word_1_290' title='bbox 1189 4124 1315 4207; x_wconf 92' lang='lat' dir='ltr'>Liquor</span> <span class='ocrx_word' id='word_1_291' title='bbox 1326 4125 1390 4201; x_wconf 90' lang='lat' dir='ltr'>ille,</span> <span class='ocrx_word' id='word_1_292' title='bbox 1401 4147 1502 4210; x_wconf 88' lang='lat' dir='ltr'>quem</span> 
     </span>
     <span class='ocr_line' id='line_1_35' title="bbox 342 4221 1500 4312; baseline 0.005 -24"><span class='ocrx_word' id='word_1_293' title='bbox 342 4221 428 4288; x_wconf 93' lang='lat' dir='ltr'>bibit</span> <span class='ocrx_word' id='word_1_294' title='bbox 443 4223 498 4288; x_wconf 88' lang='lat' dir='ltr'>ille</span> <span class='ocrx_word' id='word_1_295' title='bbox 513 4225 663 4301; x_wconf 88' lang='lat' dir='ltr'>rusticus,</span> <span class='ocrx_word' id='word_1_296' title='bbox 672 4227 867 4290; x_wconf 85' lang='lat' dir='ltr'>aestimatur</span> <span class='ocrx_word' id='word_1_297' title='bbox 880 4247 994 4293; x_wconf 89' lang='lat' dir='ltr'>versus</span> <span class='ocrx_word' id='word_1_298' title='bbox 1008 4227 1244 4312; x_wconf 90' lang='lat' dir='ltr'>aequalitatem</span> <span class='ocrx_word' id='word_1_299' title='bbox 1261 4229 1500 4295; x_wconf 90' lang='lat' dir='ltr'>elementorum</span> 
     </span>
    </p>
   </div>
   <div class='ocr_carea' id='block_1_3' title="bbox 340 4339 1500 4721">
    <p class='ocr_par' dir='ltr' id='par_1_4' title="bbox 376 4339 737 4406">
     <span class='ocr_line' id='line_1_36' title="bbox 376 4339 737 4406; baseline 0.011 -15"><span class='ocrx_word' id='word_1_300' title='bbox 376 4339 385 4367; x_wconf 87' lang='lat'><strong>¹</strong></span> <span class='ocrx_word' id='word_1_301' title='bbox 401 4342 425 4402; x_wconf 94' lang='lat' dir='ltr'>J.</span> <span class='ocrx_word' id='word_1_302' title='bbox 440 4343 520 4392; x_wconf 80' lang='lat' dir='ltr'>alters</span> <span class='ocrx_word' id='word_1_303' title='bbox 531 4343 582 4393; x_wconf 82' lang='lat' dir='ltr'>this</span> <span class='ocrx_word' id='word_1_304' title='bbox 593 4353 622 4393; x_wconf 90' lang='lat' dir='ltr'>to</span> <span class='ocrx_word' id='word_1_305' title='bbox 634 4345 737 4406; x_wconf 63' lang='lat' dir='ltr'>marius.</span> 
     </span>
    </p>

    <p class='ocr_par' dir='ltr' id='par_1_5' title="bbox 340 4413 1500 4721">
     <span class='ocr_line' id='line_1_37' title="bbox 374 4413 1498 4488; baseline 0.008 -24"><span class='ocrx_word' id='word_1_306' title='bbox 374 4413 386 4442; x_wconf 79' lang='lat'><strong>¹</strong></span> <span class='ocrx_word' id='word_1_307' title='bbox 400 4416 424 4464; x_wconf 81' lang='grc' dir='ltr'>Α</span> <span class='ocrx_word' id='word_1_308' title='bbox 432 4418 507 4466; x_wconf 85' lang='lat' dir='ltr'>work</span> <span class='ocrx_word' id='word_1_309' title='bbox 518 4417 626 4480; x_wconf 76' lang='lat' dir='ltr'>bearing</span> <span class='ocrx_word' id='word_1_310' title='bbox 634 4419 680 4467; x_wconf 87' lang='lat' dir='ltr'>the</span> <span class='ocrx_word' id='word_1_311' title='bbox 693 4435 768 4468; x_wconf 81' lang='lat' dir='ltr'>name</span> <span class='ocrx_word' id='word_1_312' title='bbox 780 4420 809 4469; x_wconf 84' lang='lat' dir='ltr'>of</span> <span class='ocrx_word' id='word_1_313' title='bbox 819 4420 869 4468; x_wconf 88' lang='lat' dir='ltr'>this</span> <span class='ocrx_word' id='word_1_314' title='bbox 881 4421 1017 4470; x_wconf 83' lang='lat' dir='ltr'>alchemist</span> <span class='ocrx_word' id='word_1_315' title='bbox 1025 4437 1082 4470; x_wconf 83' lang='lat' dir='ltr'>was</span> <span class='ocrx_word' id='word_1_316' title='bbox 1092 4421 1195 4483; x_wconf 89' lang='lat' dir='ltr'>printed</span> <span class='ocrx_word' id='word_1_317' title='bbox 1204 4429 1230 4470; x_wconf 79' lang='lat' dir='ltr'>at</span> <span class='ocrx_word' id='word_1_318' title='bbox 1240 4421 1377 4472; x_wconf 79' lang='lat' dir='ltr'>Franksurt</span> <span class='ocrx_word' id='word_1_319' title='bbox 1388 4423 1415 4472; x_wconf 88' lang='lat' dir='ltr'>in</span> <span class='ocrx_word' id='word_1_320' title='bbox 1427 4427 1498 4488; x_wconf 77' lang='lat'>1685,</span> 
     </span>
     <span class='ocr_line' id='line_1_38' title="bbox 341 4493 1500 4561; baseline 0.009 -21"><span class='ocrx_word' id='word_1_321' title='bbox 341 4493 406 4542; x_wconf 82' lang='lat' dir='ltr'>with</span> <span class='ocrx_word' id='word_1_322' title='bbox 419 4494 464 4542; x_wconf 91' lang='lat' dir='ltr'>the</span> <span class='ocrx_word' id='word_1_323' title='bbox 480 4494 544 4556; x_wconf 89' lang='lat' dir='ltr'>title,</span> <span class='ocrx_word' id='word_1_324' title='bbox 556 4496 662 4545; x_wconf 76' lang='lat' dir='ltr'>‘Arretii</span> <span class='ocrx_word' id='word_1_325' title='bbox 674 4496 768 4546; x_wconf 80' lang='lat' dir='ltr'>Arabis</span> <span class='ocrx_word' id='word_1_326' title='bbox 781 4499 928 4561; x_wconf 78' lang='lat' dir='ltr'>philosophi</span> <span class='ocrx_word' id='word_1_327' title='bbox 942 4498 1019 4547; x_wconf 85' lang='lat' dir='ltr'>Liber</span> <span class='ocrx_word' id='word_1_328' title='bbox 1030 4499 1170 4558; x_wconf 86' lang='lat' dir='ltr'>Secretus;</span> <span class='ocrx_word' id='word_1_329' title='bbox 1188 4515 1302 4548; x_wconf 85' lang='lat' dir='ltr'>necnon</span> <span class='ocrx_word' id='word_1_330' title='bbox 1314 4501 1419 4551; x_wconf 78' lang='lat' dir='ltr'>Saturni</span> <span class='ocrx_word' id='word_1_331' title='bbox 1430 4502 1500 4552; x_wconf 86' lang='lat' dir='ltr'>Tris·</span> 
     </span>
     <span class='ocr_line' id='line_1_39' title="bbox 341 4571 1499 4645; baseline 0.011 -27"><span class='ocrx_word' id='word_1_332' title='bbox 341 4571 445 4632; x_wconf 75' lang='lat' dir='ltr'>megisti</span> <span class='ocrx_word' id='word_1_333' title='bbox 457 4573 512 4622; x_wconf 80' lang='lat' dir='ltr'>sive</span> <span class='ocrx_word' id='word_1_334' title='bbox 526 4573 621 4624; x_wconf 77' lang='lat' dir='ltr'>Fratris</span> <span class='ocrx_word' id='word_1_335' title='bbox 634 4575 728 4625; x_wconf 76' lang='lat' dir='ltr'>Heliae</span> <span class='ocrx_word' id='word_1_336' title='bbox 743 4578 776 4625; x_wconf 91' lang='lat' dir='ltr'>de</span> <span class='ocrx_word' id='word_1_337' title='bbox 787 4577 891 4626; x_wconf 82' lang='lat' dir='ltr'>Assisio</span> <span class='ocrx_word' id='word_1_338' title='bbox 902 4577 1020 4637; x_wconf 85' lang='lat' dir='ltr'>libellus;</span> <span class='ocrx_word' id='word_1_339' title='bbox 1037 4594 1146 4640; x_wconf 87' lang='lat' dir='ltr'>quorum</span> <span class='ocrx_word' id='word_1_340' title='bbox 1162 4579 1258 4641; x_wconf 81' lang='lat' dir='ltr'>primus</span> <span class='ocrx_word' id='word_1_341' title='bbox 1273 4582 1399 4644; x_wconf 75' lang='lat' dir='ltr'>magicum</span> <span class='ocrx_word' id='word_1_342' title='bbox 1413 4583 1499 4645; x_wconf 78' lang='lat' dir='ltr'>ignem</span> 
     </span>
     <span class='ocr_line' id='line_1_40' title="bbox 340 4647 1309 4721; baseline 0.01 -23"><span class='ocrx_word' id='word_1_343' title='bbox 340 4647 374 4698; x_wconf 73' lang='lat' dir='ltr'>ab</span> <span class='ocrx_word' id='word_1_344' title='bbox 386 4649 504 4700; x_wconf 82' lang='lat' dir='ltr'>omnibus</span> <span class='ocrx_word' id='word_1_345' title='bbox 516 4652 669 4702; x_wconf 76' lang='lat' dir='ltr'>occtdtatum</span> <span class='ocrx_word' id='word_1_346' title='bbox 680 4654 771 4718; x_wconf 84' lang='lat' dir='ltr'>aperit,</span> <span class='ocrx_word' id='word_1_347' title='bbox 784 4655 850 4706; x_wconf 77' lang='lat' dir='ltr'>alter</span> <span class='ocrx_word' id='word_1_348' title='bbox 861 4657 986 4720; x_wconf 82' lang='lat' dir='ltr'>operandi</span> <span class='ocrx_word' id='word_1_349' title='bbox 998 4658 1104 4707; x_wconf 86' lang='lat' dir='ltr'>modum</span> <span class='ocrx_word' id='word_1_350' title='bbox 1114 4665 1205 4721; x_wconf 80' lang='lat' dir='ltr'>aperte</span> <span class='ocrx_word' id='word_1_351' title='bbox 1217 4658 1309 4710; x_wconf 71' lang='lat' dir='ltr'>docet!</span> 
     </span>
    </p>
   </div>
   <div class='ocr_carea' id='block_1_4' title="bbox 0 0 1776 5359">
    <p class='ocr_par' dir='ltr' id='par_1_6' title="bbox 0 0 1776 5359">
     <span class='ocr_line' id='line_1_41' title="bbox 0 0 1776 5359; baseline 0 6"><span class='ocrx_word' id='word_1_352' title='bbox 0 0 1776 5359; x_wconf 95' lang='lat' dir='ltr'> </span> 
     </span>
    </p>
   </div>
  </div>
 </body>
</html>
