3542 5359
353 589 415 668 238
568 591 725 651 OPERIS
748 591 938 662 MAJORIS
962 591 1078 650 PARS
1102 591 1300 650 SEPTIMA.

353 753 562 819 altitudinem
585 754 656 836 ejus
676 763 709 818 et
731 753 993 836 profunditatem
1013 753 1192 818 declarant.
1239 754 1284 818 Et
1303 756 1345 818 de
1362 752 1507 818 Diabolo

354 869 388 922 et
403 858 544 941 Angelis
565 859 637 941 ejus
652 859 760 922 multa
775 857 876 924 locuti
894 869 980 923 sunt.
1026 859 1114 922 Nam
1135 858 1273 922 Ethicus
1291 857 1508 942 philosophus

356 965 398 1026 de
423 984 463 1026 eo
489 963 687 1027 sententiam
711 962 842 1026 fidelem
866 963 1041 1047 expressit,
1065 973 1102 1027 ut
1130 963 1220 1046 prius
1248 961 1399 1026 habitum
1425 971 1475 1026 est
1487 961 1508 1040 ¹,

354 1077 425 1131 tarn
456 1068 499 1131 ad
530 1068 729 1132 creationem
762 1087 863 1150 quam
897 1068 940 1130 de
970 1077 1109 1148 peccato
1138 1076 1173 1130 et
1202 1066 1417 1130 damnatione
1448 1087 1508 1129 sua

355 1169 558 1255 primordiali
593 1180 627 1235 et
652 1171 740 1236 finali
769 1181 844 1253 post
872 1171 1044 1254 judicium.
1090 1171 1137 1234 Et
1161 1171 1263 1235 etiam
1289 1170 1508 1252 praesumpsit

355 1276 464 1340 dicere
483 1275 651 1340 decimum
671 1275 820 1340 ordinem
841 1276 1001 1340 cecidisse
1021 1285 1098 1358 post
1118 1285 1292 1356 peccatum
1312 1275 1345 1338 in
1366 1294 1506 1356 poenam

354 1379 483 1443 insemi.
530 1379 576 1444 Et
598 1378 761 1462 Apuleius
777 1387 810 1444 et
828 1377 922 1444 Plato
944 1391 979 1443 et
998 1378 1053 1442 alii
1072 1381 1279 1462 distinguunt
1299 1379 1367 1442 duo
1386 1398 1508 1459 genera

356 1483 577 1562 Daemonum,
592 1485 671 1566 quia
688 1484 840 1548 Daemon
856 1504 974 1566 graece
992 1485 1081 1549 idem
1099 1493 1151 1548 est
1172 1485 1263 1567 quod
1278 1484 1383 1548 sciens
1399 1483 1507 1547 latine.

357 1587 438 1652 Ideo
453 1608 587 1671 quoque
601 1598 678 1652 sunt
695 1587 962 1654 calo-daemones
977 1597 1012 1652 et
1027 1590 1309 1666 caco-daemones,
1321 1588 1355 1650 id
1365 1596 1417 1651 est
1428 1587 1507 1651 boni

356 1704 390 1756 et
413 1693 501 1756 mali.
547 1691 773 1758 Calon²enim
798 1703 848 1758 est
867 1692 991 1757 bonum
1015 1703 1049 1756 et
1072 1712 1173 1758 cacon
1198 1702 1249 1756 est
1274 1691 1409 1755 malum.
1454 1690 1509 1754 De

355 1796 451 1860 bonis
480 1816 560 1861 vero
590 1796 841 1878 intelligendum
872 1806 923 1861 est
953 1817 1039 1879 quae
1068 1797 1159 1861 dicta
1184 1805 1261 1860 sunt
1285 1796 1328 1859 de
1357 1795 1508 1860 custodia

354 1899 538 1964 hominum.
584 1901 665 1966 Mali
687 1922 765 1966 vero
784 1910 862 1964 sunt
884 1901 1008 1965 diaboli
1031 1901 1164 1965 nomine
1187 1899 1276 1964 ethi
1301 1899 1507 1982 passionibus

353 2005 456 2068 animi
496 2003 758 2070 irrationabiliter
795 2006 919 2069 cedunt
956 2005 1138 2070 secundum
1175 2004 1380 2086 Apuleium
1419 2003 1508 2066 unde

354 2109 517 2190 indignari
545 2119 578 2173 et
604 2110 680 2193 angi
706 2119 739 2174 et
769 2109 885 2176 laetari
916 2110 959 2173 de
988 2109 1076 2172 malo
1106 2118 1140 2172 et
1170 2110 1274 2192 irasci,
1300 2118 1334 2172 et
1361 2116 1507 2173 caeteros

353 2213 516 2296 malignos
544 2224 655 2278 motus
684 2213 819 2279 habent.
875 2214 923 2277 Et
953 2214 975 2277 ii
1004 2224 1082 2279 sunt
1113 2215 1156 2277 de
1185 2214 1305 2295 quibus
1330 2212 1508 2295 loquuntur

354 2329 482 2399 poetae,
505 2327 542 2381 ut
571 2317 653 2382 dicit
679 2317 852 2400 Apuleius,
882 2327 917 2382 et
947 2337 1030 2399 quos
1062 2316 1190 2399 fingunt
1221 2339 1294 2382 esse
1327 2315 1444 2380 Deos⁸
1473 2325 1508 2379 et

354 2431 519 2487 amatores
542 2423 759 2504 quorundam,
774 2431 808 2486 et
823 2423 957 2487 odiosos
975 2422 1067 2500 aliis;
1085 2434 1120 2488 et
1136 2422 1273 2504 quidam
1296 2431 1371 2485 sunt
1388 2420 1507 2498 incubi,

355 2534 388 2589 et
411 2525 536 2590 ducunt
551 2526 701 2590 homines
716 2527 759 2590 ad
783 2536 919 2609 peccata
943 2535 975 2590 et
997 2526 1087 2600 vitia,
1103 2535 1136 2589 et
1160 2536 1276 2609 postea
1298 2527 1341 2590 ad
1365 2544 1505 2608 poenam

354 2629 481 2709 inferni,
505 2630 549 2694 de
578 2649 644 2714 qua
670 2629 850 2713 loquuntur
874 2630 1018 2696 Hermes
1042 2630 1280 2713 Trismegistus
1306 2638 1341 2694 et
1368 2628 1507 2694 Ethicus

353 2733 580 2817 philosophus.

185 2853 294 2902 witness
306 2853 335 2901 or
398 2839 451 2902 De
468 2838 724 2906 Immortalitate
733 2838 878 2906 Animae
891 2840 923 2903 in
940 2839 1182 2923 Metaphysicis
1193 2849 1246 2904 est
1254 2847 1393 2904 tactum.
1438 2837 1506 2904 Sed

185 2934 247 2967 Μ’
352 2943 405 3006 hic
445 2945 613 3008 moraliter
646 2953 680 3008 et
709 2945 886 3027 praecipue
917 2945 960 3008 de
997 2944 1145 3026 corporis
1182 2944 1420 3007 resurrectione
1456 2952 1507 3006 est

272 3000 278 3031 l

183 2984 332 3100 biiiiriio
353 3046 539 3124 dicendum,
554 3049 597 3110 de
615 3068 682 3130 qua
700 3069 765 3112 non
788 3049 899 3130 potuit
924 3048 1176 3131 Metaphysicus
1200 3048 1279 3111 dare
1305 3046 1505 3112 sententiam

183 3124 312 3245 imita
353 3171 413 3214 nec
430 3151 646 3216 universalem
662 3172 722 3216 nec
745 3152 989 3235 particularem.
1035 3153 1113 3217 Non
1140 3151 1247 3214 solum
1273 3160 1385 3216 autern
1410 3151 1505 3215 Aris-

184 3246 472 3362 ffi‘ffusssostoteles
501 3266 535 3322 et
562 3255 733 3321 Avicenna
757 3257 922 3322 dederunt
944 3258 1013 3322 vias
1036 3257 1133 3321 utiles
1155 3258 1198 3320 ad
1222 3256 1506 3319 immortalitatem

184 3379 259 3442 body.
353 3360 537 3424 animarum
568 3360 611 3423 de
642 3361 762 3443 quibus
792 3363 883 3443 prius
915 3363 1040 3426 dictum
1072 3370 1133 3438 est,
1161 3362 1219 3424 sed
1251 3359 1441 3442 philosophi
1472 3361 1505 3423 in

354 3464 535 3528 moralibus
558 3474 635 3530 sunt
659 3464 768 3529 locuti.
824 3466 913 3529 Nam
939 3467 1047 3548 primo
1070 3467 1114 3530 de
1137 3465 1399 3548 Quaestionibus
1422 3465 1506 3528 Tus-

352 3566 486 3642 culanis,
501 3566 617 3632 Cicero
633 3570 811 3634 sententiat
821 3569 1106 3635 immortalitatem
1121 3571 1259 3642 animae,
1271 3578 1307 3632 et
1322 3589 1381 3651 per
1396 3578 1505 3633 totum

352 3671 472 3738 librum
490 3673 588 3736 istum
602 3670 615 3710 ⁴
631 3674 817 3757 investigat,
827 3687 860 3738 et
873 3676 1102 3758 persuasiones
1111 3675 1218 3738 varias
1226 3675 1270 3736 ad
1281 3673 1344 3739 hoc
1359 3671 1506 3750 revolvit,

353 3795 439 3858 quae
469 3797 512 3840 ex
547 3776 630 3841 libro
660 3777 716 3840 illo
750 3788 876 3860 patent,
907 3798 968 3842 nec
997 3789 1135 3860 possunt
1173 3777 1226 3840 hic
1264 3777 1344 3861 poni
1371 3785 1507 3858 propter

353 3879 590 3962 prolixitatem.
649 3881 694 3944 Et
727 3881 875 3946 similiter
910 3883 941 3945 in
974 3882 1058 3946 libro
1096 3883 1139 3945 de
1177 3881 1354 3946 Senectute
1388 3882 1505 3944 eadem

352 3985 583 4050 immortalitas
605 4005 625 4048 a
651 3985 766 4050 Marco
792 3986 904 4049 Tullio
932 3986 1180 4052 determinatur.
1228 3985 1274 4048 Et
1298 3986 1330 4048 in
1353 3985 1439 4049 libro
1462 3985 1506 4048 de

354 4089 482 4153 Natura
500 4089 620 4152 Divina
644 4089 788 4153 Hermes
804 4091 987 4155 Mercurius
1007 4091 1121 4174 pulcre
1143 4089 1228 4167 dicit,
1251 4090 1344 4152 Deus
1358 4098 1392 4151 et
1412 4098 1508 4172 pater

351 4194 500 4258 omnium
516 4204 550 4256 et
565 4195 727 4269 dominus¹
749 4196 824 4258 etis
844 4195 900 4277 qui
922 4194 1013 4258 solus
1035 4205 1086 4259 est
1106 4195 1215 4259 omnia
1237 4193 1270 4256 in
1293 4192 1454 4266 omnibus,
1471 4211 1507 4255 se

388 4329 396 4358 ¹
412 4335 441 4376 ut
452 4329 524 4391 prius
535 4329 650 4378 habitum
662 4337 712 4388 est,
724 4345 774 4379 om.
787 4329 819 4379 Ο.
832 4337 858 4380 et
871 4331 902 4380 D.

384 4405 394 4434 ²
413 4406 539 4469 Probably
551 4409 625 4458 these
640 4409 728 4458 words
743 4423 814 4458 were
832 4409 971 4472 originally
983 4409 1088 4458 written
1106 4409 1141 4470 by
1153 4408 1243 4458 Becon
1260 4408 1287 4456 in
1305 4406 1392 4456 Greek
1409 4406 1505 4455 letters.

354 4483 406 4532 But
418 4485 443 4532 in
456 4485 501 4533 the
513 4485 662 4535 lourteenth
674 4487 725 4535 and
738 4487 794 4535 first
805 4487 860 4536 hals
868 4487 898 4536 oi
906 4489 950 4536 the
963 4487 1081 4536 fifteenth
1093 4495 1204 4549 century
1214 4486 1371 4548 knowledge
1383 4486 1414 4534 ol
1421 4485 1507 4534 Greek

353 4561 379 4609 in
393 4562 517 4611 northern
531 4562 633 4625 Europe
644 4579 700 4613 was
712 4579 777 4613 even
791 4579 862 4614 rarer
872 4566 936 4614 than
948 4565 974 4613 in
988 4566 1034 4614 the
1045 4565 1198 4615 thirteenth.

386 4639 396 4668 ⁸
412 4638 484 4686 Deos
496 4647 529 4700 et,
544 4655 593 4690 om.
609 4641 642 4692 lt
941 4643 953 4674 ⁴
969 4643 1087 4706 primum,
1095 4651 1145 4706 pro
1155 4644 1242 4704 istum,
1256 4643 1288 4693 D.
1300 4650 1326 4692 et
1338 4641 1370 4692 0.
