3542 5359
513 600 630 659 PARS
655 600 878 660 SECUNDA:
915 601 1004 659 cAP.
1030 601 1085 660 IV.
1315 617 1376 679 477

225 759 309 823 aeris
331 769 365 823 et
389 761 481 843 ignis,
503 771 665 843 quantum
688 771 738 825 est
760 763 804 826 de
828 763 973 845 puritate
999 772 1137 827 naturae
1162 782 1251 827 suae.
1300 764 1376 827 Hoc

226 865 312 942 dico,
334 865 412 948 quia
435 866 659 929 mediantibus
681 866 824 930 nubibus
849 876 884 930 et
910 868 1089 951 vaporibus
1112 869 1232 932 accidit
1256 888 1377 952 magna

226 969 409 1047 diversitas,
435 972 515 1051 quia
540 970 590 1034 sol
616 978 650 1033 et
676 970 793 1034 stellae
821 991 938 1035 omnes
964 972 1119 1036 videntur
1144 993 1215 1037 esse
1242 973 1377 1055 majoris

226 1073 421 1156 quantitatis
443 1076 476 1138 in
498 1074 669 1140 horizonte
689 1096 790 1159 quam
813 1075 846 1138 in
870 1076 982 1139 medio
1005 1075 1098 1151 coeli,
1123 1086 1258 1161 propter
1279 1078 1379 1141 inter·

226 1179 424 1260 positionem
451 1200 612 1263 vaporum
638 1180 831 1243 exeuntium
859 1181 893 1243 in
921 1199 995 1243 aere
1021 1180 1105 1244 inter
1126 1202 1186 1245 nos
1209 1189 1243 1244 et
1265 1181 1379 1245 stellas

227 1282 377 1357 orientes,
394 1283 426 1346 in
447 1283 569 1365 quibus
587 1284 768 1367 vaporibus
787 1283 981 1366 franguntur
1000 1284 1083 1347 radii
1104 1284 1228 1349 solares
1247 1296 1378 1369 praeter

227 1384 421 1450 fractionem
444 1408 544 1470 quam
566 1388 754 1453 habuerunt
776 1387 809 1451 in
835 1386 1006 1471 superficie
1029 1388 1127 1470 ignis,
1148 1409 1234 1470 quae
1259 1390 1377 1453 fractio

228 1490 307 1555 facit
332 1502 369 1556 ut
390 1493 566 1556 videantur
588 1493 721 1574 majoris
745 1494 943 1575 quantitatis
965 1493 999 1556 in
1021 1492 1194 1558 horizonte
1219 1515 1320 1577 quam
1344 1495 1377 1557 in

228 1594 310 1658 coeli
337 1595 457 1659 medio.
503 1594 666 1678 Quamvis
693 1606 727 1661 et
758 1596 825 1661 alia
854 1598 897 1660 sit
930 1616 1029 1660 causa
1055 1596 1154 1679 hujus
1181 1598 1378 1680 majoritatis

230 1709 395 1781 perpetua,
411 1700 497 1763 sicut
521 1700 731 1766 Ptolemaeus
753 1712 787 1765 et
811 1700 962 1766 Alhazen
986 1701 1226 1779 determinant;
1249 1704 1292 1767 de
1312 1723 1380 1786 qua

227 1803 387 1867 fractione
408 1825 468 1888 per
489 1825 628 1889 vapores
650 1803 950 1887 exemplificabitur
973 1817 1088 1888 postea
1111 1808 1144 1870 in
1169 1805 1281 1890 figura,
1302 1828 1378 1871 curn

229 1906 286 1971 fiet
309 1910 433 1972 mentio
456 1909 498 1973 de
521 1911 650 1974 actione
676 1910 808 1993 speciei.
855 1909 925 1975 Sed
948 1910 1027 1973 dum
1050 1910 1191 1993 sphaera
1217 1914 1302 1975 aeris
1329 1922 1379 1975 est

230 2014 354 2077 munda
370 2034 391 2076 a
405 2016 592 2096 vaporibus,
602 2035 669 2080 non
685 2024 736 2079 est
751 2014 796 2079 ibi
812 2015 939 2089 fractio,
951 2025 988 2078 ut
1002 2026 1155 2079 auctores
1171 2015 1378 2097 Aspectuum

228 2116 421 2196 certificant,
444 2120 625 2183 secundum
647 2120 739 2201 quod
762 2119 842 2182 dicit
858 2117 1021 2191 Alhazen,
1038 2119 1116 2200 quia
1132 2118 1228 2181 ‘aer1
1252 2130 1379 2201 quanto

230 2225 337 2306 magis
351 2226 597 2307 appropinquat
620 2223 714 2288 coelo
736 2233 832 2287 tanto
849 2223 956 2303 magis
974 2221 1176 2305 purificatur,
1192 2223 1301 2287 donec
1321 2221 1380 2287 fiat

230 2327 323 2409 ignis
357 2327 533 2391 Subtilitas
544 2347 624 2410 ergo
635 2327 706 2408 ejus
718 2325 756 2389 fit
767 2326 921 2390 ordinate
935 2326 1115 2391 secundum
1128 2329 1380 2405 successionem,

229 2450 295 2494 non
315 2431 348 2493 in
369 2430 555 2495 differentia
574 2432 759 2495 terminata.
805 2430 947 2493 Formae
967 2451 1047 2514 ergo
1067 2451 1181 2494 eorum
1196 2450 1283 2514 quae
1303 2439 1381 2494 sunt

230 2533 264 2596 in
287 2533 381 2597 coelo
403 2535 538 2616 quando
560 2536 787 2598 extenduntur
809 2534 852 2598 ad
871 2534 988 2611 visum,
1003 2555 1068 2598 non
1093 2534 1303 2599 reflectuntur
1327 2530 1377 2621 [id

230 2647 371 2713 estnon
387 2632 593 2723 franguntur]
621 2638 711 2721 apud
732 2639 972 2703 concavitatem
1002 2638 1162 2721 sphaerae
1186 2638 1278 2722 ignis,
1302 2659 1378 2702 cum

230 2742 363 2804 nonsit
391 2742 437 2803 ibi
458 2741 647 2824 superficies
674 2762 818 2806 concava
844 2742 1075 2805 determinata.
1130 2740 1268 2805 Nullum
1295 2763 1376 2823 ergo

231 2845 396 2907 invenitur
414 2864 534 2927 corpus
551 2845 704 2909 subtilius
725 2866 810 2917 aere,
826 2866 902 2908 curn
923 2865 991 2927 quo
1011 2847 1237 2909 extenduntur
1253 2844 1379 2909 formae

230 2947 410 3011 visibilium
435 2958 470 3011 et
494 2948 690 3032 franguntur
715 2951 804 3031 apud
831 2947 1037 3031 superficiem
1065 2946 1144 3028 ejus,
1168 2948 1228 3012 nisi
1256 2968 1375 3033 corpus

231 3049 393 3116 coeleste?
439 3053 515 3117 Hoc
533 3054 615 3119 dicit
634 3053 809 3130 Alhazen3
840 3061 1044 3134 quapropter
1065 3053 1248 3116 secundum
1270 3054 1377 3134 ipsum

231 3166 266 3220 et
289 3156 517 3222 Ptolemaeum
540 3179 607 3222 non
624 3168 675 3223 est
696 3156 814 3222 fractio
832 3156 954 3238 speciei
975 3158 1007 3219 in
1026 3154 1199 3241 superficie
1219 3158 1380 3240 sphaerae

229 3262 323 3339 aeris,
341 3281 416 3325 curn
442 3262 533 3325 venit
559 3263 686 3345 species
708 3283 728 3325 a
751 3261 892 3343 sphaera
915 3262 1011 3345 ignis.
1055 3260 1121 3326 Sed
1147 3262 1180 3325 in
1203 3261 1381 3345 superficie

229 3386 336 3448 aquae
358 3376 409 3431 est
431 3364 548 3430 fractio
570 3365 742 3443 sensibilis,
764 3376 900 3449 propter
923 3364 1131 3429 manifestam
1154 3366 1379 3430 diversitatem

230 3470 486 3551 diaphaneitatis
500 3470 585 3534 aeris
599 3480 633 3533 et
648 3489 755 3553 aquae
769 3489 845 3533 cum
861 3468 1049 3533 differentia
1067 3469 1324 3552 superficierum.

275 3572 342 3637 Sed
371 3574 481 3638 adhuc
510 3576 612 3639 tertio
640 3576 810 3638 sciendum
840 3584 902 3649 est,
931 3575 1022 3655 quod
1052 3595 1073 3637 a
1103 3576 1233 3657 tropico
1261 3574 1378 3639 Cancri
1394 3590 1511 3665 Bam·

231 3698 344 3741 versus
353 3678 466 3760 polum
479 3687 629 3741 nostrum
639 3676 677 3740 fit
688 3677 806 3740 fractio
821 3678 970 3740 omnium
982 3680 1165 3759 specierum
1178 3679 1380 3743 venientium
1393 3655 1528 3770 {22⁸3ssoe

231 3801 251 3843 a
267 3781 419 3863 planetis,
436 3792 571 3862 propter
584 3779 648 3844 hoc
663 3780 753 3862 quod
769 3781 895 3861 species
911 3779 986 3844 illae
1002 3780 1264 3864 multiplicantur
1281 3801 1382 3863 super
1394 3786 1452 3851 pole
1463 3785 1498 3835 ¹11

232 3885 334 3947 lineas
361 3904 449 3966 quae
471 3904 536 3948 non
558 3892 637 3947 sunt
663 3882 958 3965 perpendiculares,
980 3905 1021 3947 eo
1047 3883 1137 3966 quod
1165 3903 1232 3947 non
1258 3885 1380 3947 cadunt
1394 3852 1524 3980 ξέζξῗζῌ

231 3988 265 4050 ἰη
292 3995 441 4050 centrum
469 3987 591 4064 mundi,
612 3986 671 4049 sed
693 3986 836 4049 tendunt
858 3988 901 4050 ad
925 3986 1107 4064 horizonta,
1129 3997 1263 4069 propter
1289 3987 1380 4068 quod
1393 3981 1494 4032 sacred.

230 4101 362 4174 oportet
378 4090 468 4173 quod
484 4089 576 4153 nulla
591 4090 719 4172 species
733 4090 859 4155 directa
874 4091 986 4154 veniat
1007 4091 1089 4155 citra
1106 4087 1197 4153 illum
1213 4090 1379 4172 tropicum

232 4195 274 4258 ad
302 4194 376 4258 loca
402 4194 585 4270 climatum,
607 4192 759 4257 similiter
786 4214 848 4258 nec
877 4194 965 4257 ultra
987 4194 1149 4278 tropicum
1177 4192 1380 4275 Capricorni,

231 4320 290 4384 per
312 4298 454 4361 eandem
484 4299 656 4362 rationem.
704 4296 771 4362 Sed
798 4318 858 4362 nec
888 4318 908 4361 a
934 4297 1038 4361 stellis
1070 4317 1156 4379 quae
1186 4306 1264 4360 sunt
1295 4298 1378 4361 inter

265 4442 274 4471 ¹
291 4444 348 4492 The
359 4442 421 4491 nine
432 4442 500 4491 tine·
510 4443 566 4491 that
583 4441 672 4491 follow
682 4458 727 4491 are
737 4443 834 4505 quoted
845 4442 910 4490 from
922 4441 1047 4500 Alhazen,
1058 4442 1102 4490 vii.
1116 4446 1128 4500 ς
1141 4454 1181 4502 5¹·
1218 4440 1248 4489 ln
1261 4440 1380 4491 Risner’s

233 4524 331 4573 edition
348 4522 379 4572 of
391 4519 514 4571 Gerard's
531 4520 608 4569 Latin
624 4521 737 4580 version,
750 4521 923 4582 refringuntur
939 4519 961 4568 is
978 4520 1135 4569 substituted
1152 4519 1192 4569 for
1209 4520 1383 4570 reflectuntur.

235 4602 265 4651 ln
276 4602 322 4651 the
334 4600 410 4649 MSS.
421 4599 499 4662 (Reg.
508 4599 559 4647 and
572 4598 615 4661 Ο.)
629 4598 718 4647 Baeon
731 4598 825 4647 inserts
836 4598 882 4647 the
893 4598 964 4660 gloss
975 4598 1040 4647 aner
1051 4613 1104 4647 non
1115 4598 1383 4659 reflectuntur,which

234 4681 246 4730 1
258 4681 325 4729 have
336 4680 459 4729 enclosed
470 4678 497 4727 in
508 4677 636 4727 brackets
