3542 5359
396 570 591 629 MORALIS
615 569 936 628 PHILOSOPHIA:
964 569 1080 628 PARS
1104 569 1252 629 PRIMA.
1345 585 1407 647 243

255 731 341 795 inter
355 732 411 796 illa
425 734 503 812 duo,
517 733 608 816 quod
623 741 674 796 est
689 732 888 796 desiderium
906 732 1053 796 naturale
1067 733 1272 817 gubernandi
1287 752 1405 816 corpus

253 848 287 901 et
302 837 450 920 agitandi
466 835 658 901 affectiones
673 835 753 917 ejus.

299 941 345 1004 Et
360 939 533 1024 quartum¹
547 939 822 1024 impedimentum
839 951 891 1004 est
906 940 1082 1023 occupatio
1094 939 1236 1005 hominis
1250 963 1326 1006 cum
1341 942 1405 1006 isto
1419 953 1464 1014 3rd
1475 967 1563 1003 caux:

256 1046 381 1108 mundo
401 1045 555 1122 sensibili,
571 1045 723 1127 quamvis
742 1043 844 1108 homo
864 1065 931 1109 non
953 1054 1106 1127 peccaret
1126 1065 1187 1109 nec
1204 1032 1255 1109 de
1268 1066 1405 1129 corpore
1418 1018 1526 1149 {effi

253 1158 391 1214 curaret.
439 1149 527 1232 Quia
563 1150 651 1212 enim
690 1169 805 1213 sumus
843 1149 948 1213 dediti
985 1151 1111 1213 mundo
1147 1150 1303 1228 sensibili,
1329 1152 1405 1215 ideo
1417 1151 1492 1200 1¹0³&

255 1253 453 1336 negligimus
469 1252 693 1317 insensibilem
711 1260 745 1315 et
760 1252 974 1335 spiritualem,
986 1253 1166 1318 secundum
1182 1256 1273 1337 quod
1288 1256 1404 1319 edocet

253 1356 436 1421 Avicenna
482 1357 521 1421 In
550 1358 669 1440 quibus
693 1356 864 1420 evidenter
889 1365 924 1421 et
950 1356 1124 1440 magnifice
1153 1358 1261 1442 tangit
1275 1379 1406 1424 causas

254 1461 474 1544 impedientes
490 1482 550 1525 nos
566 1483 585 1524 a
600 1461 866 1525 consideratione
881 1472 915 1525 et
930 1482 1044 1524 amore
1056 1459 1231 1527 felicitatis

300 1565 346 1629 Et
370 1585 429 1647 per
455 1565 654 1630 contrarium
678 1567 860 1629 ostendunt
885 1565 981 1629 nobis
1005 1586 1065 1629 sua
1089 1566 1198 1644 verba,
1219 1588 1305 1650 quae
1330 1577 1406 1630 sunt
1419 1578 1475 1628 The
1487 1579 1542 1628 four

255 1668 421 1750 adjutoria
443 1669 665 1753 cognoscendi
690 1679 724 1733 et
748 1669 882 1733 amandi
909 1677 943 1732 et
969 1671 1124 1752 gustandi
1151 1670 1406 1736 delectationem
1420 1645 1544 1760 ἓξὲξ

256 1771 385 1837 futurae
407 1771 583 1839 felicitatis.
629 1772 780 1856 Quorum
805 1793 907 1836 unum
939 1784 990 1837 est
1021 1773 1248 1840 mundificatio
1278 1776 1525 1840 animaebrhim·

255 1899 277 1942 a
299 1877 464 1960 peccatis;
494 1887 528 1942 et
547 1877 635 1941 aliud
658 1886 710 1940 est
733 1877 915 1941 subtractio
937 1878 1038 1940 animi
1059 1899 1079 1941 a
1100 1879 1240 1942 naturali
1265 1899 1326 1943 suo
1348 1881 1407 1945 de·

257 1981 375 2046 siderio
397 1981 532 2064 regendi
555 2000 684 2064 corpus.
731 1981 777 2044 Et
796 1982 932 2044 tertium
954 1993 1004 2045 est
1026 1984 1198 2066 suspensio
1222 1984 1344 2046 mentis
1364 1984 1407 2048 ab

256 2085 320 2150 hoc
345 2087 471 2149 mundo
495 2085 650 2161 sensibili,
674 2095 710 2149 ut
737 2083 916 2149 adhaereat
946 2086 1078 2151 saeculo
1107 2086 1316 2170 intelligibili.
1361 2088 1408 2151 Et

256 2201 411 2272 quartum
432 2199 491 2269 est,
511 2189 704 2255 certificatio
728 2210 788 2272 per
811 2189 1046 2253 revelationem
1073 2200 1107 2254 et
1133 2191 1343 2274 prophetiam
1364 2193 1409 2256 de

256 2295 315 2372 eis,
343 2295 386 2357 de
412 2296 532 2377 quibus
556 2315 651 2358 mens
674 2295 820 2358 humana
845 2315 911 2360 non
939 2305 1049 2379 potest
1078 2316 1298 2378 praesumere,
1322 2298 1408 2361 sicut

257 2409 335 2463 sunt
356 2400 505 2480 quaesita
528 2399 651 2463 nobilia
669 2400 713 2462 de
732 2399 852 2481 quibus
873 2397 1038 2481 loquitur3
1063 2420 1140 2463 nam
1156 2401 1189 2462 in
1205 2400 1408 2483 hujusmodi,

257 2512 294 2567 ut
320 2504 409 2581 dicit,
437 2504 611 2568 Credimus
636 2503 828 2568 testimonio
855 2503 1038 2587 prophetae
1064 2515 1098 2568 et
1122 2503 1327 2587 legislatoris,
1350 2505 1408 2586 qui

258 2608 382 2692 recepit
403 2608 510 2690 legem
533 2629 554 2670 a
578 2608 660 2672 Deo
706 2607 773 2691 Qui
800 2628 879 2672 vero
905 2607 988 2671 haec
1013 2618 1156 2690 quatuor
1178 2608 1317 2672 haberet
1340 2628 1409 2671 non

257 2720 395 2794 poneret
417 2711 608 2776 felicitatem
633 2712 665 2775 in
688 2711 753 2774 hoc
776 2711 911 2788 mund0,
933 2711 992 2774 sed
1015 2711 1181 2775 miseriam
1201 2721 1235 2776 et
1257 2721 1408 2788 mortem,

257 2817 341 2880 sicut
371 2817 452 2879 satis
481 2825 669 2898 exponetur
699 2813 851 2879 inferius:
886 2824 921 2878 et
949 2834 1024 2878 cum
1054 2815 1238 2880 Aristotele
1266 2826 1301 2879 et
1330 2835 1407 2879 cum

259 2919 502 3002 Theophrasto,
531 2930 565 2985 et
599 2919 782 2993 Avicenna,
812 2928 847 2982 et
880 2919 954 2983 aliis
982 2939 1058 2983 vere
1087 2918 1409 3002 philosophantibus,

260 3036 393 3089 vacaret
423 3024 695 3106 contemplationi
726 3020 892 3087 felicitatis
922 3021 1062 3102 futurae,
1091 3036 1252 3106 quantum
1283 3024 1409 3088 homini

259 3150 304 3193 ex
327 3139 494 3211 potestate
516 3149 575 3193 sua
597 3139 647 3193 est
673 3128 849 3210 possibile3
883 3138 1047 3211 quatenus
1070 3129 1145 3211 pius
1167 3140 1201 3193 et
1223 3130 1409 3194 misericors

258 3232 352 3297 Deus
367 3232 550 3316 pleniorem
566 3232 727 3296 revelaret
740 3232 924 3312 veritatem,
942 3233 1025 3296 sicut
1041 3234 1219 3315 probatum
1235 3244 1286 3299 est
1301 3235 1409 3317 ipsum

260 3336 422 3400 revelasse
445 3337 516 3400 aliis
537 3356 637 3419 quam
656 3337 703 3399 eis
722 3337 778 3418 qui
797 3336 829 3399 in
851 3336 926 3419 lege
942 3337 1044 3399 veteri
1065 3337 1115 3401 vel
1139 3358 1224 3401 nova
1242 3339 1311 3403 nati
1331 3348 1409 3402 sunt

258 3453 292 3504 et
314 3441 454 3518 educati,
469 3451 507 3504 ut
530 3442 562 3503 in
586 3439 825 3522 Metaphysicis
847 3439 949 3504 habet
971 3441 1136 3506 declarari.
1184 3443 1229 3507 Et
1252 3443 1408 3525 quoniam

260 3555 477 3628 perceperunt
500 3545 590 3627 quod
613 3545 656 3607 ad
681 3545 905 3626 cognitionem
928 3543 1093 3608 felicitatis
1120 3566 1253 3611 necesse
1280 3548 1340 3612 fuit
1361 3547 1410 3609 eis

261 3669 415 3733 separare
435 3670 471 3714 se
496 3671 517 3714 a
540 3649 685 3731 peccatis
711 3658 745 3712 et
772 3670 792 3712 a
817 3649 980 3731 corporali
1001 3670 1114 3712 amore
1137 3651 1304 3733 superfluo
1321 3661 1355 3714 et
1379 3671 1399 3713 a

263 3755 397 3829 mund0,
422 3762 459 3817 ut
486 3763 641 3836 quartum
664 3760 800 3836 possent
822 3773 842 3815 a
865 3752 943 3815 Deo
968 3753 1123 3836 recipere,
1140 3755 1264 3819 scilicet
1290 3754 1411 3819 illumi·

259 3858 429 3921 nationem
459 3856 660 3933 interiorem,
682 3866 846 3938 quatenus
874 3855 1029 3920 articulos
1051 3858 1228 3922 veritatum
1261 3858 1409 3923 fidelium

260 3963 474 4046 perciperent,
498 3960 652 4024 omnibus
672 3958 811 4042 abjectis
835 3961 1001 4025 vacabant
1025 3962 1298 4043 contemplationi
1323 3963 1410 4044 sapi·

263 4064 375 4130 entiali
400 4064 527 4128 futurae
550 4062 725 4128 felicitatis.

307 4170 396 4234 Nam
419 4170 589 4252 sapientia,
604 4177 642 4232 ut
661 4168 863 4234 Aristoteles
884 4169 966 4233 dicit
988 4177 1109 4251 quarto
1132 4169 1338 4249 Ethicorum,
1360 4178 1411 4234 est
1424 4183 1548 4249 Exsmple

260 4273 328 4338 fere
358 4275 448 4337 idem
478 4275 568 4356 quod
597 4271 746 4350 felicitas,
775 4274 931 4355 quoniam
962 4274 1121 4357 sapientia
1148 4293 1215 4336 non
1242 4284 1294 4339 est
1321 4275 1412 4338 nuda
1422 4248 1568 4378 {ww

238 4378 396 4442 scientia
413 4378 472 4442 sed
494 4388 545 4443 est
568 4379 671 4442 virtus
693 4376 933 4456 intellectualis,
954 4387 991 4442 ut
1013 4378 1084 4460 ipse
1110 4378 1317 4455 determinat,
1337 4399 1411 4463 per·
1424 4381 1555 4432 Aristone.

292 4521 301 4550 ¹
318 4520 382 4572 This
397 4523 491 4571 should
507 4523 573 4572 bave
587 4523 654 4572 been
669 4523 782 4572 tertium.
815 4521 871 4570 The
888 4521 976 4571 fourth
992 4537 1079 4583 cause,
1091 4529 1163 4571 want
1179 4523 1209 4572 of
1221 4524 1371 4589 revelation,
1382 4540 1413 4576 as

260 4599 348 4651 Baeon
361 4602 409 4652 hes
421 4601 527 4664 pointed
538 4609 583 4651 out
594 4601 691 4662 before,
699 4615 813 4650 wasone
824 4601 879 4650 tlnt
888 4600 951 4663 only
960 4601 1090 4651 Christian
1098 4602 1203 4652 writers
1214 4603 1289 4652 could
1301 4603 1412 4656 obviate.

807 4698 867 4750 Ra
