3542 5359
385 642 709 701 PERSPECTIVAE
733 641 848 701 PARS
876 640 1099 699 SECUNDA:
1134 641 1242 698 DIST.
1270 641 1294 698 I.
1378 657 1416 715 91

267 804 344 868 ideo
360 805 389 868 ei
406 814 545 890 apparet
560 827 624 870 una
644 827 695 870 res
718 807 812 870 duae.
859 806 957 869 Hanc
979 826 1112 870 causam
1135 815 1275 890 tangunt
1298 804 1417 870 medici

267 910 301 972 in
315 909 406 976 libris
421 921 456 974 et
470 911 591 976 docent
608 912 818 990 curationem,
834 925 870 976 ut
885 934 946 998 per
961 913 1166 978 Avicennam
1182 924 1276 997 patet
1291 913 1324 977 in
1340 934 1418 978 cura

266 1016 361 1079 oculi.
408 1015 508 1100 Quod
530 1018 558 1080 si
580 1039 646 1082 non
665 1019 877 1102 contingeret,
892 1020 1086 1083 aestimatur
1103 1019 1193 1102 quod
1216 1029 1327 1100 potest
1347 1017 1417 1081 fieri

268 1119 321 1182 bic
337 1122 499 1206 deceptio.
546 1122 591 1188 Et
607 1145 685 1188 vero
703 1123 798 1188 aliter
815 1125 958 1187 creditur
973 1145 1071 1206 posse
1089 1124 1157 1187 fieri
1177 1125 1416 1206 apparitionem

267 1224 406 1289 duorum
430 1248 474 1291 ex
497 1248 547 1306 eo,
563 1230 653 1311 quod
670 1230 757 1292 visus
777 1228 815 1292 fit
838 1228 1108 1300 extramittendo‚
1126 1238 1159 1292 et
1181 1228 1269 1311 quod
1293 1228 1418 1311 species

268 1341 379 1412 potest
404 1330 517 1414 aliquo
547 1333 648 1395 modo
673 1333 786 1397 videri.
831 1333 920 1396 Nam
947 1341 1024 1396 sunt
1054 1332 1149 1395 multi
1177 1333 1335 1408 homines,
1361 1333 1417 1414 qui

267 1455 369 1516 quum
385 1437 547 1522 aspiciunt
563 1439 708 1520 aliquam
724 1457 793 1501 rem
809 1457 920 1511 unam,
935 1447 1094 1522 apparent
1112 1437 1160 1501 eis
1180 1437 1275 1511 duae,
1294 1447 1328 1502 et
1350 1457 1417 1501 non

267 1551 319 1604 est
348 1552 486 1625 propter
515 1541 685 1607 oculorum
715 1542 954 1620 diversitatem,
980 1542 1138 1626 quoniam
1169 1541 1196 1603 si
1226 1562 1291 1606 uno
1321 1540 1417 1605 oculo

267 1645 430 1727 aspiciant
445 1647 532 1710 idem
550 1647 596 1710 eis
611 1647 739 1711 accidit.
787 1646 865 1710 Uno
885 1666 966 1729 ergo
984 1645 1081 1709 oculo
1095 1645 1209 1710 vident
1226 1647 1295 1710 duo
1310 1645 1418 1710 omni-

269 1749 330 1811 bus
357 1750 463 1814 causis
485 1750 630 1814 exclusis
652 1751 838 1833 praedictis.
882 1748 1098 1835 Quapropter
1116 1771 1182 1814 non
1206 1760 1419 1832 potestesse,

267 1852 329 1914 nisi
346 1853 398 1916 vel
418 1854 496 1936 quia
511 1855 637 1936 species
656 1855 710 1928 rei,
726 1854 805 1917 dum
822 1853 859 1917 fit
874 1875 978 1938 prope
993 1874 1073 1933 rem,
1088 1865 1139 1919 est
1154 1854 1269 1919 fortior
1289 1863 1323 1918 et
1345 1854 1419 1937 plus

267 1957 371 2021 habet
387 1958 429 2021 de
444 1967 562 2021 natura
577 1957 632 2035 rei,
647 1969 681 2022 et
700 1959 775 2022 ideo
792 1959 898 2042 magis
918 1969 969 2022 est
988 1958 1153 2023 sensibilis
1172 1979 1273 2041 quam
1289 1958 1420 2041 longius

268 2059 498 2145 multiplicata.
543 2061 627 2127 Cum
652 2083 732 2146 ergo
756 2062 858 2126 homo
885 2061 1006 2126 habeat
1036 2062 1162 2127 debiles
1190 2062 1316 2141 oculos,
1339 2071 1419 2126 tunc

266 2164 370 2227 virtus
386 2185 452 2229 non
467 2166 574 2229 solum
590 2169 771 2231 secundum
788 2187 824 2230 se
839 2177 889 2230 est
904 2165 1034 2245 debilis,
1049 2168 1107 2230 sed
1124 2167 1230 2251 magis
1245 2167 1419 2231 debilitata

266 2288 311 2331 ex
328 2270 482 2334 distantia
498 2271 601 2335 stabit
618 2272 660 2335 ad
678 2272 821 2354 speciem
838 2271 882 2334 rei
898 2292 1002 2355 prope
1021 2293 1105 2350 eam,
1121 2282 1154 2336 et
1170 2271 1226 2336 fiet
1246 2271 1371 2354 species
1388 2273 1418 2334 ei

267 2393 329 2456 pro
352 2373 493 2454 objecto,
516 2386 553 2439 ut
579 2376 773 2440 terminetur
794 2377 898 2439 virtus
923 2376 1041 2441 debilis
1066 2378 1109 2440 ad
1137 2375 1237 2453 illam,
1260 2377 1346 2441 sicut
1376 2377 1419 2440 ad

266 2497 422 2560 vaporem
439 2479 634 2544 terminatur
647 2479 736 2543 visus
752 2501 795 2544 ex
811 2481 970 2545 distantia
985 2481 1183 2545 debilitatus
1220 2481 1287 2545 Sed
1305 2480 1420 2544 oculus

265 2578 363 2642 sortis
381 2590 533 2663 penetrat
547 2604 667 2661 aerem,
683 2584 715 2646 in
731 2606 797 2667 quo
812 2593 863 2647 est
885 2584 1010 2667 species
1031 2605 1136 2668 prope
1158 2606 1237 2662 rem,
1253 2596 1287 2650 et
1310 2584 1419 2649 occul·

266 2693 358 2748 tatur
371 2686 402 2748 ei
417 2687 543 2769 species
559 2698 693 2771 propter
709 2686 934 2752 fortitudinem
950 2689 1046 2764 visus,
1062 2689 1145 2752 sicut
1163 2709 1268 2771 vapor
1289 2690 1322 2752 in
1345 2709 1420 2752 aere

266 2808 372 2872 prope
394 2788 525 2854 oculum
546 2790 728 2856 occultatur
745 2802 779 2857 et
797 2802 988 2876 penetratur
1005 2804 1142 2876 propter
1154 2793 1303 2874 vigorem
1324 2791 1420 2854 oculi.

268 2891 316 2955 Et
331 2893 410 2957 illud
433 2895 696 2977 frequentissime
713 2899 842 2961 accidet
865 2896 1054 2961 hominibus
1073 2895 1271 2960 habentibus
1293 2895 1420 2959 debiles

266 2995 390 3074 oculos,
415 2999 563 3062 maxime
587 3000 712 3064 scilicet
738 3003 871 3084 quando
896 2999 1099 3084 negligenter
1119 3000 1244 3064 vident.
1290 2999 1338 3064 Et
1359 2997 1420 3062 ali·

264 3102 402 3184 quando
417 3102 568 3166 homines
583 3102 745 3167 habentes
766 3106 872 3168 bonos
887 3103 1001 3169 oculos
1016 3105 1140 3168 cadunt
1162 3124 1297 3187 quoquo
1318 3104 1421 3168 modo

267 3205 302 3268 in
326 3206 424 3271 istam
448 3207 646 3290 passionem,
668 3209 803 3290 quando
830 3209 957 3273 scilicet
983 3208 1252 3293 negligentissimi
1278 3218 1355 3272 sunt
1386 3207 1420 3271 in

266 3311 412 3375 videndo
434 3323 468 3376 et
491 3311 622 3375 oculum
645 3311 897 3390 semiclaudum,
920 3323 955 3377 et
976 3324 1054 3378 sunt
1080 3313 1141 3396 ipsi
1163 3322 1198 3376 et
1221 3333 1272 3376 res
1294 3315 1365 3376 visa
1387 3313 1420 3375 in

268 3414 351 3478 locis
367 3415 515 3480 obscuris
534 3425 568 3480 et
584 3417 791 3499 temporibus
806 3417 1001 3498 caliginosis,
1016 3417 1101 3481 sicut
1116 3417 1150 3479 in
1166 3416 1375 3500 crepusculis.

313 3517 359 3581 Et
374 3538 506 3582 necesse
523 3529 572 3583 est
592 3519 689 3596 istud,
705 3519 757 3582 vel
774 3520 864 3602 quod
887 3518 1001 3583 oculus
1023 3540 1108 3582 unus
1126 3518 1249 3584 habeat
1269 3519 1419 3603 geminas
1432 3532 1536 3610 Doque

265 3622 429 3707 pupillas;
452 3623 543 3705 quod
563 3623 641 3686 licet
660 3625 708 3686 sic
729 3623 793 3686 hoc
813 3622 979 3708 possibile,
996 3644 1060 3686 non
1081 3645 1155 3687 sum
1171 3622 1234 3688 hoc
1250 3632 1419 3706 expertus.
1431 3598 1511 3664 ⁹⁰¹²&

266 3723 401 3790 Solinus
420 3727 557 3789 enimin
580 3726 665 3789 libro
688 3728 730 3790 de
748 3725 959 3792 Mirabilibus
975 3727 1094 3791 Mundi
1117 3725 1196 3791 facit
1218 3728 1419 3790 mentionem

263 3829 308 3893 de
337 3830 483 3912 quadam
509 3829 642 3912 regione
669 3830 702 3893 in
728 3852 795 3914 qua
824 3830 978 3895 mulieres
1006 3829 1158 3895 solebant
1186 3829 1309 3893 habere
1337 3832 1420 3895 duas

263 3933 419 4016 pupillas.
475 3931 521 3997 Et
552 3933 676 3998 Plinius
705 3944 804 3998 sexto
833 3934 918 3998 libro
950 3954 1009 4017 per
1042 3934 1173 3998 diversa
1202 3932 1275 3997 loca
1306 3936 1418 3998 mundi

264 4037 413 4100 ostendit
436 4035 586 4100 homines
608 4036 768 4101 habentes
786 4037 937 4120 geminas
954 4037 1099 4121 pupillas
1118 4038 1151 4100 in
1170 4037 1295 4115 oculis3
1329 4041 1419 4120 quod

264 4140 292 4204 si
308 4141 481 4223 contingat
497 4160 599 4204 unum
616 4151 727 4224 potest
742 4142 843 4206 videri
860 4144 937 4207 duo.
