3542 5359
336 522 421 652 *49⁸
632 561 972 623 nuarrptrcnrro
997 560 1264 620 sracranun.

362 733 470 799 tendit
483 731 526 792 ad
542 738 699 792 centrum.
737 722 907 803 Similiter,
920 724 1032 787 circuli
1049 723 1230 786 meridiani
1245 724 1382 787 diversi
1397 724 1573 786 videntur

362 858 434 903 esse
456 833 720 915 aequidistantes,
734 830 792 890 sed
815 837 931 891 tamen
954 838 1157 891 concurrunt
1183 828 1218 889 in
1244 828 1339 908 polis
1366 830 1519 907 mundi,
1535 840 1568 892 et

364 944 412 1005 sic
427 940 470 1003 de
484 937 606 1000 multis.
652 933 708 997 Sic
722 932 822 1016 igitur
837 942 889 995 est
904 932 970 996 hoc
986 931 1256 1013 intelligendum.

794 1206 1026 1270 Cnerrunuu
1050 1204 1095 1269 Χ.
1121 1280 1124 1287 ,

741 1362 881 1424 Habens
897 1370 965 1426 tres
980 1363 1150 1424 veritates.

203 1520 349 1573 Thevisual
415 1505 459 1566 Et
483 1503 637 1585 quoniam
663 1499 793 1562 bonitas
819 1500 1054 1581 operationum
1082 1509 1227 1561 naturae
1254 1508 1307 1562 est
1337 1520 1406 1579 per
1438 1502 1569 1564 multi-

203 1589 339 1719 ?sshss‘gm
371 1606 562 1691 plicationes
590 1603 758 1667 venientes
792 1604 826 1663 in
862 1602 971 1684 figura
1005 1602 1219 1686 pyramidali,
1251 1613 1290 1666 ut
1325 1614 1478 1667 tactum
1516 1618 1570 1668 est

204 1722 330 1768 embraoes
370 1712 517 1793 superius
548 1720 583 1771 et
612 1707 833 1790 explicabitur
862 1706 1007 1780 inferius,
1034 1726 1177 1787 quarum
1210 1707 1447 1787 pyramidum
1487 1710 1570 1772 coni

203 1785 323 1898 fflstff
371 1814 493 1877 cadunt
509 1815 541 1875 in
558 1823 669 1895 partes
686 1811 884 1894 patientium
907 1820 941 1873 et
956 1812 1054 1874 bases
1075 1818 1154 1872 sunt
1170 1811 1203 1871 in
1226 1812 1429 1891 agentibus,
1451 1824 1570 1896 atque
1663 1838 1664 1883 1

205 1915 306 1964 samec
372 1918 540 2001 sphaerica
555 1934 700 1997 corpora,
713 1925 749 1977 ut
761 1914 888 1978 stellae.
899 1916 1047 1976 maxime
1058 1914 1091 1976 in
1103 1914 1168 1977 hoc
1181 1914 1314 1976 mundo
1327 1927 1416 1978 sunt
1430 1918 1568 1993 activa,

373 2031 504 2103 oportet
539 2020 742 2083 considerare
759 2017 1089 2098 multiplicationem
1118 2019 1243 2099 speciei
1276 2022 1567 2099 pyramidalem,

373 2127 507 2206 quando
517 2123 618 2186 habet
627 2122 696 2185 fieri
706 2143 725 2183 a
735 2121 859 2183 talibus
869 2122 1051 2202 sphaericis
1062 2123 1167 2184 dictis.
1201 2122 1248 2185 Et
1259 2131 1355 2203 patet
1364 2124 1448 2203 jam
1461 2128 1568 2209 origo

374 2230 585 2293 dicendorum
608 2246 666 2309 per
685 2226 875 2287 vicesimam
898 2224 1075 2307 quartam¹
1099 2226 1143 2288 de
1166 2226 1305 2299 visibus
1330 2248 1431 2308 quae
1460 2231 1566 2307 dicit,

373 2332 462 2416 quod
478 2334 521 2395 de
535 2332 672 2412 sphaera
687 2330 840 2405 cernitur,
856 2329 929 2409 ejus
946 2332 1056 2392 medio
1079 2330 1192 2391 minus
1209 2340 1270 2393 est
1321 2329 1567 2413 Impossibile
1663 2350 1664 2355 ’

374 2436 507 2519 quidem
530 2446 580 2499 est
597 2434 686 2516 quod
703 2433 854 2496 diametri
870 2433 1085 2514 sphaerarum
1108 2434 1174 2497 sint
1198 2434 1298 2498 bases
1318 2440 1563 2515 pyramidum

375 2541 547 2611 dictarum,
570 2539 648 2620 quia
681 2537 786 2599 lineae
819 2538 1050 2617 contingentes
1081 2538 1238 2600 diametri
1273 2540 1449 2604 terminos
1487 2564 1566 2608 non

376 2652 514 2725 possunt
534 2661 735 2716 concurrere,
749 2660 790 2702 eo
812 2642 904 2722 quod
929 2642 1123 2705 contineant
1144 2641 1287 2723 angulos
1305 2654 1424 2707 rectos
1451 2668 1568 2731 super

377 2745 450 2808 illos
471 2747 637 2821 terminos,
655 2756 692 2809 ut
715 2752 806 2825 patet
830 2763 889 2827 per
911 2744 1078 2807 decimam
1101 2758 1233 2807 sextam
1259 2746 1351 2809 tertii
1379 2746 1567 2829 Euclidis,

377 2870 437 2912 nec
453 2860 589 2931 possunt
604 2850 708 2912 lineae
723 2858 831 2911 rectae
847 2846 1055 2925 intercidere,
1071 2868 1130 2930 per
1149 2849 1293 2912 eandem
1302 2844 1327 2912 ².
1371 2850 1420 2914 Et
1440 2852 1568 2921 lineae

378 2962 536 3016 exeuntes
560 2976 580 3017 a
601 2953 747 3017 terminis
769 2953 923 3015 diametri
946 2962 1044 3015 extra
1068 2951 1170 3015 lineas
1193 2953 1459 3035 contingentiae
1488 2981 1566 3023 non
1663 2940 1664 2943 Ἴ

379 3068 516 3135 possunt
553 3078 753 3136 concurrere,
782 3057 861 3139 quia
903 3054 1028 3119 faciunt
1067 3054 1210 3139 angulos
1245 3055 1396 3138 majores
1439 3066 1567 3136 rectis,

379 3162 558 3224 secundum
588 3163 678 3244 quod
714 3162 836 3225 cadunt
865 3180 885 3223 a
916 3160 1019 3223 stellis
1049 3161 1092 3223 ad
1129 3170 1260 3224 terram.
1309 3160 1357 3224 Et
1390 3164 1422 3226 si
1460 3166 1567 3232 basis

380 3266 558 3339 pyramidis
572 3267 718 3329 cadentis
734 3267 766 3329 in
782 3275 903 3329 terram
920 3284 985 3329 non
1005 3265 1112 3347 possit
1133 3285 1206 3327 esse
1227 3266 1396 3329 diameter
1414 3271 1566 3350 stellae,

380 3380 446 3422 non
483 3370 604 3447 poterit
639 3371 744 3434 multo
779 3371 883 3453 magis
918 3390 991 3434 esse
1026 3369 1154 3432 chorda
1190 3368 1325 3449 majoris
1364 3374 1565 3452 portionis.

380 3460 592 3553 Quapropter
614 3485 746 3556 oportet
768 3475 858 3557 quod
885 3475 927 3538 sit
956 3473 1081 3537 chorda
1108 3474 1244 3536 minoris
1269 3474 1453 3555 portionis.
1511 3480 1566 3545 Et

378 3567 457 3643 quia
473 3591 594 3657 magna
608 3578 791 3645 differentia
807 3589 858 3643 est
877 3577 1014 3643 actionis
1034 3597 1136 3659 penes
1157 3578 1353 3659 pyramides
1369 3578 1565 3649 breviores
1663 3580 1664 3595 ³

379 3675 412 3726 et
440 3670 615 3761 longiores,
639 3694 675 3749 ut
705 3684 843 3768 patebit,
877 3684 953 3747 ideo
983 3680 1225 3746 consideranda
1257 3690 1308 3743 est
1343 3680 1564 3753 differentia
1663 3716 1664 3731 ¹

379 3770 665 3856 multiplicationis
691 3790 869 3873 pyramidis
897 3786 1056 3870 longioris
1085 3796 1119 3849 et
1145 3783 1317 3849 brevioris.
1366 3787 1416 3853 Et
1450 3804 1565 3873 patet

379 3864 548 3982 figuranti,
563 3892 652 3968 quod
669 3895 813 3976 pyramis
828 3892 1028 3965 brevissima,
1045 3909 1131 3972 quae
1146 3888 1256 3951 veniat
1276 3909 1296 3951 a
1318 3899 1393 3952 tota
1417 3894 1566 3961 chorda

379 3980 517 4041 minoris
540 3994 709 4072 portionis,
732 4010 783 4064 est
806 3997 861 4062 illa
884 3996 979 4079 cujus
1002 3994 1108 4057 lineae
1131 3990 1284 4055 laterales
1308 4005 1388 4057 sunt
1414 4001 1565 4065 contin-

377 4082 497 4179 gentes
520 4090 696 4170 sphaeram
719 4106 752 4170 in
775 4102 923 4169 terminis
946 4100 1032 4163 illius
1055 4096 1207 4173 chordae,
1229 4116 1291 4159 nec
1316 4107 1436 4162 tamen
1470 4124 1565 4170 con-

377 4174 513 4250 ungunt
529 4211 603 4258 eam
626 4222 765 4289 propter
781 4209 939 4274 terminos
962 4203 1107 4269 chordae
1119 4226 1128 4279 3
1152 4202 1210 4265 sed
1234 4201 1316 4283 quia
1335 4201 1382 4264 illi
1409 4212 1565 4273 termini

376 4282 458 4337 sunt
473 4288 604 4361 termini
620 4305 856 4382 diametrorum
872 4316 1023 4387 duorum,
1039 4318 1076 4372 ut
1099 4314 1201 4389 patet.
1241 4304 1288 4367 Et
1311 4326 1435 4371 omnes
1462 4314 1567 4377 aliae

409 4412 417 4440 ¹
436 4420 502 4477 This
515 4450 562 4496 pro

373 4483 523 4559 ⁶³0⁰er

408 4564 420 4593 a
436 4572 507 4631 incid

541 4517 553 4529 Α
564 4453 676 4509 Ρῡδὶῒίοη
689 4467 768 4522 forms
779 4477 837 4535 part
848 4468 878 4517 os
886 4468 931 4515 the
943 4461 1121 4524 twenty-third
1132 4458 1162 4509 of
1171 4455 1283 4505 Euclid's
1301 4457 1402 4521 Optica.
1440 4466 1569 4531 Σφαὶμς

524 4532 573 4607 ου’,
580 4524 701 4602 ὁρωμένην
713 4550 759 4601 tri
771 4548 824 4601 lvcis
835 4548 941 4609 ὄμματος
952 4544 1060 4594 ἔλασσον
1071 4538 1109 4587 dd
1121 4534 1276 4601 'lli‘ml’lw
1286 4534 1414 4599 idum·

509 4601 555 4640 ere
566 4612 593 4646 ¹⁰
604 4616 724 4687 undem,
736 4630 771 4694 J.,
784 4626 938 4679 intercidere
951 4638 1007 4686 per,
1019 4620 1086 4681 Reg.
