3542 5359
311 544 637 605 PERSPECTIVAE
661 544 775 602 PARS
806 544 1033 604 SECUNDA:
1066 544 1175 602 DIST.
1201 545 1259 602 III.
1338 559 1396 618 127

239 718 271 772 et
287 707 490 791 syllogismo,
508 707 625 771 merito
648 706 820 771 dubitatur
842 726 930 788 quae
950 707 1058 770 virtus
1081 705 1214 770 animae
1235 707 1286 784 sit,
1308 726 1394 787 quae

238 813 271 875 in
298 813 436 876 scientia
463 823 496 876 et
523 811 719 893 syllogismo
743 811 934 893 negotiatur
953 812 1039 874 circa
1058 810 1201 874 visibilia
1227 811 1394 874 mediante

239 937 337 980 sensu
355 916 453 980 visus.
494 916 582 979 Etsi
598 916 798 998 accipiamus
813 915 987 979 scientiam
1004 924 1038 977 et
1053 914 1296 997 syllogismum,
1309 915 1395 978 sicut

241 1021 273 1083 in
297 1019 492 1103 logicalibus
515 1030 549 1083 et
571 1019 775 1084 naturalibus
798 1029 831 1082 et
856 1019 1108 1094 mathematicis,
1133 1028 1171 1082 ut
1195 1028 1246 1082 est
1272 1019 1306 1080 in
1333 1038 1393 1083 usu

239 1123 327 1207 vulgi
343 1124 660 1207 philosophantium,
682 1144 815 1187 necesse
836 1133 888 1187 est
906 1123 996 1206 quod
1015 1123 1057 1186 sit
1079 1123 1192 1185 anima
1207 1122 1397 1198 rationalis3

240 1231 319 1310 quia
332 1228 546 1312 syllogismus
568 1239 601 1292 et
624 1229 762 1292 scientia
783 1228 950 1311 pertinent
972 1230 1107 1292 adeam
1129 1227 1244 1305 solam,
1260 1238 1296 1291 ut
1311 1229 1396 1292 acci·

241 1334 374 1415 piuntur
390 1333 422 1395 in
440 1334 537 1397 dictis
560 1333 715 1397 scientiis.
763 1333 808 1396 Et
828 1333 985 1398 Alhazen
1006 1332 1091 1396 hanc
1114 1344 1242 1414 partem
1265 1333 1395 1396 animae

241 1447 338 1501 vocat
367 1439 523 1501 virtutem
554 1439 790 1512 distinctivum,
820 1459 907 1521 quae
936 1439 1153 1502 ratiocinatur
1181 1446 1215 1501 et
1241 1437 1397 1519 intelligit

242 1543 422 1606 secundum
447 1563 544 1606 eum:
582 1542 763 1626 aliquando
785 1544 874 1607 enim
898 1542 1107 1605 inveniuntur
1132 1543 1215 1606 haec
1239 1542 1341 1604 verba
1363 1551 1397 1604 et

243 1646 434 1721 consimilia,
457 1657 494 1710 ut
508 1647 661 1711 videatur
675 1649 718 1711 ad
739 1647 867 1711 literam
883 1647 975 1729 quod
996 1646 1040 1710 sit
1062 1647 1174 1709 anima
1196 1645 1397 1709 intellectiva

243 1759 276 1812 et
292 1751 468 1815 rationalis.

288 1852 354 1918 Sed
377 1863 508 1919 constat
526 1875 640 1919 canem
665 1874 864 1938 cognoscere
885 1854 1059 1918 hominem
1083 1854 1173 1936 prius
1195 1855 1303 1918 visum
1322 1874 1397 1918 curn
1412 1872 1483 1936 They
1494 1888 1540 1920 ean

245 1960 362 2022 iterum
387 1959 505 2024 viderit
529 1979 614 2023 eum.
650 1959 697 2023 Et
718 1959 814 2022 simia
832 1967 867 2021 et
892 1959 1020 2024 bestiae
1045 1958 1171 2022 multae
1191 1959 1239 2021 sic
1261 1958 1387 2022 faciunt
1411 1945 1523 2015 i¹⁰¹⁶¹¹P

1391 2008 1399 2035 ⁹
1421 2019 1445 2051 m
1490 2019 1512 2051 s·

245 2072 278 2126 et
301 2063 509 2144 distinguunt
535 2065 621 2127 inter
639 2084 690 2127 res
712 2065 800 2127 visas
822 2083 961 2146 quarum
987 2063 1113 2126 habent
1133 2063 1339 2139 memoriam,
1363 2074 1397 2127 et
1411 2020 1489 2125 hoff
1497 2071 1547 2118 end

244 2178 448 2252 cognoscunt
472 2187 573 2231 unum
593 2168 775 2232 universale
796 2169 839 2231 ab
863 2168 939 2243 alio,
957 2177 995 2230 ut
1013 2166 1183 2231 hominem
1206 2189 1227 2229 a
1250 2187 1330 2230 cane
1344 2168 1397 2231 vel
1411 2133 1567 2250 {220}ssssOE

244 2270 344 2355 ligno,
363 2281 396 2334 et
420 2272 589 2335 individua
604 2272 753 2354 ejusdem
770 2272 891 2353 speciei
913 2273 1119 2354 distinguunt
1134 2293 1141 2350 ;
1169 2284 1203 2336 et
1221 2272 1298 2336 ideo
1320 2292 1398 2354 cog·
1411 2267 1475 2315 s¹⁰¹¹¹
1491 2266 1567 2315 ‘hem-

244 2375 327 2439 nitio
352 2395 454 2456 quam
477 2377 673 2459 perspectivi
695 2385 816 2439 vocant
839 2398 899 2460 per
920 2377 1103 2450 scientiam,
1127 2377 1266 2440 debetur
1291 2377 1399 2441 brutis

245 2479 329 2542 sicut
351 2479 548 2543 hominibus.
596 2479 688 2563 Ergo
713 2490 764 2545 est
791 2501 850 2563 per
871 2481 1030 2545 virtutem
1055 2481 1186 2545 animae
1213 2480 1397 2545 sensitivae.

247 2581 348 2665 Quod
373 2583 524 2647 similiter
546 2585 589 2648 de
611 2585 801 2668 cognitione
823 2605 910 2666 quae
941 2585 1061 2649 dicitur
1084 2605 1142 2668 per
1165 2583 1395 2669 syllogismum

247 2685 457 2753 manifestum
473 2699 541 2752 est:
566 2709 644 2753 nam
666 2698 777 2754 motus
796 2690 1006 2771 cognoscitur
1021 2707 1079 2770 per
1092 2708 1179 2766 eum,
1199 2689 1284 2751 sicut
1299 2689 1398 2763 canis,

246 2791 382 2873 quando
412 2794 520 2857 elevat
550 2793 669 2875 aliquis
699 2793 853 2858 baculum
885 2803 923 2857 ut
952 2792 1060 2874 ipsum
1088 2792 1263 2875 percutiat,
1292 2791 1398 2874 fugit3

246 2896 337 2978 quod
353 2917 419 2961 non
434 2897 555 2960 laceret
572 2898 632 2961 nisi
648 2897 831 2982 perciperet
851 2897 1006 2962 baculum
1030 2907 1159 2960 mutare
1178 2897 1280 2960 situm
1300 2916 1397 2961 suum

247 3009 398 3082 respectu
425 3000 528 3084 ipsius
554 3002 600 3064 rei
624 3009 664 3063 'et
691 3002 720 3064 ei
747 3001 1016 3085 appropinquari.
1067 2999 1236 3075 Similiter,
1263 3001 1397 3083 quando

247 3103 393 3183 brutum,
413 3115 453 3168 ut
475 3105 564 3170 canis
585 3104 638 3168 vel
661 3114 754 3169 catus
772 3106 824 3170 vel
848 3105 945 3188 lupus
967 3104 1020 3169 vel
1042 3104 1143 3180 aliud,
1162 3115 1253 3169 tenet
1275 3105 1400 3168 animal

247 3207 382 3290 aliquod
407 3230 475 3290 quo
501 3210 639 3288 cibetur,
665 3210 745 3273 dum
772 3211 896 3292 praeda
923 3210 1062 3293 quiescit
1087 3209 1308 3292 depraedator
1331 3219 1398 3274 stat

248 3312 447 3390 immobilis3
469 3314 693 3396 quandovero
709 3313 831 3377 animal
846 3323 982 3396 captum
998 3314 1178 3396 lugit,tunc
1193 3315 1400 3396 depraedans

247 3417 431 3500 insequitur
453 3417 559 3482 donec
583 3419 811 3501 apprehendat
834 3419 861 3481 si
886 3428 1007 3502 potest.
1063 3417 1164 3501 Quod
1191 3440 1257 3482 non
1279 3419 1401 3484 laceret

249 3522 311 3586 nisi
335 3522 412 3604 quia
443 3523 580 3604 percipit
606 3524 705 3586 situm
732 3523 876 3606 praedae
903 3533 1069 3587 mutatum
1100 3534 1250 3607 respectu
1280 3525 1340 3601 sui,
1365 3534 1399 3589 et

249 3627 325 3690 ideo
352 3627 491 3710 percipit
519 3637 647 3691 motum
672 3637 705 3691 et
730 3629 876 3709 quietem
902 3639 937 3692 et
962 3629 1164 3692 distantiam.
1210 3628 1256 3691 Et
1283 3649 1399 3692 conce·

247 3732 394 3794 dendum
412 3741 471 3807 est,
485 3732 564 3813 quia
581 3733 679 3795 bruta
694 3731 819 3797 habent
834 3731 1024 3813 hujusmodi
1047 3733 1252 3815 cognitiones
1271 3732 1400 3817 aliquas

248 3836 395 3917 quadam
422 3836 582 3900 industria
606 3837 747 3900 naturali
773 3847 806 3900 et
833 3837 989 3900 instinctu
1018 3844 1156 3900 naturae
1181 3838 1252 3900 sine
1276 3839 1399 3902 delibe-

248 3939 385 4014 ratione,
416 3949 451 4003 et
482 3939 586 4002 virtus
615 3959 701 4021 quae
731 3949 888 4023 operatur
917 3949 968 4004 est
1004 3940 1193 4022 cogitativa,
1225 3962 1312 4023 quae
1349 3953 1401 4008 est

248 4117 310 4150 new
321 4101 419 4162 subiect
431 4101 603 4164 isdiscussed,
614 4102 662 4150 viz.
674 4101 734 4149 how
745 4101 784 4150 sar
794 4101 840 4150 the
850 4101 979 4149 iunctione
991 4101 1021 4150 of
1028 4102 1169 4165 sensation,
1177 4104 1338 4165 judgement,
1348 4106 1400 4153 and

248 4181 430 4230 ratiocination
441 4196 486 4229 are
497 4196 616 4228 common
627 4187 653 4227 to
666 4196 725 4230 men
738 4181 801 4228 with
814 4180 929 4229 animale.
966 4181 1062 4242 Bacon,
1073 4181 1125 4228 and
1136 4181 1231 4230 indeed
1243 4198 1315 4230 some
1326 4185 1402 4233 other

247 4260 391 4308 medieeval
408 4260 535 4318 thinkers,
553 4275 582 4308 as
599 4259 712 4307 Adelard
725 4259 767 4320 (cs.
779 4259 830 4308 vol.
843 4260 858 4308 i.
868 4275 893 4322 p.
905 4262 944 4320 6),
956 4260 1016 4307 held
1027 4259 1109 4307 views
1126 4275 1160 4307 on
1178 4261 1229 4308 this
1246 4262 1344 4321 subject
1362 4262 1401 4312 lar

247 4353 321 4387 more
338 4339 465 4386 scientific
482 4339 544 4386 than
556 4338 632 4386 those
644 4337 787 4398 ordinarily
797 4337 866 4396 held,
879 4339 962 4386 under
973 4338 1019 4386 the
1031 4338 1158 4386 inllueuce
1170 4339 1200 4386 os
1208 4340 1251 4388 the
1264 4339 1399 4391 Cartesian

247 4417 416 4481 philosophy,
436 4417 502 4465 until
522 4433 570 4464 our
589 4432 650 4465 own
670 4423 787 4476 century.
833 4415 911 4464 Some
928 4415 958 4464 os
971 4415 1082 4465 Bacun’s
1095 4418 1218 4474 remarks,
1235 4433 1272 4478 as,
1286 4434 1309 4468 e.
1318 4435 1344 4480 g.
1357 4420 1401 4468 the

246 4496 367 4559 capacity
374 4497 405 4544 ol
412 4511 447 4544 en
459 4495 552 4544 animal
565 4495 604 4543 ior
612 4495 777 4556 recognizing
785 4510 818 4543 an
833 4495 994 4552 ‘universah'
1007 4496 1083 4543 recall
1094 4496 1139 4543 the
1150 4497 1297 4544 celebrated
1309 4497 1404 4547 Lerina

244 4592 295 4624 sur
302 4574 483 4623 IesAm'rnaux
492 4574 521 4622 ol
530 4573 647 4635 Georges
658 4573 752 4635 Leroy‚
762 4587 813 4620 one
823 4573 852 4621 ol
861 4573 905 4620 the
915 4573 970 4621 first
978 4581 1109 4622 restorem
1116 4574 1145 4622 oi
1152 4576 1197 4623 the
1205 4577 1320 4625 sounder
1327 4578 1403 4626 view.
