3542 5359
568 627 682 686 PARS
706 625 867 685 Pnnrr:
904 625 992 685 cAP.
1023 624 1056 685 ν.
1333 638 1392 700 447

239 812 357 856 omnes
379 790 500 854 stellas.
552 788 589 854 Si
612 791 711 873 igitur
733 788 919 872 objiciatur,
934 789 1024 871 quod
1045 788 1243 853 Aristoteles
1265 787 1337 850 vult
1359 788 1391 849 in

240 898 348 981 primo
362 894 454 959 Coeli
470 906 503 960 et
519 895 650 972 Mundi,
661 896 751 977 quod
767 904 884 958 natura
900 893 982 957 coeli
998 893 1042 957 sit
1058 893 1321 977 incorruptibilis,
1331 911 1392 954 nec

240 1001 282 1062 sit
303 999 491 1074 alterabilis,
506 1019 566 1063 nec
585 998 770 1083 passibilis;
793 999 968 1062 dicendum
988 1009 1047 1074 est,
1058 998 1149 1081 quod
1170 997 1321 1061 alteratio
1340 1006 1391 1059 est

240 1103 368 1188 duplex
381 1104 560 1168 secundum
567 1102 784 1167 Aristotelem
795 1102 942 1168 secundo
952 1101 1225 1177 deAnima¹‚uno
1235 1101 1346 1179 mod0,
1354 1111 1391 1164 ut

240 1209 310 1290 ejus
326 1218 400 1272 utar
414 1209 557 1290 eloquio,
569 1209 601 1270 in
616 1208 749 1271 habitus
765 1218 917 1271 naturam
934 1216 967 1270 et
983 1206 1236 1290 perlectionem3
1259 1217 1293 1269 et
1308 1205 1390 1269 haec

240 1321 291 1375 est
310 1313 462 1376 alteratio
477 1333 563 1394 quae
581 1323 632 1377 est
647 1333 708 1395 per
722 1313 848 1394 species
860 1323 894 1376 et
905 1313 1052 1384 virtutes,
1065 1333 1122 1375 seu
1139 1311 1197 1374 liat
1212 1311 1244 1374 in
1258 1331 1389 1374 sensum

240 1436 298 1480 seu
316 1417 348 1478 in
365 1415 463 1479 aliud.
510 1416 648 1480 Etcum
670 1416 733 1481 hoc
753 1436 817 1479 non
838 1415 897 1480 fiat
914 1417 984 1479 sine
1004 1416 1148 1500 quadarn
1170 1416 1390 1498 generatione,

239 1521 451 1585 concedenda
466 1530 516 1584 est
531 1520 614 1584 haec
629 1522 798 1603 generatio
813 1521 943 1605 speciei,
952 1542 1038 1605 quae
1048 1531 1099 1586 est
1110 1523 1142 1584 in
1156 1520 1389 1603 perlectionem

240 1627 409 1707 appetitus
435 1625 586 1689 coelestis
613 1636 760 1703 naturae,
782 1646 850 1690 non
873 1627 906 1688 in
930 1627 1183 1710 corruptionem,
1205 1625 1264 1689 nisi
1289 1624 1390 1707 ipsius

221 1729 397 1804 ’delectus
421 1740 455 1793 et
481 1729 652 1812 cujusdam
678 1730 935 1812 imperfectionis
962 1751 1062 1813 quam
1093 1730 1217 1794 habent
1248 1730 1326 1793 luna
1356 1737 1390 1791 et

239 1833 356 1898 stellae
371 1847 521 1916 respectu
537 1836 615 1898 solis
631 1837 814 1918 praecipue.
860 1836 941 1899 Alia
960 1847 1010 1900 est
1032 1835 1183 1900 alteratio
1205 1855 1264 1898 seu
1286 1843 1389 1897 trans-

240 1940 379 2003 mutatio
394 1948 544 2021 quaeest
564 1959 639 2002 cum
661 1939 828 2023 completa
851 1941 1063 2024 generatione
1084 1959 1189 2004 novae
1209 1937 1336 2001 formae
1357 1939 1390 2001 in

239 2043 397 2123 patiente,
421 2054 553 2107 etcum
576 2044 743 2126 completa
766 2044 935 2109 ablatione
959 2055 993 2108 et
1020 2045 1228 2125 corruptione
1255 2052 1391 2106 naturae

237 2145 411 2228 specificae
425 2149 590 2231 patientis.
638 2148 683 2212 Et
706 2148 895 2231 hujusmodi
917 2150 1150 2212 transmutatio
1166 2147 1216 2209 vel
1240 2146 1390 2211 alteratio

238 2261 378 2314 nonest
402 2252 435 2314 in
458 2252 665 2328 coelestibus,
688 2264 722 2317 et
744 2253 826 2317 haec
849 2274 916 2316 non
939 2253 1045 2316 estin
1068 2252 1247 2335 speciebus.
1293 2250 1339 2314 Et
1362 2251 1389 2312 si
1409 2267 1413 2276 ·

239 2355 368 2418 dicatur
383 2357 472 2437 quod
496 2357 645 2439 potentia
667 2357 699 2419 in
718 2357 917 2421 coelestibus
938 2368 987 2420 est
1007 2356 1173 2436 completa
1191 2375 1249 2437 per
1268 2363 1390 2429 actum,

239 2469 273 2522 et
304 2461 472 2543 appetitus
502 2463 659 2525 materiae
689 2473 739 2525 est
772 2463 977 2538 terminatus,
1007 2460 1182 2524 dicendum
1213 2469 1263 2524 est
1285 2459 1389 2541 ·qu0d

240 2573 390 2646 respectu
416 2584 523 2628 novae
544 2563 670 2630 formae
692 2587 778 2648 quae
800 2565 931 2630 tolleret
957 2566 1098 2631 formam
1125 2574 1331 2647 praesentem
1356 2565 1388 2625 in

239 2687 377 2749 corpore
392 2668 473 2732 coeli
494 2689 552 2751 per
568 2692 681 2735 veram
704 2683 739 2737 et
762 2671 962 2755 completam
985 2671 1229 2754 corruptionem
1253 2680 1390 2733 naturae

240 2771 414 2855 specificae
429 2772 589 2850 coelestis,
605 2785 656 2839 est
677 2777 844 2858 appetitus
864 2775 1079 2852 terminatus3
1102 2784 1136 2837 et
1154 2793 1220 2839 non
1239 2782 1389 2854 respectu

240 2875 362 2958 speciei
386 2886 419 2940 et
440 2877 570 2940 virtutis
593 2878 676 2942 lucis
698 2889 731 2942 et
754 2878 954 2961 hujusmodi,
971 2900 1058 2961 quae
1080 2878 1178 2941 simul
1201 2887 1291 2941 stant
1314 2896 1388 2940 cum

240 2988 360 3041 natura
374 2978 528 3061 specifica
544 2981 641 3044 lunae
656 2991 691 3046 et
711 2981 892 3045 stellarum.
939 2982 1041 3046 Unde
1062 2982 1231 3067 appetitus
1252 2981 1389 3062 quidem

240 3093 291 3144 est
318 3083 351 3145 in
375 3082 452 3146 luna
479 3094 513 3148 et
539 3084 643 3149 stellis
673 3085 892 3168 incompletos
922 3086 965 3150 de
993 3106 1038 3160 se,
1070 3096 1104 3150 et
1134 3085 1302 3168 perficitur
1332 3104 1390 3166 per

240 3187 383 3269 speciem
408 3197 443 3251 et
468 3189 623 3253 virtutem
647 3190 736 3254 solis.
787 3190 832 3254 Et
855 3189 1005 3254 similiter
1029 3210 1087 3274 per
1108 3189 1234 3272 species
1256 3189 1390 3252 alterius

238 3291 398 3374 cujusque
413 3292 528 3356 stellae
541 3315 549 3372 ;
571 3292 737 3376 quaelibet
751 3297 837 3357 enim
852 3294 932 3358 iacit
946 3315 1040 3357 suam
1055 3295 1198 3376 speciem
1216 3294 1247 3356 in
1264 3293 1372 3357 aliam.

284 3379 453 3484 [Tertib²]
477 3397 654 3462 Sciendum
686 3408 745 3477 est,
774 3401 864 3481 quod
897 3421 962 3462 non
988 3400 1097 3463 solum
1128 3398 1291 3481 contingit
1321 3397 1389 3461 lieri
1403 3405 1443 3471 (3)
1457 3407 1548 3457 Action

238 3500 382 3581 speciem
406 3501 439 3563 in
462 3501 658 3566 coelestibus
678 3504 721 3566 ab
740 3503 850 3586 aliquo
869 3503 1013 3578 coelesti,
1028 3503 1086 3567 sed
1108 3503 1151 3566 ab
1175 3503 1388 3567 inferioribus.
1402 3474 1497 3588 {25¹2}

241 3603 304 3667 Est
318 3605 407 3668 enim
418 3608 461 3670 ad
477 3607 541 3672 hoc
555 3607 757 3690 possibilitas
772 3618 805 3671 ct
821 3609 1043 3692 congruentia,
1052 3609 1273 3672 sicutdictum
1286 3619 1336 3672 est
1346 3609 1389 3670 de
1402 3605 1491 3682 bodies
1501 3621 1533 3719 ‘1³¹¹

240 3707 369 3771 actione
385 3710 577 3774 coelestium
594 3712 626 3774 in
643 3710 811 3790 inferiora3
833 3715 893 3776 sed
906 3713 1059 3777 absoluta
1071 3713 1249 3776 necessitas
1262 3721 1389 3776 nonest
1402 3672 1521 3722 oelesua.

239 3821 374 3894 propter
395 3815 551 3877 coelestia
575 3817 608 3878 in
629 3835 674 3892 se,
690 3817 747 3879 sed
772 3817 805 3880 in
828 3827 991 3899 quantum
1015 3827 1091 3880 sunt
1115 3826 1225 3899 partes
1248 3817 1390 3879 universi

239 3915 469 3980 assimilandae
487 3918 559 3982 aliis
582 3940 640 4002 per
660 3921 882 4003 receptionem
906 3921 1099 4004 specierum,
1115 3929 1149 3982 et
1172 3920 1205 3981 in
1228 3930 1389 4001 quantum

239 4029 316 4081 sunt
336 4023 481 4084 medium
503 4024 536 4084 in
556 4043 664 4086 sensu.
710 4023 747 4088 Si
769 4027 857 4089 enim
880 4024 994 4088 oculus
1017 4034 1104 4088 esset
1126 4024 1159 4086 in
1181 4023 1262 4088 orbe
1285 4023 1391 4101 lunae,

240 4133 353 4205 posset
370 4125 482 4188 videre
500 4127 606 4190 multa
624 4130 657 4190 in
678 4128 826 4211 sphaeris
847 4128 1084 4193 elementorum
1108 4129 1224 4209 posita
1241 4129 1298 4191 sed
1323 4148 1389 4191 non

238 4229 330 4291 videt
346 4230 407 4292 nisi
429 4249 488 4311 per
502 4232 637 4312 species,
653 4241 686 4297 et
703 4252 778 4296 cum
801 4234 927 4315 species
940 4234 1030 4296 visus
1054 4233 1157 4295 nostri
1179 4232 1324 4314 exigitur
1345 4233 1388 4294 ad

238 4333 402 4396 actionem
419 4334 559 4406 videndi,
576 4346 612 4399 ut
632 4337 722 4420 prius
740 4346 867 4404 tactum
886 4347 947 4415 est,
962 4347 995 4400 et
1011 4338 1189 4401 tenendum
1209 4336 1389 4400 secundum

271 4465 281 4494 ¹
297 4467 337 4516 CL
349 4468 507 4528 DeArrr‘ma,
520 4471 545 4520 ii.
557 4485 583 4533 5,
596 4476 635 4534 §5
647 4473 691 4521 obre
701 4471 755 4522 lert
767 4472 892 4521 δ’ἆῐλοΐπ
903 4472 957 4522 otti
970 4471 1000 4522 τὸ
1011 4471 1124 4535 πάσχειν,
1137 4469 1203 4520 ἀλλὰ
1214 4469 1244 4520 τὸ
1255 4471 1301 4533 μὲν
1311 4471 1390 4536 φθορά

238 4562 276 4594 rrr
289 4545 336 4595 luri
351 4546 397 4595 τοῦ
413 4545 531 4609 trunto,
548 4549 578 4599 τὸ
594 4550 621 4599 δὲ
637 4551 745 4614 σωτηρία
760 4551 857 4611 fiunt
873 4551 918 4600 τοῦ
932 4549 1029 4611 δυνάμει
1044 4550 1113 4600 ὄντος
1128 4549 1173 4601 ind
1189 4551 1234 4601 τοῦ
1248 4551 1390 4618 lvrrlrxeip

239 4623 310 4674 ὄντος
320 4625 360 4674 ml
371 4625 463 4687 ὁμοίαν,
473 4625 549 4678 αὕτως
559 4628 591 4678 r‘ur
601 4627 698 4690 brivam
709 4627 763 4692 ixei
774 4628 831 4690 πρὸ,
842 4628 1008 4691 ἔντιλὲχιιυ.

270 4701 281 4731 ¹
295 4703 353 4753 nie
363 4706 439 4755 word
449 4706 477 4755 in
488 4706 606 4757 brackets
618 4709 641 4757 is
654 4717 700 4757 not
711 4709 738 4756 in
749 4708 795 4757 the
808 4707 893 4772 MSS,
906 4709 950 4759 but
964 4710 986 4759 is
997 4708 1130 4772 evidently
1142 4708 1269 4772 required.
