3542 5359
369 564 566 623 nonanis
590 564 886 623 PHILOSOPHIA
899 587 909 621 .·
935 565 1050 624 Pras
1079 531 1243 624 rrrrrm.
1322 559 1383 636 289

230 726 326 801 tales,
349 726 476 791 Seneca
498 726 646 791 secundo
667 727 710 791 de
736 727 788 790 Ira
810 729 903 802 dicit,
919 727 1054 792 ‘Deus¹
1080 749 1146 793 non
1169 729 1241 792 vult
1263 728 1382 792 obesse

232 851 293 895 nec
308 841 430 914 potest.
474 831 605 895 Natura
621 831 666 895 illi
682 832 772 896 mitis
787 843 837 895 est
852 841 888 895 et
903 831 1043 914 placida,
1053 845 1123 898 tam
1139 831 1239 915 longe
1255 840 1381 895 remota

232 934 276 999 ab
304 935 411 998 alicua
438 935 558 1017 injuria
586 956 686 1019 quam
709 956 821 999 asna
867 936 1051 1001 Dementes
1073 939 1186 1020 itaque
1214 945 1247 1002 et
1277 935 1383 1018 ignari

232 1040 379 1104 veritatis
405 1038 453 1102 illi
473 1040 640 1123 imputant
662 1041 834 1104 saevitiam
858 1041 967 1117 maris,
984 1041 1179 1106 immodicos
1204 1040 1333 1116 imbres,
1349 1047 1383 1101 et

232 1145 447 1227 pertinaciam
459 1144 591 1226 hyemis
606 1192 615 1208 .
631 1190 639 1206 .
657 1192 665 1206 .
682 1143 776 1207 Nihil
791 1145 1000 1228 ergohorum
1018 1147 1050 1209 in
1066 1157 1212 1210 nostram
1229 1145 1383 1228 injuriam

233 1247 281 1324 frt,
302 1248 406 1311 immo
428 1247 507 1312 nihil
530 1268 598 1311 nou
619 1249 664 1312 ad
687 1247 850 1312 salutem!
896 1249 996 1313 Unde
1019 1251 1135 1314 recitat
1165 1251 1272 1334 primo
1299 1247 1384 1312 libro

234 1353 325 1435 quod
341 1352 460 1417 ‘Caius
471 1349 616 1417 Caesar²
631 1373 671 1416 eo
686 1355 776 1434 quod
793 1355 993 1419 comessatio
1011 1377 1070 1419 sua
1085 1355 1274 1419 fulminibus
1285 1363 1385 1418 terre·

235 1465 324 1519 retur
353 1457 396 1520 ad
427 1477 574 1539 pugnam
603 1456 733 1520 vocavit
759 1457 879 1521 Deum.
939 1457 1076 1541 Quanta
1109 1459 1278 1524 dementia
1306 1454 1386 1519 fuit!

236 1554 399 1648 [putavit]
414 1572 474 1625 aut
488 1561 551 1624 sibi
568 1561 679 1626 noceri
696 1580 739 1625 ne
752 1581 773 1624 a
786 1561 861 1625 Deo
873 1562 1009 1645 quidem
1025 1583 1133 1646 posse,
1146 1575 1204 1627 aut
1218 1584 1255 1627 se
1266 1581 1388 1625 nocere

237 1663 313 1729 Deo
327 1662 446 1748 posse?

281 1768 426 1833 Etcum
449 1769 621 1853 proposita
646 1779 725 1833 sunt
748 1770 837 1833 mala
862 1770 976 1845 multa,
999 1792 1084 1854 quae
1107 1773 1317 1855 contigerunt
1340 1789 1384 1832 ex
1399 1785 1475 1835 Com-

237 1872 297 1951 ira,
325 1875 403 1956 quia
440 1874 542 1939 homo
577 1874 703 1939 amittit
733 1895 861 1957 eorpus,
895 1885 931 1939 et
960 1876 1131 1954 rationem,
1161 1885 1195 1939 et
1228 1876 1384 1940 virtutem
1397 1850 1541 1966 Pvfflhe,

237 1988 273 2042 et
301 1979 491 2061 proximum
520 1989 554 2042 et
584 1999 637 2042 res
666 1989 700 2043 et
729 1978 890 2044 honorem
921 1990 955 2043 et
986 1982 1105 2052 Deum,
1137 1981 1245 2045 adhuc
1275 1987 1387 2062 potest
1401 1983 1475 2032 vines.

238 2084 370 2147 ostendi
392 2083 465 2164 ejus
487 2082 612 2148 malitia
638 2083 813 2167 singularis
833 2105 901 2166 qua
923 2086 1057 2148 excedit
1086 2086 1199 2148 omnia
1222 2082 1286 2147 alia
1312 2101 1387 2166 pec·

240 2197 323 2251 cata.
368 2188 471 2253 Unde
493 2187 623 2252 Seneca
647 2189 728 2253 dicit
752 2189 787 2250 in
810 2187 896 2252 libro
919 2189 1018 2253 tertio
1032 2195 1087 2252 ‘ut
1114 2189 1162 2251 ira
1187 2188 1295 2270 qualis
1322 2184 1389 2252 sit³

239 2303 408 2377 appareat,
423 2293 649 2375 comparanda
663 2312 740 2357 cum
755 2293 907 2375 pessimis
925 2301 984 2357 est.
1030 2292 1183 2357 Avaritia
1199 2293 1340 2374 acquirit
1355 2302 1390 2356 et

241 2395 407 2460 contrahit
429 2417 496 2478 quo
518 2395 638 2479 aliquis
661 2395 776 2459 melior
798 2405 918 2460 utatur.
965 2396 1145 2460 Iracundus
1168 2404 1281 2460 tamen
1310 2395 1389 2458 iras·

242 2500 348 2564 cendo
370 2500 566 2582 plusquam
590 2501 624 2564 id
647 2508 719 2565 erat
741 2511 876 2582 propter
898 2502 988 2582 quod
1020 2501 1233 2578 irascebatur,
1254 2500 1390 2564 amittit,

243 2603 342 2686 Pejor
363 2614 414 2668 est
443 2625 544 2688 quam
565 2602 709 2683 luxuria,
731 2605 885 2686 quoniam
910 2604 968 2667 illa
989 2624 1047 2669 sua
1070 2604 1244 2686 voluptate
1266 2602 1391 2677 fruitur,

243 2709 327 2772 haec
350 2709 459 2773 alieno
482 2708 604 2774 dolore.
650 2708 765 2773 Vincit
790 2708 1031 2790 malignitatem
1058 2717 1092 2772 et
1116 2708 1292 2784 invidiam3
1316 2706 1392 2771 illae

243 2813 333 2877 enim
348 2812 514 2877 infelicem
532 2812 603 2877 fieri
622 2812 748 2888 volunt,
765 2813 847 2876 haec
871 2811 988 2876 facere.
1033 2811 1115 2875 Illae
1136 2810 1280 2875 fortuitis
1299 2810 1393 2876 malis

246 2916 474 2997 delectantur3
492 2918 575 2981 haec
590 2937 656 2980 non
673 2928 783 3001 potest
803 2927 981 3000 expectare
999 2917 1173 2980 fortunam.
1220 2916 1347 2980 Nocere
1363 2916 1392 2981 ei

246 3042 346 3104 quem
381 3023 453 3086 odit
488 3042 555 3086 non
588 3021 699 3086 noceri
736 3020 826 3086 vult'
855 3021 908 3084 vel
944 3023 988 3084 ab
1025 3022 1091 3084 alio
1124 3020 1175 3084 vel
1206 3042 1227 3084 a
1256 3020 1393 3084 fortuna.

249 3125 296 3189 Et
332 3127 365 3189 iu
402 3127 566 3210 principio
595 3125 641 3190 ibi
670 3125 760 3202 dicit,
787 3125 880 3190 ‘Nec
916 3120 1078 3189 aliorum⁴
1111 3145 1203 3188 more
1238 3125 1393 3189 vitiorum

245 3230 389 3295 solicitat
415 3229 560 3305 animos‚'
585 3229 741 3294 ‘incitata
763 3241 798 3294 et
823 3251 861 3293 se
890 3231 962 3313 ipsa
991 3230 1122 3310 rapiens
1142 3229 1299 3292 violentia
1330 3247 1396 3292 uon

247 3335 408 3418 paulatim
424 3335 594 3416 procedit:
617 3335 683 3398 cita
705 3343 756 3397 est
778 3335 894 3398 necin
916 3354 956 3398 ea
977 3343 1107 3398 tantum
1129 3334 1162 3396 in
1186 3353 1272 3416 quae
1294 3333 1396 3396 desti·

247 3441 347 3517 navit,
384 3440 443 3503 sed
480 3440 514 3502 in
551 3438 756 3502 occurrentia
794 3439 957 3521 impetum
998 3437 1087 3503 facit.
1143 3436 1283 3502 Caetera
1318 3437 1399 3500 vitia

248 3543 423 3624 impellunt
442 3541 581 3616 animos,
597 3543 646 3605 ira
668 3541 876 3624 praecipitat.
922 3541 1036 3605 Etiam
1059 3542 1087 3604 si
1110 3541 1260 3618 resistere
1282 3549 1399 3604 contra

248 3645 389 3711 affectus
410 3667 487 3711 suos
510 3666 578 3711 non
599 3646 685 3720 licet,
706 3653 743 3709 at
771 3657 860 3710 certe
882 3643 1057 3710 affectibus
1088 3647 1166 3727 ipsis
1198 3645 1275 3708 licet
1300 3655 1398 3709 stare.

250 3750 355 3828 Haec,
379 3771 447 3814 non
470 3770 565 3813 secus
586 3769 688 3832 quam
710 3748 848 3812 fulmina
876 3749 1108 3832 procellaeque
1137 3761 1171 3813 et
1197 3749 1221 3812 si
1245 3769 1312 3831 qua
1334 3748 1400 3811 alia

250 3854 477 3918 irrevocabilia
492 3864 579 3933 sunt,
594 3853 674 3936 quia
691 3872 758 3916 non
780 3863 861 3916 eunt
881 3853 940 3916 sed
956 3853 1089 3928 eadunt,
1104 3852 1171 3916 vim
1187 3873 1281 3916 suam
1295 3851 1401 3934 magis

250 3981 289 4023 ac
320 3959 428 4042 magis
457 3959 574 4023 tendit.
618 3956 699 4021 Alia
720 3956 802 4021 vitia
825 3977 845 4019 a
867 3957 1006 4034 ratione,
1028 3957 1087 4019 sed
1116 3956 1179 4020 hoc
1209 3977 1230 4019 a
1258 3954 1401 4019 sanitate

251 4063 417 4129 desciscit.
461 4061 543 4125 Alia
556 4081 707 4125 accessus
722 4059 813 4125 lenes
826 4059 953 4124 habent
968 4070 1002 4124 et
1021 4061 1223 4125 incrementa
1237 4059 1402 4124 fallentia:

177 4185 183 4211 ¹
252 4167 286 4231 in
302 4168 349 4231 ira
364 4165 515 4250 dejectus
534 4166 719 4229 animorum
739 4175 800 4229 est
845 4163 949 4227 Nulla
965 4165 1078 4247 itaque
1092 4185 1145 4228 res
1161 4162 1279 4246 urget⁶
1295 4163 1404 4248 magis

381 4285 391 4314 ¹
408 4285 448 4333 Dr
457 4285 509 4346 Ira,
523 4285 551 4335 ii.
561 4299 602 4345 aq.
636 4284 738 4334 Seneca
749 4285 797 4332 bas
808 4284 850 4332 ‘di
861 4281 1036 4334 immortales!

382 4362 393 4392 ¹
408 4365 440 4412 ab.
453 4364 470 4412 i.
482 4379 522 4413 ao.
557 4363 642 4412 Deum
653 4364 681 4412 in
691 4363 744 4411 tbis
755 4363 888 4425 quotation
900 4362 1055 4412 substituted
1067 4362 1107 4410 for
1116 4363 1218 4422 Jovem.

385 4443 395 4471 ,
417 4442 424 4454 .

383 4521 395 4549 ⁴
411 4443 442 4570 fb.
454 4458 490 4570 fif
503 4456 527 4583 ἰ
539 4536 562 4571 a.
598 4520 630 4568 D.
643 4521 694 4568 and
706 4519 738 4568 Ο.
750 4520 823 4578 have,
837 4519 878 4568 ‘in
891 4535 921 4569 se
931 4519 1013 4583 ipsam
1026 4519 1111 4568 rabien
1121 4519 1250 4568 violenta!

385 4599 397 4629 ³
411 4602 532 4662 afflugit,
540 4607 589 4664 pan
599 4605 682 4661 urget,
697 4599 729 4648 D.
741 4605 768 4647 et
779 4597 813 4647 Ο.

298 4698 380 4750 VOL.
396 4698 436 4749 11.
819 4696 844 4748 U
