3542 5359
369 609 427 686 176
608 609 764 668 OPERIS
787 607 977 676 MAJORIS
1001 606 1116 664 PARS
1139 604 1290 664 SEXTA.

367 774 411 836 ad
427 772 568 856 angulos
583 781 708 848 rectos3
729 782 763 836 et
779 769 949 834 dividuntl
965 791 1001 833 se
1016 780 1133 832 mutuo
1144 769 1176 830 in
1189 777 1300 852 partes
1309 766 1474 848 aequales,
1487 778 1521 832 et

369 887 506 959 uterque
525 897 638 941 eorum
653 887 705 941 est
721 875 827 958 major
847 875 987 938 circulus
1003 875 1035 936 in
1055 872 1204 956 sphaera.
1248 869 1405 936 Altitudo
1424 870 1523 954 igitur

368 981 484 1045 stellae
507 981 595 1045 fixae
618 1001 716 1064 super
737 980 944 1044 horizontem
967 988 1017 1042 est
1044 997 1139 1041 arcus
1165 975 1263 1057 hujus
1289 975 1399 1039 circuli
1422 977 1523 1039 inter·

369 1097 484 1168 ceptus
500 1087 583 1150 inter
597 1083 727 1149 stellam
744 1095 778 1149 et
795 1081 892 1147 finem
909 1084 1100 1148 horizontis.
1147 1081 1213 1146 Sed
1230 1079 1374 1145 altitudo
1388 1080 1521 1145 Saturni

368 1201 402 1255 et
419 1202 623 1254 caeterorum
642 1211 739 1273 super
754 1189 961 1253 horizontem
981 1208 1048 1250 non
1063 1197 1114 1250 est
1129 1187 1275 1249 notanda
1291 1207 1349 1270 per
1363 1185 1520 1250 circulum

370 1296 620 1359 intersecantem
651 1294 864 1366 horizontem,
893 1293 951 1357 sed
978 1314 1037 1375 per
1067 1291 1227 1355 minorem
1258 1299 1292 1353 et
1322 1291 1351 1352 ei
1382 1310 1521 1354 concen-

368 1398 495 1476 tricum,
512 1401 589 1482 quia
610 1399 748 1462 circulus
763 1398 926 1462 transiens
941 1417 1001 1479 per
1021 1417 1139 1478 corpus
1159 1394 1303 1470 Saturni,
1317 1394 1369 1458 vel
1388 1394 1521 1458 alterius

369 1506 414 1568 rei
441 1502 607 1578 inferioris,
634 1522 701 1565 non
728 1502 842 1565 transit
869 1523 928 1584 per
954 1499 1200 1565 extremitatem
1231 1499 1305 1562 axis
1330 1499 1521 1575 horizontis

368 1609 425 1674 sed
454 1629 513 1692 per
539 1607 626 1671 aliud
654 1615 814 1688 punctum
842 1605 875 1668 in
905 1626 970 1668 axe
997 1603 1138 1680 inferius,
1164 1605 1254 1688 quod
1282 1614 1334 1668 est
1361 1613 1520 1686 punctum

669 1711 880 1792 suppositum
906 1708 1016 1774 zenith
1039 1709 1167 1793 capitis,
1183 1719 1216 1772 et
1235 1709 1311 1772 ideo
1331 1708 1447 1771 transit
1468 1708 1521 1772 hic

668 1814 807 1878 circulus
826 1834 891 1877 non
915 1835 974 1897 per
998 1811 1079 1877 fines
1099 1812 1279 1876 horizontis
1301 1811 1356 1894 qui
1380 1823 1432 1876 est
1456 1812 1521 1876 ab

669 1919 821 1998 circulus,
842 1919 901 1982 sed
922 1939 981 2000 per
1001 1917 1244 1982 concentricum
1266 1917 1306 1993 ei,
1329 1926 1365 1979 ut
1388 1936 1447 1997 per
1467 1915 1525 1980 cd

669 2023 838 2099 circulum,
864 2023 976 2087 ethic
1004 2021 1141 2086 circulus
1172 2021 1354 2085 altitudinis
1386 2019 1521 2084 Saturni

670 2128 786 2191 transit
802 2147 994 2210 percorpus
1013 2126 1157 2199 Satumi,
1168 2125 1258 2208 quod
1274 2124 1306 2187 in
1322 2146 1363 2188 eo
1375 2124 1521 2187 elevatur

671 2253 770 2314 super
784 2232 992 2296 horizontem
1005 2241 1039 2295 et
1054 2231 1250 2311 deprimitur
1260 2230 1324 2293 suh
1339 2229 1519 2291 horizonte.

673 2337 718 2399 Et
740 2337 880 2400 circulus
903 2336 997 2417 Jovis
1025 2335 1139 2398 transit
1167 2355 1226 2417 per
1255 2333 1413 2396 minorem
1441 2351 1520 2394 con·

452 2431 510 2480 Fre.
524 2444 563 2495 ⁷¹·
670 2442 848 2504 centricum
865 2450 899 2503 et
912 2460 971 2523 per
987 2449 1147 2522 punctum
1163 2437 1295 2502 inferius
1311 2437 1343 2498 in
1358 2456 1424 2499 axe
1439 2455 1519 2516 sup-

369 2542 515 2622 positum
538 2543 648 2606 zenith
671 2545 797 2626 capitis,
821 2553 854 2606 et
876 2545 924 2608 sic
946 2546 989 2607 de
1011 2544 1150 2607 caeteris
1171 2542 1332 2625 planetis;
1360 2541 1406 2603 ita
1428 2539 1518 2622 quod

369 2656 494 2726 quanto
517 2667 568 2708 res
590 2657 641 2710 est
664 2646 802 2725 inferior,
818 2657 915 2712 tanto
937 2649 1037 2712 habet
1062 2648 1218 2711 minorem
1242 2643 1396 2710 circulum
1413 2654 1519 2708 trans·

369 2757 503 2811 euntem
534 2771 594 2833 per
623 2761 782 2834 punctum
813 2750 945 2815 inferius
975 2753 1008 2815 in
1046 2772 1111 2815 axe
1142 2751 1321 2815 horizontis
1351 2759 1384 2812 et
1421 2749 1519 2812 inter-

368 2862 533 2916 secantem
576 2855 732 2918 circulum
766 2857 927 2920 minorem
962 2856 1206 2920 concentricum
1240 2853 1412 2917 horizonti.
1474 2851 1521 2917 Et

368 2957 520 3038 quamvis
543 2959 588 3023 ita
611 2961 654 3024 sit
676 2962 857 3024 secundum
881 2960 1064 3040 veritatem,
1086 2969 1198 3022 tamen
1222 2960 1254 3021 in
1279 2979 1339 3021 usu
1362 2956 1519 3039 loquendi

370 3081 435 3124 non
462 3063 697 3145 distinguimus
727 3064 783 3127 illa
813 3075 937 3147 puncta
966 3065 998 3126 in
1024 3084 1090 3126 axe
1117 3085 1137 3127 a
1167 3063 1275 3126 zenith
1306 3061 1432 3144 capitis,
1460 3080 1520 3123 nec

368 3165 507 3229 circulos
537 3167 797 3248 aequidistantes
823 3169 986 3233 horizonti
1012 3168 1245 3249 distinguimus
1270 3167 1314 3230 ab
1340 3166 1520 3242 horizonte,

369 3269 428 3330 sed
454 3289 569 3332 omnes
595 3291 752 3334 vocamus
781 3272 991 3345 horizontes3
1027 3283 1061 3336 et
1092 3270 1229 3336 circulos
1259 3271 1438 3335 altitudinis
1469 3290 1520 3334 re-

370 3383 525 3454 putamus
548 3395 662 3438 omnes
685 3375 840 3456 aequales
862 3387 896 3441 et
919 3377 1053 3440 transire
1076 3396 1135 3459 per
1160 3374 1270 3439 zenith
1296 3375 1421 3457 capitis,
1444 3393 1519 3438 cum

369 3487 481 3540 tamen
505 3477 569 3540 sint
586 3479 796 3562 inaequales;
820 3490 854 3544 et
876 3479 953 3544 licet
977 3491 1112 3565 propter
1133 3480 1332 3544 evidentiam
1356 3479 1451 3562 posui
1474 3478 1520 3541 sic

368 3601 483 3644 ornnes
510 3583 543 3644 in
566 3585 682 3647 eadem
709 3583 889 3665 superficie,
911 3595 945 3648 et
972 3585 1134 3668 quiahoc
1161 3594 1272 3668 potest
1301 3579 1520 3665 contingeret

368 3697 482 3748 tamen
508 3685 629 3767 pluries
655 3689 814 3772 contingit
840 3708 898 3753 eos
923 3710 994 3752 esse
1016 3690 1050 3752 in
1072 3689 1208 3753 diversis
1230 3685 1463 3769 superficiebus
1487 3694 1521 3749 et

369 3790 563 3853 intersecare
578 3810 614 3852 se
631 3791 864 3875 multipliciter.

200 3889 355 4006 {own
413 3888 695 3954 Considerandum
706 3902 756 3954 est
773 3892 871 3955 etiam
889 3891 1023 3956 ulterius
1037 3892 1127 3974 quod
1139 3890 1250 3954 radius
1264 3890 1396 3954 visualis
1406 3888 1518 3973 aequi·

199 3973 354 4072 osohserver.
368 3993 468 4058 distat
490 3994 650 4058 horizonti
675 4004 709 4059 et
731 3994 858 4058 circulis
873 3995 902 4058 ei
925 3996 1148 4071 concentricis,
1164 4005 1197 4059 et
1212 3995 1287 4058 ideo
1302 4015 1396 4059 arcus
1411 3993 1519 4056 circuli

368 4097 548 4163 altitudinis
563 4098 619 4181 qui
641 4110 691 4163 est
712 4099 797 4163 inter
818 4099 1023 4163 horizontem
1039 4109 1073 4162 et
1094 4100 1221 4163 radium
1240 4097 1399 4162 visualem
1420 4098 1520 4161 debet

368 4203 527 4282 annotari,
550 4203 606 4284 qui
636 4213 686 4267 est
709 4205 890 4267 secundum
915 4205 1133 4285 quantitatem
1162 4204 1353 4268 elevationis
1375 4202 1522 4285 corporis

368 4306 562 4390 aspicientis.
616 4307 741 4371 Verum
781 4307 855 4371 licet
892 4307 1111 4372 communiter
1140 4318 1274 4389 sumpta
1305 4307 1444 4370 altitudo
1475 4305 1520 4369 rei

369 4431 468 4492 super
489 4410 693 4475 horizontem
717 4412 838 4474 dicitur
859 4431 955 4475 arcus
979 4411 1087 4474 circuli
1114 4411 1294 4476 altitudinis
1317 4411 1519 4494 interceptus

483 4561 607 4625 munic
620 4562 645 4621 J.

484 4638 494 4667 ²
510 4639 566 4689 The
578 4641 674 4701 words,
688 4643 731 4690 ‘et
743 4641 863 4703 quiahoc
874 4649 961 4704 potest
973 4642 1142 4705 contingere,’
1153 4659 1223 4694 seem
1234 4643 1405 4706 superfluous.
