3542 5359
183 1011 265 1061 These

182 1077 285 1142 oblique

182 1143 301 1193 refrneted

182 1224 238 1272 rays
249 1209 307 1258 take

181 1283 237 1338 part
248 1274 273 1323 in

183 1341 271 1389 vision.

355 618 412 696 148
575 619 730 680 OPERIS
754 619 942 691 MAJORIS
968 621 1083 680 PARS
1107 621 1278 695 QUINTA.

353 792 387 847 et
421 782 726 866 perpendicularem
759 804 781 846 a
805 805 824 847 o
854 803 957 866 usque
987 785 1021 848 in
1048 805 1066 848 e
1092 792 1252 866 punctum
1278 785 1312 847 in
1335 783 1506 867 superficie

353 885 510 969 glacialis.

397 991 444 1056 Et
464 1011 531 1054 non
552 991 659 1054 solum
676 992 805 1055 videtur
812 1002 839 1072 p
853 1012 913 1075 per
927 1012 1028 1055 unum
1050 994 1185 1057 radium·
1199 991 1349 1068 fractum,
1364 993 1423 1056 sed
1447 1013 1506 1076 per

354 1095 506 1160 infinitos.
552 1097 641 1159 Nam
662 1096 705 1159 ab
726 1096 799 1179 ipso
809 1105 833 1178 p
848 1097 976 1178 possint
995 1096 1113 1161 infiniti
1131 1097 1335 1162 declinantes
1356 1097 1503 1180 protrahi

352 1201 395 1264 ad
411 1199 618 1281 superficiem
634 1219 780 1277 corneae,
798 1210 832 1264 et
847 1199 1015 1283 quaelibet
1033 1199 1161 1264 illarum
1177 1201 1346 1283 frangetur
1360 1211 1393 1265 et
1409 1201 1505 1265 cadet

353 1305 386 1367 in
401 1304 557 1378 foramen,
570 1312 607 1367 ut
621 1306 731 1368 veniat
747 1306 790 1369 ad
805 1304 949 1387 aliquem
965 1313 1125 1386 punctum
1141 1304 1297 1387 glacialis,
1310 1306 1395 1369 sicut
1412 1314 1505 1389 patet

352 1409 385 1472 in
409 1409 500 1472 radio
515 1410 592 1492 Μ
623 1430 700 1472 nam
726 1428 793 1472 non
816 1409 910 1472 vadit
931 1410 964 1471 in
985 1431 1012 1486 c,
1027 1410 1086 1472 sed
1107 1409 1267 1494 frangitur
1289 1411 1321 1472 in
1342 1408 1361 1472 b
1381 1419 1505 1492 puncto

350 1534 488 1578 corneae
504 1513 588 1578 inter
603 1513 766 1578 incessum
786 1521 912 1577 rectum
934 1514 991 1594 qui
1007 1523 1058 1578 θεῖ
1073 1512 1092 1576 b
1106 1535 1131 1588 c,
1149 1524 1183 1579 et
1198 1513 1505 1596 perpendicularem

351 1638 437 1700 quae
463 1626 513 1682 est
535 1617 590 1695 bo,
609 1626 646 1680 ut
668 1619 769 1681 vadat
793 1617 825 1680 in
839 1618 870 1698 f
886 1626 1047 1700 punctum
1074 1617 1234 1701 glacialis,
1255 1629 1289 1683 θῖ
1312 1619 1359 1684 sic
1387 1626 1437 1680 est
1463 1618 1505 1681 de

351 1721 496 1788 infinitis
543 1721 588 1785 Et
609 1722 684 1786 ideo
708 1719 848 1784 multum
872 1721 1063 1786 melioratur
1080 1731 1115 1786 et
1137 1723 1323 1806 completur
1340 1723 1424 1786 visio
1447 1741 1507 1803 per

350 1826 540 1907 hujusmodi
567 1825 676 1891 radios
703 1825 825 1889 fractos
851 1824 997 1890 infinitos
1023 1826 1056 1889 in
1082 1826 1202 1909 quibus
1226 1827 1333 1891 omnis
1360 1845 1412 1890 res
1437 1827 1506 1889 visa

349 1932 489 2009 videtur,
512 1941 643 2013 praeter
668 1930 731 1993 hoc
758 1929 848 2012 quod
872 1930 1026 1992 videatur
1049 1950 1108 2012 per
1134 1931 1263 1994 radium
1290 1931 1505 2014 perpendicu-

349 2035 461 2100 larem.
508 2035 681 2100 Praeterea
703 2033 874 2097 sciendum
898 2042 948 2097 est
970 2036 1061 2116 quod
1082 2034 1217 2116 aliquod
1239 2036 1329 2118 quod
1350 2034 1507 2116 objicitur

349 2140 500 2204 foramini
530 2148 641 2222 potest
662 2139 765 2203 videri
790 2138 892 2203 fracte
915 2149 949 2203 et
971 2159 1037 2202 non
1060 2139 1227 2204 videbitur
1249 2149 1347 2214 recte,
1369 2141 1505 2222 quando

349 2245 473 2308 scilicet
494 2243 626 2327 aliquod
643 2241 852 2306 obstaculum
872 2262 995 2324 parvae
1013 2242 1198 2307 latitudinis
1214 2243 1433 2325 interponitur
1446 2267 1454 2319 ;
1469 2255 1506 2307 ut

350 2348 475 2412 festuca
500 2369 603 2434 parva
632 2357 724 2411 stans
750 2354 866 2409 contra
897 2346 1029 2410 oculum
1057 2348 1144 2410 inter
1170 2348 1278 2430 ipsum
1310 2357 1344 2411 et
1370 2347 1505 2429 aliquod

349 2452 476 2517 visibile
494 2451 657 2532 impediet
678 2450 854 2514 transitum
877 2451 999 2531 speciei
1020 2450 1158 2532 alicujus
1179 2452 1284 2535 partis
1306 2451 1376 2533 ejus
1400 2453 1505 2515 direc-

350 2566 431 2621 tum.
479 2556 525 2622 Et
544 2564 625 2619 tunc
643 2554 725 2618 radii
740 2553 946 2620 declinantes
964 2555 1083 2619 cadent
1104 2575 1205 2639 super
1219 2575 1374 2620 comeam
1391 2555 1434 2618 ab
1449 2555 1506 2620 illa

351 2681 404 2737 re;
424 2661 502 2743 quia
516 2667 646 2742 praeter
660 2678 759 2722 unam
776 2658 1082 2742 perpendicularem
1096 2680 1182 2743 quae
1198 2661 1332 2723 caderet
1347 2660 1408 2723 nisi
1421 2670 1507 2724 esset

348 2764 566 2843 obstaculum,
589 2764 713 2828 cadunt
735 2762 881 2827 infinitae
904 2764 1119 2842 declinantes,
1141 2773 1179 2827 ut
1202 2785 1288 2829 nunc
1310 2765 1417 2828 visum
1445 2772 1505 2828 est.

351 2870 398 2934 Et
416 2871 492 2935 ideo
507 2870 673 2933 videbitur
691 2866 798 2932 solum
818 2889 878 2951 per
897 2870 1007 2932 radios
1028 2868 1148 2934 fractos
1169 2878 1204 2934 et
1225 2889 1291 2934 non
1311 2890 1370 2952 per
1389 2880 1506 2943 rectos,

349 2984 387 3038 ut
407 2984 501 3056 patet
521 2995 579 3057 per
600 2973 849 3055 experientiam,
865 2974 892 3037 si
915 2974 988 3056 quis
1012 2983 1126 3038 teneat
1148 2973 1233 3038 inter
1254 2974 1386 3038 oculum
1410 2994 1506 3038 suum

349 3091 383 3144 et
399 3079 544 3162 aliquam
563 3099 631 3141 rem
649 3078 808 3142 festucam
825 3077 878 3142 vel
894 3098 1011 3153 acum;
1033 3088 1066 3142 et
1083 3078 1259 3161 praecipue
1277 3079 1320 3142 ad
1335 3063 1506 3143 candelam

349 3193 460 3265 potest
476 3183 540 3247 hoc
554 3183 709 3265 experiri.

778 3421 1005 3487 Caprnnnuu
1030 3422 1073 3487 ΙΙ.

395 3614 449 3679 Ι)θ
468 3613 658 3678 diversitate
681 3612 901 3696 apparitionis
923 3612 986 3677 loci
1006 3611 1157 3695 imaginis
1179 3632 1238 3694 per
1258 3610 1453 3676 fractionem
1474 3611 1506 3674 in

350 3719 468 3803 planis.

182 3899 326 3950 Refraction
394 3890 573 3956 Sciendum
597 3910 675 3954 vero
698 3890 788 3973 quod
810 3889 894 3953 visio
917 3909 975 3971 per
997 3887 1191 3953 fractionem
1215 3889 1322 3952 estin
1346 3907 1506 3953 concursu

181 3973 208 4016 at
219 3966 293 4030 plane

181 4033 296 4081 snrlsccs.

349 3995 431 4061 radii
458 3995 592 4060 visualis
623 4015 697 4058 cum
725 3993 867 4067 cathet0,
891 3994 977 4058 sicut
1003 3993 1130 4056 dictum
1163 4002 1214 4057 est
1244 3992 1289 4056 de
1318 3991 1507 4056 reflexione.

350 4099 418 4165 Sed
441 4099 505 4163 hoc
528 4108 640 4182 potest
662 4118 735 4163 esse
758 4097 867 4162 modis
889 4097 987 4161 variis
1012 4105 1046 4160 et
1073 4095 1286 4160 mirabilibus.
1333 4094 1507 4178 Quatenus

348 4215 461 4270 autem
485 4223 621 4268 omnem
649 4202 872 4267 diversitatem
898 4200 1087 4284 hujusmodi
1112 4199 1330 4282 apparitionis
1357 4219 1507 4281 compre-

348 4308 543 4388 hendamus,
559 4316 692 4390 oportet
707 4305 918 4370 considerare
935 4306 1069 4388 quando
1084 4305 1118 4368 in
1134 4302 1239 4386 planis
1261 4303 1453 4384 corporibus
1474 4313 1508 4365 et

349 4413 502 4478 concavis
521 4420 554 4476 et
571 4410 728 4476 convexis
749 4409 870 4473 accidit
888 4408 1077 4491 hujusmodi
1094 4408 1277 4471 diversitas.
1325 4407 1371 4469 Et
1392 4425 1508 4471 secun·

349 4516 431 4580 dum
454 4517 518 4582 hoc
540 4515 630 4598 quod
649 4513 763 4580 oculus
786 4523 836 4577 θεῖ
860 4513 894 4575 in
917 4512 1028 4577 medio
1051 4510 1216 4576 subtiliori
1234 4510 1285 4574 vel
1304 4510 1459 4588 densiori,
1474 4519 1509 4574 et

349 4639 401 4684 res
425 4620 495 4684 visa
516 4639 535 4682 e
558 4627 681 4684 contra.
727 4615 763 4681 Si
782 4635 861 4681 vero
883 4615 999 4679 oculus
1021 4615 1064 4679 sit
1086 4615 1120 4678 in
1147 4615 1322 4697 perspicuo
1344 4613 1508 4678 subtiliori
