3542 5359
390 612 585 673 nonnus
610 613 927 672 PHILOSOPHIA:
953 615 1067 674 Paris
1096 579 1260 676 raam.
1342 633 1402 694 355

251 774 391 860 ligemus
418 777 606 860 paupertati
631 798 673 841 eo
699 777 860 841 minorem
884 787 1126 844 tormentorum
1149 801 1216 862 quo
1240 781 1400 844 minorem

251 883 450 946 damnorum
472 902 545 946 esse
568 882 750 946 materiam.
805 882 906 948 Erras
933 883 1021 946 enim
1048 885 1077 948 si
1099 895 1198 967 putas
1221 884 1402 948 animosius

251 986 453 1050 detrimenta
481 986 601 1052 divites
630 985 739 1052 ferre:
777 987 933 1052 maximis
967 989 1178 1072 minimisque
1208 988 1402 1073 corporibus

252 1110 312 1172 par
332 1100 384 1154 est
402 1091 498 1155 dolor
511 1090 663 1156 vulneris.
710 1092 795 1156 Bion
818 1092 987 1175 eleganter
1005 1094 1063 1171 ait,
1078 1097 1095 1126 ‘²
1107 1093 1184 1157 Nou
1206 1095 1313 1158 miuus
1329 1113 1400 1156 mo-

251 1195 373 1259 lestum
391 1193 464 1260 e'sse
485 1195 586 1259 calvis
609 1216 711 1278 quam
730 1197 854 1261 crinitis
876 1196 963 1280 pilos
985 1196 1094 1262 velli.”
1110 1247 1117 1262 .
1133 1247 1140 1262 .
1156 1245 1164 1259 .
1180 1197 1402 1262 Tolerabilius
1509 1267 1513 1274 ,

251 1309 302 1362 est
328 1345 335 1360 .
365 1347 372 1361 .
405 1346 413 1361 .
443 1321 510 1365 non
540 1300 715 1383 adquirere
743 1322 844 1383 quam
874 1303 1049 1376 amittere3
1080 1303 1222 1386 ideoque
1247 1301 1401 1366 laetiores

252 1403 381 1468 videbis
399 1424 484 1487 quos
504 1425 674 1487 nunquam
698 1403 830 1470 fortuna
846 1407 994 1488 respexit
1015 1427 1116 1490 quam
1139 1427 1225 1489 quos
1245 1406 1401 1471 deseruit.

250 1507 348 1570 Vidit
373 1509 437 1572 boc
461 1509 640 1590 Diogenes,
663 1511 711 1572 vir
735 1509 880 1591 ingentis
909 1511 1021 1582 animi,
1047 1521 1082 1575 et
1111 1509 1221 1574 effecit
1251 1531 1294 1574 ne
1320 1510 1401 1593 quid

251 1613 314 1677 sibi
337 1613 418 1695 eripi
438 1624 560 1696 posset.
604 1614 658 1677 Tu
673 1614 760 1677 istud
782 1625 1025 1697 paupertatem,
1046 1617 1202 1698 inopiam,
1218 1623 1401 1698 egestatem

252 1737 344 1794 voca,
371 1719 462 1800 quod
489 1717 581 1782 voles
611 1719 869 1801 ignominiosum
898 1720 1066 1784 securitati
1096 1740 1218 1784 nomen
1248 1719 1401 1802 impone3

253 1821 380 1903 putabo
398 1822 486 1886 hunc
507 1843 574 1886 non
597 1843 670 1888 esse
687 1821 826 1903 felicem,
840 1825 869 1888 si
890 1845 989 1907 quem
1012 1823 1092 1888 mihi
1115 1824 1217 1888 aliurn
1240 1823 1402 1888 inveneris

252 1924 306 1989 cui
340 1926 422 1988 nihil
452 1935 575 2008 pereat.
635 1925 709 1990 Aut
738 1947 804 2010 ego
834 1926 940 2002 fallor,
972 1939 1030 1992 aut
1064 1948 1201 2011 regnum
1233 1937 1283 1991 est
1319 1930 1401 1992 iuter

251 2052 379 2106 avaros,
400 2030 545 2095 latrones
567 2078 575 2092 .
600 2079 607 2092 .
631 2077 638 2090 .
662 2052 766 2096 unum
792 2051 865 2096 esse
895 2033 946 2095 cui
979 2032 1087 2096 noceri
1113 2051 1179 2094 non
1206 2032 1320 2113 possit.
1366 2031 1402 2094 Si

251 2134 326 2217 quis
352 2136 395 2198 de
417 2134 574 2200 felicitate
598 2136 757 2218 Diogenis
779 2137 920 2210 dubitat,
944 2146 1054 2218 potest
1081 2135 1169 2200 idem
1191 2135 1345 2200 dubitare
1368 2146 1402 2198 et

252 2241 295 2303 de
319 2241 384 2304 Dei
411 2238 628 2304 immortalis¹
652 2249 752 2315 statu,
776 2260 819 2303 an
842 2259 959 2322 parurn
983 2240 1081 2304 beate
1104 2240 1215 2323 degat,
1240 2240 1330 2321 quod
1355 2238 1401 2301 illi

254 2365 315 2410 nec
339 2345 477 2426 praedia
500 2364 561 2407 nec
587 2344 675 2408 horti
702 2345 780 2423 sint,
794 2365 855 2410 nec
874 2345 983 2408 alieno
1005 2344 1125 2409 colono
1147 2364 1223 2408 rura
1248 2343 1402 2427 pretiosa,

252 2469 313 2511 nec
336 2449 463 2530 grande
484 2449 518 2512 in
540 2449 611 2513 foro
636 2446 762 2514 foenus.
807 2449 885 2513 Non
910 2459 944 2515 te
970 2451 1082 2533 pudet,
1106 2449 1255 2532 quisquis
1278 2448 1402 2512 divitiis

252 2553 434 2635 adstupes?
447 2553 570 2634 respice
582 2554 725 2636 agedum
739 2555 901 2617 mundum
914 2579 922 2628 ;
933 2573 998 2617 non
1008 2553 1137 2617 videbis
1149 2550 1278 2616 Deum2
1290 2553 1401 2616 omnia

251 2660 398 2736 dantem,
413 2658 494 2721 nihil
515 2657 716 2722 habentem?
756 2658 854 2722 Hunc
874 2667 910 2722 tu
935 2677 1114 2740 pauperem
1135 2667 1242 2739 putas,
1263 2676 1304 2718 an
1327 2657 1401 2720 Deo

253 2762 432 2826 immortali
448 2761 600 2840 similem,
608 2763 664 2845 qui
681 2783 717 2827 se
732 2762 875 2827 fortuitis
890 2763 1045 2826 omuibus
1059 2762 1176 2826 exuit?
1208 2760 1402 2826 Feliciorem

251 2866 414 2930 divitem³
438 2873 560 2950 putas?
583 2912 591 2928 .
616 2914 623 2928 .
647 2915 655 2928 .
679 2867 821 2950 Diogeni
850 2887 964 2931 servus
993 2867 1109 2931 unicus
1129 2865 1220 2948 fugit,
1245 2886 1303 2929 nec
1325 2883 1402 2928 eum

252 2973 417 3044 reducere,
434 2991 509 3036 cum
524 2981 772 3051 monstraretur,
787 2974 872 3035 tanti
895 2972 1034 3056 putavit.
1079 2970 1191 3054 Turpe
1211 2979 1271 3049 est,
1288 2969 1403 3050 inquit,

253 3075 377 3138 Manen
399 3075 471 3138 sine
489 3075 640 3158 Diogene
659 3096 756 3159 posse
773 3077 891 3149 vivere,
909 3076 1095 3157 Diogenem
1118 3075 1188 3139 sine
1212 3074 1312 3138 Mane
1336 3093 1401 3136 non

254 3200 359 3261 posse.
404 3179 547 3244 Videtur
570 3180 651 3244 mibi
671 3182 817 3257 dixisse;
844 3179 923 3262 Age
944 3191 1040 3245 tuum
1063 3179 1246 3262 negotium,
1259 3177 1402 3242 fortuna.

256 3283 345 3347 Nihil
361 3286 451 3367 apud
469 3285 655 3368 Diogenem
668 3287 739 3368 jam
755 3286 803 3349 tui
819 3296 878 3349 est.
925 3286 1024 3369 Fugit
1041 3285 1122 3348 mihi
1137 3289 1275 3350 servus?
1299 3284 1403 3346 immo

254 3389 337 3454 liber
360 3389 477 3452 abiit..
495 3437 502 3451 .
521 3440 528 3454 .
546 3389 614 3456 Sed
637 3391 794 3473 quoniam
817 3411 883 3454 non
911 3401 961 3453 est
989 3389 1085 3454 uobis
1108 3399 1240 3454 tantum
1267 3389 1403 3458 roboris,

253 3494 462 3575 angustanda
479 3491 597 3580 [certe]
617 3505 694 3561 sunt
709 3496 918 3578 patrimonia,
934 3504 971 3557 ut
991 3493 1159 3557 minusad
1182 3493 1317 3574 injurias
1338 3492 1402 3555 for-

253 3608 354 3661 tunae
375 3597 479 3663 simus
498 3600 654 3680 expositi.
701 3599 876 3663 Habiliora
898 3609 975 3663 sunt
993 3618 1131 3680 corpora
1153 3598 1185 3661 in
1210 3596 1296 3660 bella
1319 3615 1403 3678 quae

254 3701 288 3764 in
308 3721 401 3765 arma
418 3724 478 3767 sua
500 3703 652 3767 contrahi
673 3713 819 3786 possunt,
837 3723 938 3786 quam
959 3722 1045 3784 quae
1068 3700 1349 3784 superfunduntur
1369 3711 1403 3763 et

253 3806 400 3887 undique
415 3808 612 3890 magnitudo
630 3828 691 3872 sua
705 3807 893 3870 vulneribus
909 3807 1051 3889 objecit:
1074 3807 1222 3888 optimus
1236 3804 1403 3886 pecuniae

255 3912 374 3974 modus
390 3913 511 3993 estqui
527 3913 637 3976 necin
653 3921 886 3994 paupertatem
907 3912 1006 3987 cadit,
1021 3931 1081 3974 nec
1095 3908 1209 3992 procul
1225 3928 1246 3971 a
1261 3927 1401 3990 pauper·

253 4025 324 4078 tate
337 4016 489 4080 discedit.

298 4118 464 4183 ‘Placebit
486 4130 598 4185 autem
620 4120 703 4184 baec
726 4120 823 4183 nobis
846 4139 1008 4192 mensura,
1032 4119 1060 4182 si
1088 4117 1176 4201 prius
1199 4116 1404 4199 parcimonia
1415 4125 1478 4189 cap.
1492 4141 1516 4190 9·

255 4222 424 4305 placuerit,
447 4224 605 4306 sineque
628 4243 689 4287 nec
713 4223 798 4287 ullae
821 4243 902 4305 opes
930 4221 1097 4285 sufficiunt
1120 4267 1127 4282 .
1148 4267 1155 4282 .
1179 4267 1186 4282 .
1210 4220 1402 4303 praesertim

254 4347 330 4390 cum
345 4327 379 4390 in
390 4328 499 4392 vicino
515 4328 696 4392 remedium
712 4329 764 4399 sit,
780 4338 815 4390 et
831 4327 936 4410 possit
952 4327 1025 4408 ipsa
1037 4335 1214 4408 paupertas
1226 4325 1259 4386 in
1270 4324 1404 4388 divitias

253 4451 297 4504 se,
325 4432 487 4494 advocata
517 4431 714 4514 frugalitate,
743 4442 944 4494 convertere.
988 4428 1229 4493 Assuescamus
1259 4447 1279 4490 a
1309 4426 1404 4491 nobis

289 4601 297 4628 ¹
313 4601 427 4649 Deorum
438 4600 617 4649 immortalium
630 4600 763 4663 (Seneca).
883 4599 894 4626 ¹
911 4599 1011 4648 Seneca
1022 4599 1077 4660 bue,
1092 4598 1176 4646 nudos
1186 4597 1286 4647 videbis
1297 4599 1369 4647 deos.

286 4681 296 4708 ³
314 4680 416 4729 Seneca
426 4681 483 4742 ms,
495 4679 654 4728 Demetrium
666 4679 859 4741 Pompeianum.

780 4774 877 4823 ΑΗ
