3542 5359
694 660 775 721 42
1141 642 1453 702 OPERIS
1501 638 1880 710 MAJORJS
1928 637 2157 696 PARS
2205 634 2548 709 QUINTA.

696 807 881 873 nulla
948 807 1187 871 mixtio
1245 805 1608 871 secundum
1671 800 2290 885 multiplicationem
2346 796 2773 882 principalem
2821 793 3004 859 venit

692 915 780 977 ad
810 910 1095 977 oculum.

357 1012 650 1063 Additional
702 1039 854 1071 ‚amma

357 1080 518 1143 proof.

828 1047 846 1063 Ἰ-
1118 1031 1251 1055 ι-.’.ιιιιι;ιῃ,κΊ

746 1083 790 1119 τι·-
952 1128 975 1130 -
1159 1067 1191 1126 t·

1503 1051 1657 1085 Rumon

1781 1010 1876 1074 Et
1940 1009 2114 1073 istud
2180 1006 2609 1073 confirmatur
2675 1025 2790 1088 per
2854 1003 3001 1080 hoc,

1689 1116 1872 1198 quod
1904 1114 2173 1196 quando
2196 1111 2452 1176 colores
2484 1110 2725 1174 diversi
2755 1107 3002 1171 habent

1689 1220 1973 1283 eandem
2059 1215 2675 1300 multiplicationem
2758 1212 2999 1295 princi-

1690 1322 1929 1405 palem,
1992 1332 2152 1385 tunc
2218 1328 2499 1404 apparet
2564 1316 2756 1382 oculo
2822 1315 3003 1379 color

1691 1427 1986 1502 mixtus;
2018 1435 2092 1490 ut
2123 1425 2393 1507 quando
2415 1422 2658 1485 vitrum
2680 1418 2786 1482 vel
2819 1440 2999 1501 crys-

1688 1529 1907 1608 tallus,
1937 1528 2040 1592 vel
2080 1528 2260 1592 aliud
2299 1547 2538 1609 corpus
2579 1523 2999 1607 perspicuum

1688 1635 2056 1698 coloratum
2098 1630 2457 1714 opponitur
2490 1629 2678 1703 visui,
2709 1637 2776 1691 et
2818 1626 2997 1689 aliud

1687 1757 1925 1821 corpus
2008 1740 2288 1802 densum
2363 1743 2538 1797 retro
2614 1731 2775 1794 illud
2854 1750 2998 1813 per-

1686 1844 1991 1925 spicuum
2024 1843 2111 1905 sit
2142 1842 2207 1903 in
2238 1840 2490 1904 directo
2516 1837 2690 1901 illius
2712 1847 2781 1900 et
2804 1837 2998 1913 visus,

1687 1957 1846 2011 tunc
1934 1946 2188 2029 species
2276 1946 2618 2026 utriusque
2706 1943 2998 2025 corporis

1685 2052 1870 2116 vadit
1950 2052 2017 2114 in
2091 2051 2304 2113 visum
2377 2049 2440 2112 in
2528 2047 2764 2111 eodem
2851 2046 2997 2108 loco

1685 2155 2049 2220 secundum
2097 2152 2713 2236 multiplicationem
2758 2150 2996 2232 princi-

1685 2260 1925 2343 palem,
1944 2270 2013 2324 et
2038 2258 2187 2322 ideo
2212 2258 2465 2320 mixtus
2497 2256 2677 2320 color
2699 2263 2995 2337 apparet.

1688 2365 1781 2429 Et
1827 2364 1976 2427 ideo
2023 2383 2139 2446 per
2177 2362 2562 2443 oppositum
2610 2358 2793 2424 color
2836 2359 2997 2421 sim-

1684 2468 1846 2552 plex
1888 2466 2251 2551 apparebit,
2295 2467 2564 2549 quando
2609 2485 2776 2528 unus
2815 2462 2996 2527 color

1682 2572 2084 2654 multiplicat
2160 2591 2230 2635 se
2312 2571 2677 2634 secundum
2750 2566 2994 2630 lineam

1681 2676 2133 2760 principalem,
2171 2686 2240 2740 et
2279 2674 2446 2740 alius
2482 2670 2995 2748 accidentaliter,

1681 2782 1836 2846 licet
1870 2784 1933 2845 in
1964 2785 2203 2846 eodem
2238 2781 2403 2843 loco.
2488 2777 2561 2842 Si
2592 2798 2749 2860 ergo
2781 2776 2995 2860 philo-

694 2885 1053 2971 sophantes
1117 2887 1310 2950 istam
1363 2885 1542 2951 visus
1602 2888 2094 2952 distinctionem
2162 2887 2600 2959 adverterent,
2654 2901 2995 2963 nunquam

693 3001 1016 3074 ponerent
1060 2992 1315 3075 species
1361 3012 1492 3056 non
1539 2992 1794 3056 misceri
1842 2993 1905 3055 in
1957 2991 2199 3068 medin,
2229 2990 2385 3071 quia
2429 2998 2698 3071 propter
2727 2987 2996 3051 distinc-

691 3096 945 3159 tionem
975 3096 1170 3172 visus,
1199 3117 1400 3178 quam
1435 3098 1732 3160 nesciunt
1761 3096 2034 3172 salvare,
2066 3096 2315 3158 cadunt
2351 3094 2416 3156 in
2460 3094 2643 3157 illurn
2685 3111 2994 3155 errorem.

695 3199 787 3261 Et
840 3199 892 3263 si
946 3200 1224 3274 dicatur,
1271 3201 1448 3282 quod
1501 3202 1668 3266 sicut
1726 3201 1981 3284 species
2042 3199 2192 3264 illae
2247 3199 2602 3263 miscentur
2650 3197 2992 3281 principali

693 3303 1024 3367 mixtione
1058 3304 1122 3367 in
1153 3303 1453 3385 quolibet
1485 3315 1730 3387 puncto
1763 3305 1951 3382 aeris,
1983 3305 2077 3368 sic
2108 3304 2173 3368 in
2202 3302 2432 3380 ocu103
2480 3323 2637 3385 ergo
2674 3311 2829 3365 tunc
2870 3303 2996 3367 erit

692 3407 992 3472 confusio
1024 3408 1236 3490 plena,
1268 3410 1426 3491 quia
1457 3430 1608 3475 vera
1646 3421 1714 3476 et
1745 3410 2125 3494 principalis
2163 3410 2287 3475 erit
2317 3409 2408 3472 ibi
2453 3409 2724 3484 mixti03
2770 3409 2993 3473 dicen-

691 3512 852 3575 dum
884 3521 1004 3590 est,
1026 3515 1204 3594 quod
1229 3535 1382 3578 vera
1411 3524 1478 3578 et
1501 3516 1876 3599 principalis
1907 3524 2123 3597 potest
2155 3533 2300 3578 esse
2332 3513 2572 3576 mixtio
2604 3513 2667 3575 in
2697 3512 2996 3594 quolibet

689 3624 942 3697 puncto
974 3617 1145 3680 oculi
1173 3641 1188 3694 ;
1233 3619 1352 3682 sed
1387 3639 1518 3682 una
1560 3619 1703 3682 sola
1734 3620 1987 3701 species
2019 3620 2084 3682 in
2118 3639 2251 3682 uno
2282 3627 2531 3702 puncto
2564 3618 2685 3682 erit
2718 3637 2991 3700 perpen-

690 3719 1019 3799 dicularis,
1055 3742 1229 3804 quae
1275 3723 1454 3786 cadit
1500 3724 1567 3786 in
1613 3735 1913 3788 centrum
1968 3723 2160 3800 oculi,
2202 3733 2269 3787 et
2315 3742 2547 3787 omnes
2592 3721 2759 3784 aliae
2804 3732 2993 3785 erunt

687 3826 1111 3901 declinanteS,
1144 3836 1219 3890 ut
1253 3837 1406 3890 sunt
1436 3849 1480 3890 a
1507 3826 1576 3905 lc,
1601 3849 1635 3891 c
1649 3850 1724 3910 g,
1755 3839 1821 3892 et
1852 3828 2005 3892 ideo
2044 3827 2566 3903 occultabuntur,
2597 3835 2663 3890 et
2704 3845 2837 3888 non
2882 3823 2994 3889 fiet

683 3923 1006 4007 judicium
1038 3927 1123 3990 de
1154 3927 1268 4005 εἰς,
1297 3929 1417 3991 sed
1447 3929 1531 3991 de
1562 3927 2085 4013 perpendiculari
2116 3948 2291 4010 quae
2320 3937 2421 3992 est
2451 3927 2489 3992 b
2518 3948 2566 4006 e,
2596 3937 2664 3990 et
2694 3946 2814 4009 per
2844 3946 2992 3989 eam

690 4028 776 4093 de
813 4049 882 4092 re
915 4030 1056 4112 ipsa
1085 4051 1258 4113 quae
1289 4041 1391 4096 est
1421 4030 1512 4097 b¹.

755 4209 772 4238 ¹
806 4208 918 4257 The
943 4209 1105 4271 figure
1131 4209 1182 4258 in
1206 4210 1258 4269 J.
1284 4210 1326 4259 is
1349 4210 1656 4273 incorrectly
1681 4212 1859 4261 drawn
1883 4227 1897 4270 ;
1931 4212 2034 4260 and
2059 4209 2273 4264 further.
2298 4227 2356 4260 as
2391 4228 2458 4260 no
2490 4210 2755 4260 reference
2780 4210 2822 4260 is
2847 4210 2993 4259 made

687 4293 743 4337 to
769 4290 808 4338 it
830 4288 883 4337 in
907 4288 997 4338 the
1021 4296 1150 4349 text,
1175 4289 1264 4338 the
1289 4290 1570 4353 reasoning
1591 4291 1636 4339 is
1660 4292 1811 4339 made
1835 4291 2045 4339 difficult
2068 4297 2121 4339 to
2146 4290 2335 4341 follow·
