3542 5359
709 589 793 649 24
1168 574 1480 635 OPERIS
1527 574 1904 645 MAJORIS
1949 574 2180 636 PARS
2230 576 2571 649 QUINTA.

713 734 1053 799 anterioris
1089 734 1401 819 glacialis·
1494 735 1629 801 Sed
1663 737 1729 800 in
1767 737 1962 801 oculo
1998 757 2132 801 non
2160 746 2318 802 sunt
2358 739 2680 821 sphaerae
2702 737 3015 821 integrae,

715 839 831 903 sed
858 840 944 903 de
968 838 1091 903 illis
1121 850 1277 905 sunt
1308 839 1522 904 solum
1558 862 1803 924 parvae
1843 842 2197 925 portiones,
2224 850 2299 907 ut
2328 842 2648 925 sphaerae
2675 843 3017 907 anterioris

715 941 1009 1027 glacialis
1041 944 1256 1026 portio
1295 966 1331 1009 c
1351 946 1416 1028 f
1436 945 1501 1024 d,
1531 955 1599 1009 et
1638 945 1825 1010 vitrei
1867 946 2085 1028 portio
2124 968 2160 1011 c
2201 945 2245 1010 Ιι
2280 946 2333 1010 d
2350 971 2366 1022 3
2427 945 2752 1028 complevi
2790 957 3018 1011 tamen

716 1047 1031 1129 sphaeras
1099 1048 1167 1111 in
1238 1048 1633 1133 figuratione
1706 1061 1981 1133 propter
2045 1051 2439 1116 evidentiam
2507 1061 2883 1115 centrorum
2951 1061 3018 1115 et

716 1153 1114 1236 portionum.
1224 1153 1485 1218 Deinde
1537 1165 1638 1219 est
1691 1175 1860 1219 uvea
1913 1155 2193 1239 figurata
2239 1156 2305 1220 in
2348 1155 2629 1239 sphaera
2671 1155 3019 1238 completa,

717 1267 1183 1341 praeterquam
1236 1258 1302 1322 in
1368 1258 1510 1341 ejus
1578 1258 1895 1324 foramine
1958 1281 2028 1323 m
2084 1282 2139 1338 0,
2194 1268 2263 1323 et
2320 1269 2544 1324 tamen
2605 1278 2740 1321 non
2801 1268 2904 1322 est
2952 1260 3016 1322 in

718 1362 915 1427 oculo
974 1362 1348 1445 completae
1416 1363 1913 1445 sphaericitatis,
1978 1375 2053 1430 ut
2107 1364 2356 1429 dictum
2419 1371 2539 1438 est,
2586 1362 2703 1427 sed
2749 1361 2815 1427 in
2874 1364 3018 1447 ejus

1748 3499 1873 3549 Fxo.
1902 3513 1961 3562 ²5
1978 3498 2016 3549 ¹.

727 3650 1033 3715 anteriori
1097 3661 1287 3736 parte
1367 3651 1434 3715 in
1521 3673 1655 3735 qua
1730 3662 1833 3716 est
1890 3651 2208 3726 foramen,
2271 3648 2428 3731 quia
2488 3667 2622 3713 non
2688 3647 3034 3732 requiritur

728 3753 1155 3834 sphaericitas
1203 3757 1287 3820 ad
1338 3757 1574 3831 visum,
1630 3757 1755 3820 nisi
1803 3755 1865 3819 in
1910 3754 2025 3819 illo
2070 3753 2256 3829 loco;
2309 3753 2471 3817 alias
2515 3762 2616 3817 est
2662 3753 3035 3835 irregularis

729 3854 995 3940 figurae,
1059 3879 1144 3924 ne
1217 3881 1503 3924 vacuum
1575 3860 1922 3926 intercidat
1987 3858 2156 3922 inter
2218 3876 2454 3921 uveam
2535 3864 2604 3944 qt
2684 3876 3034 3933 corneam3

793 4055 811 4084 ¹
843 4057 969 4108 This
992 4060 1158 4121 figure
1181 4061 1226 4109 is
1247 4077 1313 4110 nn
1345 4069 1493 4110 exact
1517 4077 1651 4124 copy
1675 4061 1734 4110 os
1758 4060 1889 4122 Reg.
1958 4059 2094 4110 That
2126 4057 2184 4107 of
2204 4056 2354 4106 Harl.
2387 4056 2431 4107 is
2457 4056 2663 4106 similar.
2736 4056 2849 4105 The
2882 4058 3036 4106 alter·

729 4137 901 4185 native
924 4138 1152 4200 diagrarn
1176 4139 1348 4203 (Jebb,
1375 4139 1496 4189 Tab.
1521 4141 1552 4187 i.
1577 4141 1665 4202 30)
1686 4140 1731 4189 is
1755 4148 1847 4189 not
1869 4139 2021 4201 given
2046 4138 2101 4187 in
2124 4138 2273 4187 these
2299 4135 2471 4195 MSS„
2496 4136 2597 4183 and
2620 4135 2652 4195 J
2658 4134 2798 4183 ebb's
2830 4138 3035 4184 version

729 4214 789 4263 os
816 4215 854 4263 it
876 4216 920 4264 is
943 4217 1141 4280 wholly
1167 4219 1561 4281 unintelligible,
1585 4234 1645 4267 as
1680 4218 1870 4266 indeed
1894 4218 1939 4265 is
1963 4218 2043 4265 his
2076 4214 2362 4277 rendering
2383 4214 2443 4263 os
2470 4213 2572 4262 this
2595 4229 2716 4273 one,
2739 4214 2806 4262 all
2842 4214 3038 4276 letterS,

730 4292 810 4341 sor
844 4295 1092 4357 instance,
1118 4296 1276 4358 being
1308 4298 1540 4346 omitted.
1610 4297 1658 4345 It
1692 4305 1829 4346 must
1861 4297 1925 4345 be
1957 4294 2310 4344 remembered
2344 4294 2456 4342 that
2486 4297 2709 4341 oentrum
2742 4293 2885 4342 vitrei
2911 4294 3038 4343 here

732 4388 910 4421 means
949 4380 1171 4423 centrum
1211 4377 1524 4424 concavitatis
1560 4375 1709 4425 aba:
1778 4374 1892 4423 The
1931 4373 2157 4424 vitreous
2198 4372 2422 4420 humour
2460 4371 2504 4420 is
2549 4369 2815 4419 hollowed
2855 4379 2944 4420 out
2984 4373 3037 4420 in

732 4450 871 4499 front
903 4459 958 4500 to
983 4453 1188 4502 receive
1220 4454 1309 4502 the
1336 4453 1451 4503 lens
1479 4469 1540 4501 or
1567 4453 1788 4501 antenbr
1806 4452 2049 4516 glao'altk.
2120 4451 2165 4499 1t
2187 4450 2296 4501 will
2327 4450 2392 4498 be
2424 4450 2584 4499 noted
2616 4450 2730 4498 that
2760 4450 2850 4499 the
2882 4450 3039 4500 circle

730 4528 792 4577 os
817 4530 908 4578 the
930 4530 1157 4580 viti-eous
1178 4540 1449 4581 curvature
1473 4533 1516 4580 is
1547 4530 1761 4593 slightly
1784 4532 1889 4581 less
1917 4531 2042 4579 than
2066 4530 2177 4579 that
2206 4527 2265 4577 os
2292 4530 2382 4578 the
2405 4528 2633 4577 anterior
2655 4527 2912 4592 glacialis3
2946 4531 3038 4581 i-e.

729 4606 819 4656 the
841 4615 1109 4660 curvature
1132 4609 1192 4660 os
1206 4610 1296 4661 the
1318 4610 1432 4661 lens
1455 4610 1500 4661 is
1521 4610 1736 4673 slightly
1759 4608 2000 4661 different
2025 4624 2093 4659 on
2115 4608 2183 4659 its
2206 4615 2313 4659 two
2340 4606 2493 4660 sacen.
