3542 5359
766 1301 923 1375 PARS
969 1298 1121 1389 QUIN
1125 1300 1162 1372 T
1159 1298 1198 1371 Α

589 1494 1059 1562 MULTlPLICATIONIS
1092 1492 1385 1559 SPEClERUM.

479 1687 559 1751 Pars
576 1686 713 1769 Quinta,
729 1688 771 1751 de
786 1686 917 1749 actione
933 1685 1052 1769 speciei
1065 1709 1073 1761 ς
1097 1692 1130 1747 et
1145 1684 1247 1747 habet
1262 1683 1327 1746 tria
1342 1681 1495 1763 capitula

841 1864 1068 1929 Cnnrunun
1096 1864 1121 1926 1.

654 2005 769 2069 Habet
784 2015 851 2068 tres
867 2002 1093 2067 conclusiones
1109 2003 1317 2085 principales.

235 2149 343 2199 various
449 2144 550 2208 Dicto
566 2146 598 2206 in
615 2143 728 2225 primis
747 2143 790 2205 de
807 2144 1017 2225 generatione
1038 2142 1178 2222 speciei;
1202 2152 1236 2205 et
1256 2142 1404 2205 secundo
1427 2142 1470 2204 de
1490 2139 1551 2220 ejus

234 2214 337 2330 ἓξῇΐ
348 2216 377 2265 ⁰s
405 2248 677 2330 multiplicatione
692 2256 725 2309 et
742 2246 867 2329 figura3
892 2257 925 2308 et
941 2246 1038 2308 tertio
1054 2246 1097 2308 de
1109 2245 1179 2327 ejus
1193 2247 1372 2309 existentia
1385 2245 1419 2308 in
1434 2243 1552 2319 medio;

403 2362 437 2415 et
453 2364 571 2434 quarto
587 2352 630 2414 de
646 2350 875 2413 debilitatione
891 2359 924 2412 et
941 2350 1011 2431 ejus
1027 2352 1167 2413 annexis
1181 2373 1188 2428 ;
1213 2371 1299 2413 nunc
1316 2350 1433 2433 quinto
1449 2350 1552 2412 dicen·

403 2458 483 2520 dum
499 2466 550 2520 est
566 2457 608 2519 de
631 2456 703 2537 ejus
721 2455 852 2517 actione
875 2455 1055 2518 secundum
1078 2475 1193 2517 omnes
1216 2457 1338 2539 gradus
1363 2455 1447 2536 ejus
1491 2450 1551 2516 Sed

402 2561 490 2625 actio
505 2560 645 2623 univoca
660 2566 711 2620 est
727 2558 798 2638 ejus
815 2558 1055 2639 multiplicati0‚
1071 2568 1109 2620 ut
1124 2558 1184 2621 lux
1201 2560 1280 2621 facit
1296 2560 1412 2622 lucem.
1460 2557 1552 2621 Actio

402 2686 480 2728 vero
507 2664 687 2744 aequivoca
711 2672 771 2740 est,
795 2671 831 2724 ut
855 2664 991 2744 quando
1014 2664 1140 2745 species
1168 2664 1245 2727 sacit
1270 2663 1395 2746 aliquid
1424 2663 1552 2727 alterius

402 2768 573 2844 essentiae,
599 2776 636 2830 ut
667 2767 726 2828 lux
757 2766 836 2829 sacit
866 2765 1010 2829 calorem
1039 2777 1072 2830 et
1098 2767 1171 2831 alia.
1217 2767 1316 2831 Nunc
1350 2768 1454 2849 igitur
1483 2766 1552 2828 licet

403 2871 623 2954 principaliter
657 2870 794 2933 intendo
836 2871 991 2952 prosequi
1029 2872 1265 2954 aequivocam
1315 2882 1431 2935 tamen
1470 2868 1553 2954 quod

400 2978 557 3040 omissum
588 2977 631 3039 de
660 2973 791 3039 actione
822 2975 973 3052 univoca,
1004 2986 1164 3058 quantum
1195 2975 1319 3040 scilicet
1353 2977 1396 3041 ad
1430 2976 1553 3040 fortitu·

401 3082 512 3143 dinem
528 3088 562 3142 et
574 3078 793 3152 debilitatem,
806 3079 936 3160 patebit
949 3080 1010 3141 hic.
1043 3080 1130 3142 Nam
1143 3081 1260 3144 eadem
1275 3090 1327 3145 est
1338 3079 1554 3144 consideratio

400 3184 584 3265 utrobique,
602 3184 661 3245 sed
679 3182 712 3244 in
731 3180 861 3246 actione
882 3184 1064 3263 aequivoca
1086 3184 1186 3247 debet
1209 3182 1276 3245 fieri
1300 3181 1496 3247 certificatio
1516 3182 1555 3243 dc

400 3287 460 3367 his,
482 3289 561 3369 quia
585 3286 808 3368 principaliter
830 3296 864 3349 et
888 3286 994 3370 magis
1017 3286 1143 3351 intenta
1166 3296 1217 3350 est
1239 3309 1259 3350 a
1282 3298 1401 3351 natura
1424 3296 1556 3370 propter

401 3412 509 3455 rerum
525 3392 772 3473 generationem
789 3399 822 3453 et
838 3391 1081 3472 corruptionem
1097 3391 1130 3453 in
1147 3390 1210 3453 hoc
1227 3392 1362 3455 mundo.

233 3503 346 3580 Thatby
445 3496 490 3558 Et
506 3495 612 3577 primo
628 3495 906 3560 considerandum
924 3504 974 3557 est
995 3496 1037 3559 de
1059 3497 1260 3578 proprietate
1281 3497 1423 3560 actionis
1443 3514 1555 3561 secun·
1649 3524 1650 3555 ἢ

231 3570 385 3685 {fflstthe
399 3602 479 3665 dum
502 3599 615 3677 lineas,
640 3602 761 3665 deinde
788 3598 969 3664 secundum
995 3598 1136 3682 figuras3
1171 3611 1204 3664 et
1237 3602 1344 3684 primo
1374 3603 1557 3665 secundum
1649 3616 1650 3637 ³

232 3710 361 3766 strongesr
415 3757 439 3800 a
1003 3704 1105 3767 lineas
1135 3715 1250 3769 rectas.
1308 3705 1413 3788 Quod
1444 3704 1556 3770 autem
1649 3712 1650 3751 l

1002 3830 1099 3891 super
1133 3828 1189 3871 eas
1226 3810 1269 3872 sit
1309 3809 1428 3873 melior
1464 3811 1557 3886 aeliu,

1001 3913 1081 3977 dicit
1092 3913 1291 3978 Aristoteles
1303 3916 1422 3996 quinto
1441 3916 1558 3997 Physi-

1001 4039 1113 4082 corum
1131 4029 1164 4082 et
1180 4020 1300 4101 probat
1320 4016 1412 4095 illud,
1424 4022 1559 4097 dicens3

1002 4133 1120 4185 natura
1132 4122 1288 4204 operatur
1299 4122 1442 4186 breviori
1458 4126 1559 4187 modo

1001 4245 1069 4306 quo
1084 4237 1204 4308 potest,
1219 4226 1284 4289 sed.
1296 4226 1382 4289 linea
1399 4240 1495 4321 recta
1511 4238 1559 4292 est

1001 4331 1194 4393 brevissima
1220 4332 1369 4393 omnium
1397 4330 1559 4396 linearum

622 4395 683 4444 Εἶθ’
695 4408 735 4459 97·
1002 4436 1177 4498 ductarum
1203 4436 1246 4497 ab
1277 4438 1396 4499 eodem
1432 4450 1560 4519 puncto

397 4541 439 4604 ad
468 4539 556 4603 aliud
584 4549 744 4623 punctum
768 4559 872 4602 unum
900 4549 933 4603 et
960 4539 1059 4617 idem,
1086 4548 1123 4602 ut
1153 4539 1222 4620 ipse
1252 4538 1373 4601 ibidem
1405 4540 1501 4616 dicit,
1528 4550 1561 4603 et

396 4653 490 4728 patet
504 4645 548 4707 ad
562 4645 677 4706 visum.
723 4642 774 4708 Ut
795 4643 822 4705 si
845 4643 888 4706 ab
910 4664 931 4706 a
949 4652 1073 4726 puncto
1097 4644 1237 4706 ducatur
1258 4642 1342 4706 linea
1363 4653 1457 4708 recta
1476 4648 1521 4710 ad
1542 4666 1561 4727 q
