<?xml version="1.0" encoding="UTF-8"?>
<!DOCTYPE html PUBLIC "-//W3C//DTD XHTML 1.0 Transitional//EN"
    "http://www.w3.org/TR/xhtml1/DTD/xhtml1-transitional.dtd">
<html xmlns="http://www.w3.org/1999/xhtml" xml:lang="en" lang="en">
 <head>
  <title>
</title>
<meta http-equiv="Content-Type" content="text/html;charset=utf-8" />
  <meta name='ocr-system' content='tesseract 3.04.00' />
  <meta name='ocr-capabilities' content='ocr_page ocr_carea ocr_par ocr_line ocrx_word'/>
</head>
<body>
  <div class='ocr_page' id='page_1' title='image "./opusmajusrogerb02bridgoog_0294.png"; bbox 0 0 3542 5359; ppageno 0'>
   <div class='ocr_carea' id='block_1_1' title="bbox 372 662 1380 746">
    <p class='ocr_par' dir='ltr' id='par_1_1' title="bbox 372 662 1380 746">
     <span class='ocr_line' id='line_1_1' title="bbox 372 662 1380 746; baseline 0.006 -26"><span class='ocrx_word' id='word_1_1' title='bbox 372 662 568 722; x_wconf 79' lang='lat' dir='ltr'><em>MORALIS</em></span> <span class='ocrx_word' id='word_1_2' title='bbox 591 662 886 740; x_wconf 81' lang='lat' dir='ltr'><em>PHILOSOPHIA</em></span> <span class='ocrx_word' id='word_1_3' title='bbox 901 686 912 722; x_wconf 94' lang='lat'>.·</span> <span class='ocrx_word' id='word_1_4' title='bbox 937 665 1053 725; x_wconf 81' lang='lat' dir='ltr'><em>PARS</em></span> <span class='ocrx_word' id='word_1_5' title='bbox 1080 666 1244 726; x_wconf 85' lang='lat' dir='ltr'><em>TERTIA.</em></span> <span class='ocrx_word' id='word_1_6' title='bbox 1319 683 1380 746; x_wconf 84' lang='lat'>275</span> 
     </span>
    </p>
   </div>
   <div class='ocr_carea' id='block_1_2' title="bbox 143 825 1380 3514">
    <p class='ocr_par' dir='ltr' id='par_1_2' title="bbox 143 825 1380 3514">
     <span class='ocr_line' id='line_1_2' title="bbox 226 825 1377 908; baseline 0.005 -22"><span class='ocrx_word' id='word_1_7' title='bbox 226 833 304 887; x_wconf 90' lang='lat' dir='ltr'>sunt</span> <span class='ocrx_word' id='word_1_8' title='bbox 333 825 496 908; x_wconf 89' lang='lat' dir='ltr'>permittit</span> <span class='ocrx_word' id='word_1_9' title='bbox 522 825 632 891; x_wconf 85' lang='lat' dir='ltr'>valere</span> <span class='ocrx_word' id='word_1_10' title='bbox 660 827 751 892; x_wconf 86' lang='lat' dir='ltr'>velut</span> <span class='ocrx_word' id='word_1_11' title='bbox 781 826 917 907; x_wconf 83' lang='lat' dir='ltr'>alienas,</span> <span class='ocrx_word' id='word_1_12' title='bbox 942 848 1111 893; x_wconf 84' lang='lat' dir='ltr'>exornans</span> <span class='ocrx_word' id='word_1_13' title='bbox 1136 830 1284 893; x_wconf 90' lang='lat' dir='ltr'>animum</span> <span class='ocrx_word' id='word_1_14' title='bbox 1311 850 1377 893; x_wconf 90' lang='lat' dir='ltr'>non</span> 
     </span>
     <span class='ocr_line' id='line_1_3' title="bbox 228 928 1378 1014; baseline 0.004 -22"><span class='ocrx_word' id='word_1_15' title='bbox 228 928 335 992; x_wconf 89' lang='lat' dir='ltr'>alieno</span> <span class='ocrx_word' id='word_1_16' title='bbox 358 930 419 993; x_wconf 89' lang='lat' dir='ltr'>sed</span> <span class='ocrx_word' id='word_1_17' title='bbox 443 930 495 994; x_wconf 84' lang='lat' dir='ltr'>sui</span> <span class='ocrx_word' id='word_1_18' title='bbox 521 931 624 1012; x_wconf 87' lang='lat' dir='ltr'>ipsius</span> <span class='ocrx_word' id='word_1_19' title='bbox 650 941 778 1004; x_wconf 82' lang='lat' dir='ltr'>ornatu,</span> <span class='ocrx_word' id='word_1_20' title='bbox 800 932 994 1010; x_wconf 84' lang='lat' dir='ltr'>sobrietate,</span> <span class='ocrx_word' id='word_1_21' title='bbox 1011 932 1151 1014; x_wconf 85' lang='lat' dir='ltr'>justitia,</span> <span class='ocrx_word' id='word_1_22' title='bbox 1173 931 1378 1008; x_wconf 80' lang='lat' dir='ltr'>fortitudine,</span> 
     </span>
     <span class='ocr_line' id='line_1_4' title="bbox 227 1032 1379 1120; baseline 0.006 -25"><span class='ocrx_word' id='word_1_23' title='bbox 227 1032 432 1108; x_wconf 81' lang='lat' dir='ltr'><strong>liberalitate,</strong></span> <span class='ocrx_word' id='word_1_24' title='bbox 458 1043 560 1115; x_wconf 89' lang='lat' dir='ltr'>atque</span> <span class='ocrx_word' id='word_1_25' title='bbox 588 1035 719 1100; x_wconf 84' lang='lat' dir='ltr'>virtute.</span> <span class='ocrx_word' id='word_1_26' title='bbox 765 1034 979 1120; x_wconf 76' lang='lat' dir='ltr'>Quapropter</span> <span class='ocrx_word' id='word_1_27' title='bbox 1008 1037 1137 1102; x_wconf 89' lang='lat' dir='ltr'>Tullius</span> <span class='ocrx_word' id='word_1_28' title='bbox 1165 1038 1200 1100; x_wconf 90' lang='lat' dir='ltr'>in</span> <span class='ocrx_word' id='word_1_29' title='bbox 1225 1038 1309 1101; x_wconf 92' lang='lat' dir='ltr'>libro</span> <span class='ocrx_word' id='word_1_30' title='bbox 1335 1040 1379 1102; x_wconf 92' lang='lat' dir='ltr'>de</span> 
     </span>
     <span class='ocr_line' id='line_1_5' title="bbox 228 1137 1377 1225; baseline 0.004 -26"><span class='ocrx_word' id='word_1_31' title='bbox 228 1137 486 1203; x_wconf 87' lang='lat' dir='ltr'>Immortalitate</span> <span class='ocrx_word' id='word_1_32' title='bbox 496 1139 642 1203; x_wconf 84' lang='lat' dir='ltr'>Animae</span> <span class='ocrx_word' id='word_1_33' title='bbox 657 1159 701 1203; x_wconf 87' lang='lat' dir='ltr'>ex</span> <span class='ocrx_word' id='word_1_34' title='bbox 714 1139 827 1203; x_wconf 87' lang='lat' dir='ltr'>multis</span> <span class='ocrx_word' id='word_1_35' title='bbox 841 1141 1011 1205; x_wconf 86' lang='lat' dir='ltr'>concludit</span> <span class='ocrx_word' id='word_1_36' title='bbox 1025 1142 1116 1225; x_wconf 90' lang='lat' dir='ltr'>quod</span> <span class='ocrx_word' id='word_1_37' title='bbox 1131 1146 1221 1206; x_wconf 86' lang='lat' dir='ltr'>‘tota</span> <span class='ocrx_word' id='word_1_38' title='bbox 1232 1141 1377 1224; x_wconf 66' lang='lat' dir='ltr'>philost&gt;</span> 
     </span>
     <span class='ocr_line' id='line_1_6' title="bbox 227 1231 1379 1329; baseline 0.003 -25"><span class='ocrx_word' id='word_1_39' title='bbox 227 1242 371 1324; x_wconf 90' lang='lat' dir='ltr'>phorum</span> <span class='ocrx_word' id='word_1_40' title='bbox 399 1231 469 1306; x_wconf 90' lang='lat' dir='ltr'>vita</span> <span class='ocrx_word' id='word_1_41' title='bbox 491 1244 730 1308; x_wconf 85' lang='lat' dir='ltr'>commentatio</span> <span class='ocrx_word' id='word_1_42' title='bbox 753 1245 870 1307; x_wconf 85' lang='lat' dir='ltr'>mortis</span> <span class='ocrx_word' id='word_1_43' title='bbox 891 1255 943 1310; x_wconf 88' lang='lat' dir='ltr'>est</span> <span class='ocrx_word' id='word_1_44' title='bbox 955 1242 985 1322; x_wconf 88' lang='lat'>’;</span> <span class='ocrx_word' id='word_1_45' title='bbox 1007 1266 1177 1309; x_wconf 76' lang='lat' dir='ltr'>secernere</span> <span class='ocrx_word' id='word_1_46' title='bbox 1197 1267 1219 1308; x_wconf 90' lang='lat' dir='ltr'>a</span> <span class='ocrx_word' id='word_1_47' title='bbox 1240 1266 1379 1329; x_wconf 91' lang='lat' dir='ltr'>corpore</span> 
     </span>
     <span class='ocr_line' id='line_1_7' title="bbox 227 1344 1378 1436; baseline 0.005 -28"><span class='ocrx_word' id='word_1_48' title='bbox 227 1346 375 1410; x_wconf 86' lang='lat' dir='ltr'>animum</span> <span class='ocrx_word' id='word_1_49' title='bbox 386 1345 409 1424; x_wconf 85' lang='lat'>¹,</span> <span class='ocrx_word' id='word_1_50' title='bbox 431 1347 549 1430; x_wconf 89' lang='lat' dir='ltr'>ecquid</span> <span class='ocrx_word' id='word_1_51' title='bbox 568 1347 659 1412; x_wconf 90' lang='lat' dir='ltr'>aliud</span> <span class='ocrx_word' id='word_1_52' title='bbox 674 1357 725 1412; x_wconf 88' lang='lat' dir='ltr'>est</span> <span class='ocrx_word' id='word_1_53' title='bbox 745 1369 846 1429; x_wconf 90' lang='lat' dir='ltr'>quarn</span> <span class='ocrx_word' id='word_1_54' title='bbox 867 1350 971 1412; x_wconf 91' lang='lat' dir='ltr'>emori</span> <span class='ocrx_word' id='word_1_55' title='bbox 987 1344 1168 1436; x_wconf 88' lang='lat' dir='ltr'>[discere]?</span> <span class='ocrx_word' id='word_1_56' title='bbox 1190 1361 1225 1414; x_wconf 92' lang='lat' dir='ltr'>et</span> <span class='ocrx_word' id='word_1_57' title='bbox 1239 1351 1316 1414; x_wconf 90' lang='lat' dir='ltr'>ideo</span> <span class='ocrx_word' id='word_1_58' title='bbox 1331 1351 1378 1414; x_wconf 90' lang='lat' dir='ltr'>in·-</span> 
     </span>
     <span class='ocr_line' id='line_1_8' title="bbox 227 1447 1378 1535; baseline 0.005 -24"><span class='ocrx_word' id='word_1_59' title='bbox 227 1447 297 1527; x_wconf 83' lang='lat' dir='ltr'>lert,</span> <span class='ocrx_word' id='word_1_60' title='bbox 313 1454 320 1482; x_wconf 90' lang='lat'>‘</span> <span class='ocrx_word' id='word_1_61' title='bbox 334 1449 587 1532; x_wconf 86' lang='lat' dir='ltr'>Distinguamus</span> <span class='ocrx_word' id='word_1_62' title='bbox 608 1472 688 1534; x_wconf 85' lang='lat' dir='ltr'>ergo</span> <span class='ocrx_word' id='word_1_63' title='bbox 711 1471 771 1515; x_wconf 86' lang='lat' dir='ltr'>nos</span> <span class='ocrx_word' id='word_1_64' title='bbox 789 1474 810 1516; x_wconf 87' lang='lat' dir='ltr'>a</span> <span class='ocrx_word' id='word_1_65' title='bbox 827 1454 1031 1535; x_wconf 86' lang='lat' dir='ltr'>corporibus,</span> <span class='ocrx_word' id='word_1_66' title='bbox 1057 1454 1091 1516; x_wconf 91' lang='lat' dir='ltr'>id</span> <span class='ocrx_word' id='word_1_67' title='bbox 1113 1463 1164 1516; x_wconf 91' lang='lat' dir='ltr'>est</span> <span class='ocrx_word' id='word_1_68' title='bbox 1186 1473 1378 1518; x_wconf 88' lang='lat' dir='ltr'>consuesca-</span> 
     </span>
     <span class='ocr_line' id='line_1_9' title="bbox 228 1551 1378 1626; baseline 0.004 -11"><span class='ocrx_word' id='word_1_69' title='bbox 228 1571 301 1616; x_wconf 88' lang='lat' dir='ltr'>mus</span> <span class='ocrx_word' id='word_1_70' title='bbox 317 1551 412 1626; x_wconf 81' lang='lat' dir='ltr'>mo&#39;ri,</span> <span class='ocrx_word' id='word_1_71' title='bbox 426 1563 461 1616; x_wconf 94' lang='lat' dir='ltr'>et</span> <span class='ocrx_word' id='word_1_72' title='bbox 480 1555 528 1617; x_wconf 91' lang='lat' dir='ltr'>sic</span> <span class='ocrx_word' id='word_1_73' title='bbox 543 1555 624 1618; x_wconf 90' lang='lat' dir='ltr'>dum</span> <span class='ocrx_word' id='word_1_74' title='bbox 640 1555 763 1619; x_wconf 89' lang='lat' dir='ltr'>erimus</span> <span class='ocrx_word' id='word_1_75' title='bbox 779 1557 812 1618; x_wconf 92' lang='lat' dir='ltr'>in</span> <span class='ocrx_word' id='word_1_76' title='bbox 827 1556 923 1620; x_wconf 88' lang='lat' dir='ltr'>terris</span> <span class='ocrx_word' id='word_1_77' title='bbox 941 1557 1063 1620; x_wconf 88' lang='lat' dir='ltr'>erimus</span> <span class='ocrx_word' id='word_1_78' title='bbox 1078 1556 1125 1619; x_wconf 92' lang='lat' dir='ltr'>illi</span> <span class='ocrx_word' id='word_1_79' title='bbox 1140 1558 1274 1620; x_wconf 86' lang='lat' dir='ltr'>coelesti</span> <span class='ocrx_word' id='word_1_80' title='bbox 1290 1559 1378 1621; x_wconf 87' lang='lat' dir='ltr'>vitae</span> 
     </span>
     <span class='ocr_line' id='line_1_10' title="bbox 226 1656 1379 1742; baseline 0.001 -21"><span class='ocrx_word' id='word_1_81' title='bbox 226 1656 359 1734; x_wconf 76' lang='lat' dir='ltr'>similes,</span> <span class='ocrx_word' id='word_1_82' title='bbox 374 1667 499 1722; x_wconf 86' lang='lat' dir='ltr'>etcum</span> <span class='ocrx_word' id='word_1_83' title='bbox 516 1656 593 1720; x_wconf 89' lang='lat' dir='ltr'>illuc</span> <span class='ocrx_word' id='word_1_84' title='bbox 609 1677 654 1720; x_wconf 87' lang='lat' dir='ltr'>ex</span> <span class='ocrx_word' id='word_1_85' title='bbox 669 1657 720 1721; x_wconf 85' lang='lat' dir='ltr'>his</span> <span class='ocrx_word' id='word_1_86' title='bbox 735 1659 873 1722; x_wconf 90' lang='lat' dir='ltr'>vinculis</span> <span class='ocrx_word' id='word_1_87' title='bbox 889 1658 1054 1723; x_wconf 76' lang='lat' dir='ltr'>feremur.</span> <span class='ocrx_word' id='word_1_88' title='bbox 1079 1704 1087 1721; x_wconf 91' lang='lat'>.</span> <span class='ocrx_word' id='word_1_89' title='bbox 1107 1706 1116 1722; x_wconf 92' lang='lat'>.</span> <span class='ocrx_word' id='word_1_90' title='bbox 1140 1669 1219 1724; x_wconf 91' lang='lat' dir='ltr'>tunc</span> <span class='ocrx_word' id='word_1_91' title='bbox 1236 1660 1379 1742; x_wconf 87' lang='lat' dir='ltr'>denique</span> 
     </span>
     <span class='ocr_line' id='line_1_11' title="bbox 226 1759 1378 1845; baseline 0.003 -21"><span class='ocrx_word' id='word_1_92' title='bbox 226 1759 395 1830; x_wconf 65' lang='lat' dir='ltr'>vivemus!</span> <span class='ocrx_word' id='word_1_93' title='bbox 428 1761 461 1825; x_wconf 94' lang='lat' dir='ltr'>N</span> <span class='ocrx_word' id='word_1_94' title='bbox 463 1781 518 1824; x_wconf 91' lang='lat' dir='ltr'>am</span> <span class='ocrx_word' id='word_1_95' title='bbox 537 1760 637 1826; x_wconf 88' lang='lat' dir='ltr'>‘haec</span> <span class='ocrx_word' id='word_1_96' title='bbox 651 1762 787 1845; x_wconf 90' lang='lat' dir='ltr'>quidem</span> <span class='ocrx_word' id='word_1_97' title='bbox 802 1764 872 1827; x_wconf 89' lang='lat' dir='ltr'>vita</span> <span class='ocrx_word' id='word_1_98' title='bbox 887 1783 977 1828; x_wconf 90' lang='lat' dir='ltr'>mors</span> <span class='ocrx_word' id='word_1_99' title='bbox 991 1761 1061 1840; x_wconf 60' lang='grc' dir='ltr'>αἲξ</span> <span class='ocrx_word' id='word_1_100' title='bbox 1076 1774 1114 1828; x_wconf 90' lang='lat' dir='ltr'>ut</span> <span class='ocrx_word' id='word_1_101' title='bbox 1129 1764 1202 1845; x_wconf 87' lang='lat' dir='ltr'>ipse</span> <span class='ocrx_word' id='word_1_102' title='bbox 1217 1764 1296 1827; x_wconf 87' lang='lat' dir='ltr'>dicit</span> <span class='ocrx_word' id='word_1_103' title='bbox 1310 1763 1378 1828; x_wconf 90' lang='lat' dir='ltr'>ele·</span> 
     </span>
     <span class='ocr_line' id='line_1_12' title="bbox 226 1865 1378 1951; baseline 0.003 -23"><span class='ocrx_word' id='word_1_104' title='bbox 226 1875 353 1947; x_wconf 81' lang='lat' dir='ltr'>gauter.</span> <span class='ocrx_word' id='word_1_105' title='bbox 399 1866 444 1930; x_wconf 89' lang='lat' dir='ltr'>Et</span> <span class='ocrx_word' id='word_1_106' title='bbox 460 1865 587 1930; x_wconf 85' lang='lat' dir='ltr'>Seneca</span> <span class='ocrx_word' id='word_1_107' title='bbox 607 1867 650 1930; x_wconf 91' lang='lat' dir='ltr'>ad</span> <span class='ocrx_word' id='word_1_108' title='bbox 673 1866 832 1931; x_wconf 82' lang='lat' dir='ltr'>Marciam</span> <span class='ocrx_word' id='word_1_109' title='bbox 850 1866 1074 1951; x_wconf 75' lang='lat' dir='ltr'>‘Nunquam&#39;</span> <span class='ocrx_word' id='word_1_110' title='bbox 1088 1868 1218 1950; x_wconf 86' lang='lat' dir='ltr'>magnis</span> <span class='ocrx_word' id='word_1_111' title='bbox 1239 1868 1378 1950; x_wconf 86' lang='lat' dir='ltr'>ingeniis</span> 
     </span>
     <span class='ocr_line' id='line_1_13' title="bbox 227 1971 1379 2056; baseline 0.003 -22"><span class='ocrx_word' id='word_1_112' title='bbox 227 1989 302 2034; x_wconf 87' lang='lat' dir='ltr'>cara</span> <span class='ocrx_word' id='word_1_113' title='bbox 325 1971 520 2056; x_wconf 89' lang='lat' dir='ltr'>incorpore</span> <span class='ocrx_word' id='word_1_114' title='bbox 542 1993 635 2036; x_wconf 88' lang='lat' dir='ltr'>mora</span> <span class='ocrx_word' id='word_1_115' title='bbox 657 1983 727 2049; x_wconf 71' lang='lat' dir='ltr'>est;</span> <span class='ocrx_word' id='word_1_116' title='bbox 757 1973 850 2036; x_wconf 88' lang='lat' dir='ltr'>exire</span> <span class='ocrx_word' id='word_1_117' title='bbox 879 1983 981 2056; x_wconf 85' lang='lat' dir='ltr'>atque</span> <span class='ocrx_word' id='word_1_118' title='bbox 1009 1993 1182 2056; x_wconf 88' lang='lat' dir='ltr'>erumpere</span> <span class='ocrx_word' id='word_1_119' title='bbox 1211 1975 1379 2056; x_wconf 83' lang='lat' dir='ltr'>gestiunt3</span> 
     </span>
     <span class='ocr_line' id='line_1_14' title="bbox 226 2074 1378 2162; baseline 0.003 -25"><span class='ocrx_word' id='word_1_120' title='bbox 226 2094 325 2158; x_wconf 83' lang='lat' dir='ltr'>aegre</span> <span class='ocrx_word' id='word_1_121' title='bbox 354 2074 415 2138; x_wconf 88' lang='lat' dir='ltr'>has</span> <span class='ocrx_word' id='word_1_122' title='bbox 438 2077 611 2158; x_wconf 84' lang='lat' dir='ltr'>angustias</span> <span class='ocrx_word' id='word_1_123' title='bbox 638 2075 758 2154; x_wconf 91' lang='lat' dir='ltr'>serunt,</span> <span class='ocrx_word' id='word_1_124' title='bbox 780 2077 855 2158; x_wconf 88' lang='lat' dir='ltr'>vagi</span> <span class='ocrx_word' id='word_1_125' title='bbox 881 2097 942 2162; x_wconf 91' lang='lat' dir='ltr'>per</span> <span class='ocrx_word' id='word_1_126' title='bbox 966 2097 1078 2155; x_wconf 87' lang='lat' dir='ltr'>omne,</span> <span class='ocrx_word' id='word_1_127' title='bbox 1098 2077 1258 2141; x_wconf 79' lang='lat' dir='ltr'>sublimes</span> <span class='ocrx_word' id='word_1_128' title='bbox 1277 2088 1312 2141; x_wconf 90' lang='lat' dir='ltr'>et</span> <span class='ocrx_word' id='word_1_129' title='bbox 1334 2097 1378 2140; x_wconf 85' lang='lat' dir='ltr'>ex</span> 
     </span>
     <span class='ocr_line' id='line_1_15' title="bbox 226 2178 1379 2264; baseline 0.001 -21"><span class='ocrx_word' id='word_1_130' title='bbox 226 2178 296 2243; x_wconf 88' lang='lat' dir='ltr'>alto</span> <span class='ocrx_word' id='word_1_131' title='bbox 320 2181 442 2244; x_wconf 85' lang='lat' dir='ltr'>assueti</span> <span class='ocrx_word' id='word_1_132' title='bbox 466 2180 612 2244; x_wconf 89' lang='lat' dir='ltr'>humana</span> <span class='ocrx_word' id='word_1_133' title='bbox 634 2179 814 2264; x_wconf 86' lang='lat' dir='ltr'>despicere.</span> <span class='ocrx_word' id='word_1_134' title='bbox 862 2182 946 2246; x_wconf 91' lang='lat' dir='ltr'>lnde</span> <span class='ocrx_word' id='word_1_135' title='bbox 965 2192 1016 2245; x_wconf 85' lang='lat' dir='ltr'>est</span> <span class='ocrx_word' id='word_1_136' title='bbox 1031 2182 1121 2263; x_wconf 90' lang='lat' dir='ltr'>quod</span> <span class='ocrx_word' id='word_1_137' title='bbox 1139 2181 1235 2245; x_wconf 87' lang='lat' dir='ltr'>Plato</span> <span class='ocrx_word' id='word_1_138' title='bbox 1255 2181 1379 2244; x_wconf 88' lang='lat' dir='ltr'>clamat</span> 
     </span>
     <span class='ocr_line' id='line_1_16' title="bbox 143 2283 1380 2368; baseline 0.001 -22"><span class='ocrx_word' id='word_1_139' title='bbox 143 2320 148 2327; x_wconf 92' lang='lat'><strong>·</strong></span> <span class='ocrx_word' id='word_1_140' title='bbox 226 2283 386 2368; x_wconf 88' lang='lat' dir='ltr'>sapientis</span> <span class='ocrx_word' id='word_1_141' title='bbox 416 2284 565 2347; x_wconf 89' lang='lat' dir='ltr'>animum</span> <span class='ocrx_word' id='word_1_142' title='bbox 592 2293 702 2349; x_wconf 89' lang='lat' dir='ltr'>totum</span> <span class='ocrx_word' id='word_1_143' title='bbox 730 2285 764 2348; x_wconf 91' lang='lat' dir='ltr'>in</span> <span class='ocrx_word' id='word_1_144' title='bbox 792 2295 934 2348; x_wconf 89' lang='lat' dir='ltr'>mortem</span> <span class='ocrx_word' id='word_1_145' title='bbox 964 2286 1160 2366; x_wconf 86' lang='lat' dir='ltr'>prominere,</span> <span class='ocrx_word' id='word_1_146' title='bbox 1190 2284 1254 2348; x_wconf 89' lang='lat' dir='ltr'>hoc</span> <span class='ocrx_word' id='word_1_147' title='bbox 1283 2283 1380 2360; x_wconf 88' lang='lat' dir='ltr'>velle,</span> 
     </span>
     <span class='ocr_line' id='line_1_17' title="bbox 226 2386 1378 2473; baseline -0.002 -20"><span class='ocrx_word' id='word_1_148' title='bbox 226 2388 290 2453; x_wconf 93' lang='lat' dir='ltr'>hoc</span> <span class='ocrx_word' id='word_1_149' title='bbox 320 2388 484 2467; x_wconf 89' lang='lat' dir='ltr'>meditari,</span> <span class='ocrx_word' id='word_1_150' title='bbox 513 2388 575 2452; x_wconf 80' lang='lat' dir='ltr'>hac</span> <span class='ocrx_word' id='word_1_151' title='bbox 604 2407 736 2472; x_wconf 84' lang='lat' dir='ltr'>semper</span> <span class='ocrx_word' id='word_1_152' title='bbox 765 2389 949 2473; x_wconf 89' lang='lat' dir='ltr'>cupiditate</span> <span class='ocrx_word' id='word_1_153' title='bbox 978 2386 1075 2453; x_wconf 65' lang='lat' dir='ltr'>ferri?</span> <span class='ocrx_word' id='word_1_154' title='bbox 1134 2389 1251 2453; x_wconf 86' lang='lat' dir='ltr'>‘Haec</span> <span class='ocrx_word' id='word_1_155' title='bbox 1290 2408 1378 2471; x_wconf 91' lang='lat' dir='ltr'>quae</span> 
     </span>
     <span class='ocr_line' id='line_1_18' title="bbox 226 2491 1379 2575; baseline 0.001 -20"><span class='ocrx_word' id='word_1_156' title='bbox 226 2491 320 2556; x_wconf 86' lang='lat' dir='ltr'>vides</span> <span class='ocrx_word' id='word_1_157' title='bbox 343 2492 429 2556; x_wconf 91' lang='lat' dir='ltr'>circa</span> <span class='ocrx_word' id='word_1_158' title='bbox 452 2512 524 2572; x_wconf 90' lang='lat' dir='ltr'>nos,</span> <span class='ocrx_word' id='word_1_159' title='bbox 546 2512 622 2556; x_wconf 87' lang='lat' dir='ltr'>ossa</span> <span class='ocrx_word' id='word_1_160' title='bbox 648 2511 766 2557; x_wconf 87' lang='lat' dir='ltr'>nervos</span> <span class='ocrx_word' id='word_1_161' title='bbox 788 2503 822 2556; x_wconf 91' lang='lat' dir='ltr'>et</span> <span class='ocrx_word' id='word_1_162' title='bbox 843 2492 1025 2558; x_wconf 87' lang='lat' dir='ltr'>obductam</span> <span class='ocrx_word' id='word_1_163' title='bbox 1047 2503 1159 2558; x_wconf 89' lang='lat' dir='ltr'>cutem</span> <span class='ocrx_word' id='word_1_164' title='bbox 1181 2492 1379 2575; x_wconf 90' lang='lat' dir='ltr'>vultumque</span> 
     </span>
     <span class='ocr_line' id='line_1_19' title="bbox 227 2595 1379 2679; baseline 0.001 -20"><span class='ocrx_word' id='word_1_165' title='bbox 227 2606 261 2659; x_wconf 88' lang='lat' dir='ltr'>et</span> <span class='ocrx_word' id='word_1_166' title='bbox 276 2595 445 2660; x_wconf 84' lang='lat' dir='ltr'>ministras</span> <span class='ocrx_word' id='word_1_167' title='bbox 459 2615 589 2674; x_wconf 86' lang='lat' dir='ltr'>manus,</span> <span class='ocrx_word' id='word_1_168' title='bbox 606 2605 641 2660; x_wconf 91' lang='lat' dir='ltr'>et</span> <span class='ocrx_word' id='word_1_169' title='bbox 655 2606 786 2661; x_wconf 85' lang='lat' dir='ltr'>caetera</span> <span class='ocrx_word' id='word_1_170' title='bbox 805 2597 927 2679; x_wconf 92' lang='lat' dir='ltr'>quibus</span> <span class='ocrx_word' id='word_1_171' title='bbox 946 2596 1087 2661; x_wconf 89' lang='lat' dir='ltr'>involuti</span> <span class='ocrx_word' id='word_1_172' title='bbox 1107 2617 1232 2671; x_wconf 88' lang='lat' dir='ltr'>sumus,</span> <span class='ocrx_word' id='word_1_173' title='bbox 1247 2597 1379 2661; x_wconf 88' lang='lat' dir='ltr'>vincula</span> 
     </span>
     <span class='ocr_line' id='line_1_20' title="bbox 226 2699 1378 2783; baseline -0.002 -19"><span class='ocrx_word' id='word_1_174' title='bbox 226 2699 416 2764; x_wconf 83' lang='lat' dir='ltr'>animorum</span> <span class='ocrx_word' id='word_1_175' title='bbox 434 2709 469 2764; x_wconf 92' lang='lat' dir='ltr'>et</span> <span class='ocrx_word' id='word_1_176' title='bbox 486 2699 645 2765; x_wconf 88' lang='lat' dir='ltr'>tenebrae</span> <span class='ocrx_word' id='word_1_177' title='bbox 667 2711 765 2778; x_wconf 89' lang='lat' dir='ltr'>sunt;</span> <span class='ocrx_word' id='word_1_178' title='bbox 792 2700 944 2764; x_wconf 86' lang='lat' dir='ltr'>obruitur</span> <span class='ocrx_word' id='word_1_179' title='bbox 966 2701 1019 2764; x_wconf 90' lang='lat' dir='ltr'>his</span> <span class='ocrx_word' id='word_1_180' title='bbox 1039 2700 1181 2777; x_wconf 88' lang='lat' dir='ltr'>animus,</span> <span class='ocrx_word' id='word_1_181' title='bbox 1204 2700 1378 2783; x_wconf 83' lang='lat' dir='ltr'>effugatur,</span> 
     </span>
     <span class='ocr_line' id='line_1_21' title="bbox 226 2803 1377 2885; baseline -0.001 -18"><span class='ocrx_word' id='word_1_182' title='bbox 226 2803 381 2882; x_wconf 87' lang='lat' dir='ltr'>inficitur,</span> <span class='ocrx_word' id='word_1_183' title='bbox 394 2815 524 2869; x_wconf 84' lang='lat' dir='ltr'>arcetur</span> <span class='ocrx_word' id='word_1_184' title='bbox 538 2825 558 2868; x_wconf 92' lang='lat' dir='ltr'>a</span> <span class='ocrx_word' id='word_1_185' title='bbox 573 2805 659 2869; x_wconf 85' lang='lat' dir='ltr'>veris</span> <span class='ocrx_word' id='word_1_186' title='bbox 675 2813 708 2868; x_wconf 90' lang='lat' dir='ltr'>et</span> <span class='ocrx_word' id='word_1_187' title='bbox 724 2826 744 2869; x_wconf 89' lang='lat' dir='ltr'>a</span> <span class='ocrx_word' id='word_1_188' title='bbox 759 2803 828 2867; x_wconf 91' lang='lat' dir='ltr'>suis</span> <span class='ocrx_word' id='word_1_189' title='bbox 844 2805 877 2868; x_wconf 88' lang='lat' dir='ltr'>in</span> <span class='ocrx_word' id='word_1_190' title='bbox 894 2803 978 2868; x_wconf 84' lang='lat' dir='ltr'>salsa</span> <span class='ocrx_word' id='word_1_191' title='bbox 994 2803 1166 2885; x_wconf 89' lang='lat' dir='ltr'>conjectus</span> <span class='ocrx_word' id='word_1_192' title='bbox 1174 2829 1184 2880; x_wconf 88' lang='lat'>;</span> <span class='ocrx_word' id='word_1_193' title='bbox 1209 2823 1309 2869; x_wconf 90' lang='lat' dir='ltr'>omne</span> <span class='ocrx_word' id='word_1_194' title='bbox 1330 2804 1377 2866; x_wconf 92' lang='lat' dir='ltr'>illi</span> 
     </span>
     <span class='ocr_line' id='line_1_22' title="bbox 225 2907 1378 2992; baseline -0.003 -18"><span class='ocrx_word' id='word_1_195' title='bbox 225 2929 301 2974; x_wconf 87' lang='lat' dir='ltr'>cum</span> <span class='ocrx_word' id='word_1_196' title='bbox 322 2909 385 2972; x_wconf 87' lang='lat' dir='ltr'>hac</span> <span class='ocrx_word' id='word_1_197' title='bbox 404 2908 498 2992; x_wconf 85' lang='lat' dir='ltr'>gravi</span> <span class='ocrx_word' id='word_1_198' title='bbox 520 2929 619 2973; x_wconf 90' lang='lat' dir='ltr'>carne</span> <span class='ocrx_word' id='word_1_199' title='bbox 637 2919 804 2973; x_wconf 88' lang='lat' dir='ltr'>certamen</span> <span class='ocrx_word' id='word_1_200' title='bbox 818 2917 888 2971; x_wconf 88' lang='lat' dir='ltr'>est:</span> <span class='ocrx_word' id='word_1_201' title='bbox 913 2908 1030 2972; x_wconf 92' lang='lat' dir='ltr'>nititur</span> <span class='ocrx_word' id='word_1_202' title='bbox 1046 2908 1104 2971; x_wconf 94' lang='lat' dir='ltr'>illo</span> <span class='ocrx_word' id='word_1_203' title='bbox 1120 2909 1205 2971; x_wconf 92' lang='lat' dir='ltr'>unde</span> <span class='ocrx_word' id='word_1_204' title='bbox 1220 2907 1378 2971; x_wconf 88' lang='lat' dir='ltr'>dimissus</span> 
     </span>
     <span class='ocr_line' id='line_1_23' title="bbox 226 3009 1378 3095; baseline -0.003 -18"><span class='ocrx_word' id='word_1_205' title='bbox 226 3023 287 3090; x_wconf 86' lang='lat' dir='ltr'>est,</span> <span class='ocrx_word' id='word_1_206' title='bbox 303 3013 349 3077; x_wconf 91' lang='lat' dir='ltr'>ibi</span> <span class='ocrx_word' id='word_1_207' title='bbox 371 3013 465 3077; x_wconf 91' lang='lat' dir='ltr'>illum</span> <span class='ocrx_word' id='word_1_208' title='bbox 482 3025 597 3078; x_wconf 89' lang='lat' dir='ltr'>eterna</span> <span class='ocrx_word' id='word_1_209' title='bbox 619 3012 749 3095; x_wconf 88' lang='lat' dir='ltr'>requies</span> <span class='ocrx_word' id='word_1_210' title='bbox 772 3009 904 3077; x_wconf 64' lang='lat' dir='ltr'>manet.⁹</span> <span class='ocrx_word' id='word_1_211' title='bbox 951 3012 997 3076; x_wconf 90' lang='lat' dir='ltr'>Et</span> <span class='ocrx_word' id='word_1_212' title='bbox 1013 3013 1092 3077; x_wconf 91' lang='lat' dir='ltr'>ideo</span> <span class='ocrx_word' id='word_1_213' title='bbox 1105 3012 1188 3077; x_wconf 91' lang='lat' dir='ltr'>dicit</span> <span class='ocrx_word' id='word_1_214' title='bbox 1203 3012 1378 3076; x_wconf 87' lang='lat' dir='ltr'>Avicenna</span> 
     </span>
     <span class='ocr_line' id='line_1_24' title="bbox 225 3115 1378 3199; baseline 0.002 -20"><span class='ocrx_word' id='word_1_215' title='bbox 225 3115 260 3179; x_wconf 88' lang='lat' dir='ltr'>in</span> <span class='ocrx_word' id='word_1_216' title='bbox 273 3116 466 3198; x_wconf 70' lang='lat' dir='ltr'>Montibus,</span> <span class='ocrx_word' id='word_1_217' title='bbox 477 3121 485 3148; x_wconf 88' lang='lat'>‘</span> <span class='ocrx_word' id='word_1_218' title='bbox 497 3117 575 3181; x_wconf 95' lang='lat' dir='ltr'>Non</span> <span class='ocrx_word' id='word_1_219' title='bbox 588 3117 785 3182; x_wconf 89' lang='lat' dir='ltr'>liberabitur</span> <span class='ocrx_word' id='word_1_220' title='bbox 799 3118 901 3182; x_wconf 89' lang='lat' dir='ltr'>homo</span> <span class='ocrx_word' id='word_1_221' title='bbox 917 3119 961 3182; x_wconf 94' lang='lat' dir='ltr'>ab</span> <span class='ocrx_word' id='word_1_222' title='bbox 976 3118 1042 3183; x_wconf 88' lang='lat' dir='ltr'>boc</span> <span class='ocrx_word' id='word_1_223' title='bbox 1057 3119 1184 3181; x_wconf 88' lang='lat' dir='ltr'>mundo</span> <span class='ocrx_word' id='word_1_224' title='bbox 1199 3127 1233 3182; x_wconf 90' lang='lat' dir='ltr'>et</span> <span class='ocrx_word' id='word_1_225' title='bbox 1247 3117 1292 3181; x_wconf 89' lang='lat' dir='ltr'>ab</span> <span class='ocrx_word' id='word_1_226' title='bbox 1305 3117 1378 3199; x_wconf 82' lang='lat' dir='ltr'>ejus</span> 
     </span>
     <span class='ocr_line' id='line_1_25' title="bbox 225 3221 1378 3306; baseline 0.003 -22"><span class='ocrx_word' id='word_1_227' title='bbox 225 3221 389 3286; x_wconf 87' lang='lat' dir='ltr'>illecebris</span> <span class='ocrx_word' id='word_1_228' title='bbox 409 3221 472 3284; x_wconf 84' lang='lat' dir='ltr'>nisi</span> <span class='ocrx_word' id='word_1_229' title='bbox 492 3233 669 3305; x_wconf 80' lang='lat' dir='ltr'>postquam</span> <span class='ocrx_word' id='word_1_230' title='bbox 689 3223 792 3286; x_wconf 91' lang='lat' dir='ltr'>homo</span> <span class='ocrx_word' id='word_1_231' title='bbox 811 3232 903 3288; x_wconf 90' lang='lat' dir='ltr'>totus</span> <span class='ocrx_word' id='word_1_232' title='bbox 917 3243 1096 3306; x_wconf 89' lang='lat' dir='ltr'>suspensus</span> <span class='ocrx_word' id='word_1_233' title='bbox 1114 3222 1233 3287; x_wconf 89' lang='lat' dir='ltr'>abillo</span> <span class='ocrx_word' id='word_1_234' title='bbox 1252 3224 1378 3287; x_wconf 91' lang='lat' dir='ltr'>mundo</span> 
     </span>
     <span class='ocr_line' id='line_1_26' title="bbox 224 3325 1378 3410; baseline 0 -20"><span class='ocrx_word' id='word_1_235' title='bbox 224 3325 339 3390; x_wconf 86' lang='lat' dir='ltr'>celesti</span> <span class='ocrx_word' id='word_1_236' title='bbox 361 3326 527 3390; x_wconf 87' lang='lat' dir='ltr'>desideret</span> <span class='ocrx_word' id='word_1_237' title='bbox 553 3327 587 3390; x_wconf 93' lang='lat' dir='ltr'>id</span> <span class='ocrx_word' id='word_1_238' title='bbox 613 3327 704 3410; x_wconf 90' lang='lat' dir='ltr'>quod</span> <span class='ocrx_word' id='word_1_239' title='bbox 731 3337 782 3390; x_wconf 87' lang='lat' dir='ltr'>est</span> <span class='ocrx_word' id='word_1_240' title='bbox 806 3326 862 3401; x_wconf 90' lang='lat' dir='ltr'>ibi,</span> <span class='ocrx_word' id='word_1_241' title='bbox 882 3336 917 3391; x_wconf 94' lang='lat' dir='ltr'>et</span> <span class='ocrx_word' id='word_1_242' title='bbox 939 3347 1034 3392; x_wconf 89' lang='lat' dir='ltr'>amor</span> <span class='ocrx_word' id='word_1_243' title='bbox 1055 3347 1170 3390; x_wconf 89' lang='lat' dir='ltr'>eorum</span> <span class='ocrx_word' id='word_1_244' title='bbox 1192 3346 1279 3409; x_wconf 91' lang='lat' dir='ltr'>quae</span> <span class='ocrx_word' id='word_1_245' title='bbox 1301 3337 1378 3390; x_wconf 89' lang='lat' dir='ltr'>sunt</span> 
     </span>
     <span class='ocr_line' id='line_1_27' title="bbox 227 3429 1378 3514; baseline -0.002 -20"><span class='ocrx_word' id='word_1_246' title='bbox 227 3429 272 3494; x_wconf 91' lang='lat' dir='ltr'>ibi</span> <span class='ocrx_word' id='word_1_247' title='bbox 299 3441 468 3496; x_wconf 87' lang='lat' dir='ltr'>removeat</span> <span class='ocrx_word' id='word_1_248' title='bbox 494 3451 570 3495; x_wconf 92' lang='lat' dir='ltr'>eum</span> <span class='ocrx_word' id='word_1_249' title='bbox 593 3431 730 3496; x_wconf 92' lang='lat' dir='ltr'>omnino</span> <span class='ocrx_word' id='word_1_250' title='bbox 760 3452 780 3495; x_wconf 92' lang='lat' dir='ltr'>a</span> <span class='ocrx_word' id='word_1_251' title='bbox 809 3430 1074 3495; x_wconf 89' lang='lat' dir='ltr'>consideratione</span> <span class='ocrx_word' id='word_1_252' title='bbox 1102 3430 1175 3512; x_wconf 87' lang='lat' dir='ltr'>ejus</span> <span class='ocrx_word' id='word_1_253' title='bbox 1205 3431 1296 3514; x_wconf 88' lang='lat' dir='ltr'>quod</span> <span class='ocrx_word' id='word_1_254' title='bbox 1326 3439 1378 3493; x_wconf 86' lang='lat' dir='ltr'>est</span> 
     </span>
    </p>
   </div>
   <div class='ocr_carea' id='block_1_3' title="bbox 227 3531 405 3618">
    <p class='ocr_par' dir='ltr' id='par_1_3' title="bbox 227 3531 405 3618">
     <span class='ocr_line' id='line_1_28' title="bbox 227 3531 405 3618; baseline 0 -18"><span class='ocrx_word' id='word_1_255' title='bbox 227 3545 304 3618; x_wconf 83' lang='lat' dir='ltr'>post</span> <span class='ocrx_word' id='word_1_256' title='bbox 328 3531 405 3600; x_wconf 86' lang='lat' dir='ltr'>se³.&#39;</span> 
     </span>
    </p>
   </div>
   <div class='ocr_carea' id='block_1_4' title="bbox 640 3765 969 3834">
    <p class='ocr_par' dir='ltr' id='par_1_4' title="bbox 640 3765 969 3834">
     <span class='ocr_line' id='line_1_29' title="bbox 640 3765 969 3834; baseline -0.006 -2"><span class='ocrx_word' id='word_1_257' title='bbox 640 3767 865 3834; x_wconf 73' lang='lat' dir='ltr'>Cnmrutun</span> <span class='ocrx_word' id='word_1_258' title='bbox 889 3765 969 3831; x_wconf 89' lang='lat' dir='ltr'>v1⁴.</span> 
     </span>
    </p>
   </div>
   <div class='ocr_carea' id='block_1_5' title="bbox 226 3929 1541 4118">
    <p class='ocr_par' dir='ltr' id='par_1_5' title="bbox 226 3929 1541 4118">
     <span class='ocr_line' id='line_1_30' title="bbox 271 3929 1541 4049; baseline -0.003 -53"><span class='ocrx_word' id='word_1_259' title='bbox 271 3931 409 3996; x_wconf 90' lang='lat' dir='ltr'>Dictum</span> <span class='ocrx_word' id='word_1_260' title='bbox 425 3943 476 3996; x_wconf 89' lang='lat' dir='ltr'>est</span> <span class='ocrx_word' id='word_1_261' title='bbox 491 3933 534 3996; x_wconf 90' lang='lat' dir='ltr'>de</span> <span class='ocrx_word' id='word_1_262' title='bbox 549 3933 726 4015; x_wconf 86' lang='lat' dir='ltr'>prosperis,</span> <span class='ocrx_word' id='word_1_263' title='bbox 744 3944 778 3997; x_wconf 91' lang='lat' dir='ltr'>et</span> <span class='ocrx_word' id='word_1_264' title='bbox 793 3933 964 4015; x_wconf 89' lang='lat' dir='ltr'>quomodo</span> <span class='ocrx_word' id='word_1_265' title='bbox 987 3939 1124 4015; x_wconf 86' lang='lat' dir='ltr'>peccata</span> <span class='ocrx_word' id='word_1_266' title='bbox 1140 3950 1202 3993; x_wconf 88' lang='lat' dir='ltr'>sex</span> <span class='ocrx_word' id='word_1_267' title='bbox 1226 3929 1380 3994; x_wconf 88' lang='lat' dir='ltr'>mortalia</span> <span class='ocrx_word' id='word_1_268' title='bbox 1390 3934 1541 4049; x_wconf 45' lang='lat' dir='ltr'>3252ng</span> 
     </span>
     <span class='ocr_line' id='line_1_31' title="bbox 226 4033 1538 4118; baseline -0.005 -19"><span class='ocrx_word' id='word_1_269' title='bbox 226 4037 414 4100; x_wconf 90' lang='lat' dir='ltr'>nutriuntur</span> <span class='ocrx_word' id='word_1_270' title='bbox 434 4056 494 4118; x_wconf 92' lang='lat' dir='ltr'>per</span> <span class='ocrx_word' id='word_1_271' title='bbox 516 4057 564 4100; x_wconf 91' lang='lat' dir='ltr'>ea.</span> <span class='ocrx_word' id='word_1_272' title='bbox 612 4037 709 4101; x_wconf 94' lang='lat' dir='ltr'>Nunc</span> <span class='ocrx_word' id='word_1_273' title='bbox 724 4038 903 4101; x_wconf 89' lang='lat' dir='ltr'>dicendum</span> <span class='ocrx_word' id='word_1_274' title='bbox 926 4045 978 4100; x_wconf 85' lang='lat' dir='ltr'>est</span> <span class='ocrx_word' id='word_1_275' title='bbox 999 4036 1044 4099; x_wconf 92' lang='lat' dir='ltr'>de</span> <span class='ocrx_word' id='word_1_276' title='bbox 1064 4033 1219 4111; x_wconf 90' lang='lat' dir='ltr'>adversis,</span> <span class='ocrx_word' id='word_1_277' title='bbox 1238 4043 1273 4096; x_wconf 90' lang='lat' dir='ltr'>et</span> <span class='ocrx_word' id='word_1_278' title='bbox 1295 4054 1454 4115; x_wconf 65' lang='lat' dir='ltr'>quo-1„om</span> <span class='ocrx_word' id='word_1_279' title='bbox 1467 4063 1538 4112; x_wconf 56' lang='lat' dir='ltr'>ome,</span> 
     </span>
    </p>
   </div>
   <div class='ocr_carea' id='block_1_6' title="bbox 226 4131 1482 4245">
    <p class='ocr_par' dir='ltr' id='par_1_6' title="bbox 226 4131 1482 4245">
     <span class='ocr_line' id='line_1_32' title="bbox 226 4131 1482 4245; baseline -0.003 -41"><span class='ocrx_word' id='word_1_280' title='bbox 226 4141 330 4206; x_wconf 90' lang='lat' dir='ltr'>modo</span> <span class='ocrx_word' id='word_1_281' title='bbox 349 4143 398 4206; x_wconf 90' lang='lat' dir='ltr'>ira</span> <span class='ocrx_word' id='word_1_282' title='bbox 422 4151 550 4225; x_wconf 87' lang='lat' dir='ltr'>pugnat</span> <span class='ocrx_word' id='word_1_283' title='bbox 571 4161 647 4206; x_wconf 89' lang='lat' dir='ltr'>cum</span> <span class='ocrx_word' id='word_1_284' title='bbox 670 4142 741 4217; x_wconf 92' lang='lat' dir='ltr'>illis,</span> <span class='ocrx_word' id='word_1_285' title='bbox 760 4141 836 4206; x_wconf 89' lang='lat' dir='ltr'>licet</span> <span class='ocrx_word' id='word_1_286' title='bbox 858 4141 997 4224; x_wconf 88' lang='lat' dir='ltr'>turpiter</span> <span class='ocrx_word' id='word_1_287' title='bbox 1020 4139 1219 4203; x_wconf 88' lang='lat' dir='ltr'>devincatur.</span> <span class='ocrx_word' id='word_1_288' title='bbox 1266 4138 1378 4200; x_wconf 93' lang='lat' dir='ltr'>Primo</span> <span class='ocrx_word' id='word_1_289' title='bbox 1389 4131 1482 4245; x_wconf 44' lang='grc' dir='ltr'>ἔξω</span> 
     </span>
    </p>
   </div>
   <div class='ocr_carea' id='block_1_7' title="bbox 257 4301 1379 4445">
    <p class='ocr_par' dir='ltr' id='par_1_7' title="bbox 257 4301 1379 4445">
     <span class='ocr_line' id='line_1_33' title="bbox 258 4301 1214 4365; baseline -0.004 -13"><span class='ocrx_word' id='word_1_290' title='bbox 258 4303 267 4333; x_wconf 89' lang='lat'>¹</span> <span class='ocrx_word' id='word_1_291' title='bbox 289 4303 358 4353; x_wconf 81' lang='lat' dir='ltr'>Tusc.</span> <span class='ocrx_word' id='word_1_292' title='bbox 371 4303 442 4364; x_wconf 75' lang='lat' dir='ltr'>Disp.</span> <span class='ocrx_word' id='word_1_293' title='bbox 455 4305 471 4352; x_wconf 87' lang='lat' dir='ltr'>i.</span> <span class='ocrx_word' id='word_1_294' title='bbox 484 4319 524 4365; x_wconf 83' lang='lat'>31.</span> <span class='ocrx_word' id='word_1_295' title='bbox 886 4301 965 4351; x_wconf 75' lang='lat' dir='ltr'>’Ad</span> <span class='ocrx_word' id='word_1_296' title='bbox 973 4301 1105 4360; x_wconf 72' lang='lat' dir='ltr'>Marnbm,</span> <span class='ocrx_word' id='word_1_297' title='bbox 1118 4316 1159 4361; x_wconf 78' lang='lat'>23,</span> <span class='ocrx_word' id='word_1_298' title='bbox 1171 4315 1214 4359; x_wconf 76' lang='lat'>²⁴·</span> 
     </span>
     <span class='ocr_line' id='line_1_34' title="bbox 257 4378 1379 4445; baseline -0.004 -14"><span class='ocrx_word' id='word_1_299' title='bbox 257 4381 358 4432; x_wconf 79' lang='lat' dir='ltr'>’llere</span> <span class='ocrx_word' id='word_1_300' title='bbox 382 4382 438 4432; x_wconf 80' lang='lat' dir='ltr'>MS.</span> <span class='ocrx_word' id='word_1_301' title='bbox 462 4381 497 4432; x_wconf 78' lang='lat' dir='ltr'>ll.</span> <span class='ocrx_word' id='word_1_302' title='bbox 518 4384 584 4432; x_wconf 86' lang='lat' dir='ltr'>ends</span> <span class='ocrx_word' id='word_1_303' title='bbox 606 4383 670 4431; x_wconf 85' lang='lat' dir='ltr'>with</span> <span class='ocrx_word' id='word_1_304' title='bbox 693 4383 737 4433; x_wconf 90' lang='lat' dir='ltr'>the</span> <span class='ocrx_word' id='word_1_305' title='bbox 760 4383 869 4444; x_wconf 81' lang='lat' dir='ltr'>remark,</span> <span class='ocrx_word' id='word_1_306' title='bbox 891 4382 1003 4445; x_wconf 81' lang='lat' dir='ltr'>Explicit</span> <span class='ocrx_word' id='word_1_307' title='bbox 1025 4381 1067 4430; x_wconf 91' lang='lat' dir='ltr'>hic</span> <span class='ocrx_word' id='word_1_308' title='bbox 1089 4379 1193 4428; x_wconf 81' lang='lat' dir='ltr'>moralis</span> <span class='ocrx_word' id='word_1_309' title='bbox 1215 4378 1379 4442; x_wconf 78' lang='lat' dir='ltr'>philosophia</span> 
     </span>
    </p>
   </div>
   <div class='ocr_carea' id='block_1_8' title="bbox 225 4461 1381 4764">
    <p class='ocr_par' dir='ltr' id='par_1_8' title="bbox 225 4461 1381 4764">
     <span class='ocr_line' id='line_1_35' title="bbox 225 4461 1378 4600; baseline -0.003 -11"><span class='ocrx_word' id='word_1_310' title='bbox 225 4461 322 4590; x_wconf 48' lang='lat' dir='ltr'>3⁸:⁰¹¹ss-</span> <span class='ocrx_word' id='word_1_311' title='bbox 339 4540 390 4589; x_wconf 87' lang='lat' dir='ltr'>and</span> <span class='ocrx_word' id='word_1_312' title='bbox 411 4538 442 4588; x_wconf 92' lang='lat'>0.</span> <span class='ocrx_word' id='word_1_313' title='bbox 464 4539 529 4587; x_wconf 83' lang='lat' dir='ltr'>have</span> <span class='ocrx_word' id='word_1_314' title='bbox 550 4540 594 4587; x_wconf 90' lang='lat' dir='ltr'>the</span> <span class='ocrx_word' id='word_1_315' title='bbox 617 4539 741 4600; x_wconf 79' lang='lat' dir='ltr'>heading,</span> <span class='ocrx_word' id='word_1_316' title='bbox 759 4539 866 4600; x_wconf 85' lang='lat' dir='ltr'>‘lncipit</span> <span class='ocrx_word' id='word_1_317' title='bbox 887 4539 1026 4587; x_wconf 85' lang='lat' dir='ltr'>Distinctio</span> <span class='ocrx_word' id='word_1_318' title='bbox 1045 4537 1143 4599; x_wconf 80' lang='lat' dir='ltr'>Quinta</span> <span class='ocrx_word' id='word_1_319' title='bbox 1163 4537 1263 4584; x_wconf 79' lang='lat' dir='ltr'>habens</span> <span class='ocrx_word' id='word_1_320' title='bbox 1285 4549 1378 4585; x_wconf 82' lang='lat' dir='ltr'>novem</span> 
     </span>
     <span class='ocr_line' id='line_1_36' title="bbox 225 4613 1381 4684; baseline -0.008 -13"><span class='ocrx_word' id='word_1_321' title='bbox 225 4617 351 4684; x_wconf 67' lang='lat' dir='ltr'>capitula?</span> <span class='ocrx_word' id='word_1_322' title='bbox 386 4617 437 4666; x_wconf 86' lang='lat' dir='ltr'>But</span> <span class='ocrx_word' id='word_1_323' title='bbox 455 4618 499 4665; x_wconf 85' lang='lat' dir='ltr'>the</span> <span class='ocrx_word' id='word_1_324' title='bbox 517 4619 578 4665; x_wconf 90' lang='lat' dir='ltr'>nine</span> <span class='ocrx_word' id='word_1_325' title='bbox 598 4619 718 4680; x_wconf 83' lang='lat' dir='ltr'>chapters</span> <span class='ocrx_word' id='word_1_326' title='bbox 734 4631 778 4665; x_wconf 80' lang='lat' dir='ltr'>are</span> <span class='ocrx_word' id='word_1_327' title='bbox 796 4624 842 4665; x_wconf 93' lang='lat' dir='ltr'>not</span> <span class='ocrx_word' id='word_1_328' title='bbox 859 4616 893 4666; x_wconf 86' lang='lat' dir='ltr'>all</span> <span class='ocrx_word' id='word_1_329' title='bbox 910 4617 998 4678; x_wconf 86' lang='lat' dir='ltr'>noted,</span> <span class='ocrx_word' id='word_1_330' title='bbox 1016 4617 1069 4664; x_wconf 86' lang='lat' dir='ltr'>and</span> <span class='ocrx_word' id='word_1_331' title='bbox 1085 4631 1120 4663; x_wconf 91' lang='lat' dir='ltr'>no</span> <span class='ocrx_word' id='word_1_332' title='bbox 1136 4615 1236 4663; x_wconf 78' lang='lat' dir='ltr'>further</span> <span class='ocrx_word' id='word_1_333' title='bbox 1249 4613 1381 4663; x_wconf 74' lang='lat' dir='ltr'>Dr&#39;sn&#39;rrdrb</span> 
     </span>
     <span class='ocr_line' id='line_1_37' title="bbox 226 4693 1381 4764; baseline -0.009 -13"><span class='ocrx_word' id='word_1_334' title='bbox 226 4699 360 4764; x_wconf 81' lang='lat' dir='ltr'>isspoken</span> <span class='ocrx_word' id='word_1_335' title='bbox 372 4697 407 4746; x_wconf 88' lang='lat' dir='ltr'>oi.</span> <span class='ocrx_word' id='word_1_336' title='bbox 444 4696 534 4746; x_wconf 74' lang='lat' dir='ltr'>lhsve</span> <span class='ocrx_word' id='word_1_337' title='bbox 546 4697 655 4758; x_wconf 81' lang='lat' dir='ltr'>thought</span> <span class='ocrx_word' id='word_1_338' title='bbox 670 4697 689 4744; x_wconf 88' lang='lat' dir='ltr'>it</span> <span class='ocrx_word' id='word_1_339' title='bbox 700 4696 757 4745; x_wconf 84' lang='lat' dir='ltr'>best</span> <span class='ocrx_word' id='word_1_340' title='bbox 772 4702 798 4744; x_wconf 83' lang='lat' dir='ltr'>to</span> <span class='ocrx_word' id='word_1_341' title='bbox 814 4696 923 4744; x_wconf 87' lang='lat' dir='ltr'>number</span> <span class='ocrx_word' id='word_1_342' title='bbox 934 4696 979 4744; x_wconf 77' lang='lat' dir='ltr'>tlte</span> <span class='ocrx_word' id='word_1_343' title='bbox 994 4695 1116 4757; x_wconf 79' lang='lat' dir='ltr'>cbapters</span> <span class='ocrx_word' id='word_1_344' title='bbox 1131 4695 1161 4744; x_wconf 86' lang='lat' dir='ltr'>oi</span> <span class='ocrx_word' id='word_1_345' title='bbox 1172 4694 1223 4744; x_wconf 75' lang='lat' dir='ltr'>thre</span> <span class='ocrx_word' id='word_1_346' title='bbox 1239 4693 1309 4742; x_wconf 86' lang='lat' dir='ltr'>third</span> <span class='ocrx_word' id='word_1_347' title='bbox 1323 4701 1381 4756; x_wconf 73' lang='lat' dir='ltr'>part</span> 
     </span>
    </p>
   </div>
   <div class='ocr_carea' id='block_1_9' title="bbox 773 4790 832 4839">
    <p class='ocr_par' dir='ltr' id='par_1_9' title="bbox 773 4790 832 4839">
     <span class='ocr_line' id='line_1_38' title="bbox 773 4790 832 4839; baseline -0.017 0"><span class='ocrx_word' id='word_1_348' title='bbox 773 4790 832 4839; x_wconf 73' lang='lat' dir='ltr'>To</span> 
     </span>
    </p>
   </div>
   <div class='ocr_carea' id='block_1_10' title="bbox 0 0 1776 5359">
    <p class='ocr_par' dir='ltr' id='par_1_10' title="bbox 0 0 1776 5359">
     <span class='ocr_line' id='line_1_39' title="bbox 0 0 1776 5359; baseline 0 0"><span class='ocrx_word' id='word_1_349' title='bbox 0 0 1776 5359; x_wconf 95' lang='lat' dir='ltr'> </span> 
     </span>
    </p>
   </div>
  </div>
 </body>
</html>
