3542 5359
380 604 574 665 MORALIS
598 598 915 662 PHILOSOPHIA:
941 597 1055 658 PARS
1080 596 1263 672 QUARTA.
1338 611 1398 674 397

250 767 307 833 illa
328 770 468 854 probata
490 779 550 848 est,
565 781 599 835 et
619 769 684 834 hoc
702 781 752 834 est
775 789 875 833 unum
897 768 987 852 quod
1010 769 1184 854 profitetur
1198 768 1279 832 haec
1299 772 1398 838 secta,

252 875 460 940 manifestum
482 877 645 958 estquod
668 879 842 942 veritatem
865 877 1011 942 habebit.
1058 877 1144 940 Item
1172 884 1303 957 praeter
1327 869 1398 931 vias

251 998 444 1045 communes
466 983 528 1046 toti
549 992 668 1056 sectae,
690 982 791 1046 habet
811 981 895 1046 haec
916 984 1015 1046 beata
1035 981 1157 1046 veritas
1179 1000 1257 1044 suos
1280 973 1398 1040 modos

250 1087 400 1166 proprios
422 1086 507 1151 sicut
528 1097 601 1151 tota
623 1098 721 1150 secta.
766 1088 856 1150 Nam
884 1108 942 1170 per
972 1086 1176 1170 Scripturam
1206 1101 1334 1148 sacram
1363 1077 1398 1139 in

251 1186 441 1270 Evangeliis
459 1199 494 1253 et
509 1192 599 1273 apud
614 1189 817 1274 Apostolum
833 1193 896 1255 hoc
912 1191 1083 1256 manifeste
1102 1193 1260 1266 docetur;
1285 1187 1399 1249 Patres

250 1293 349 1356 vestri
371 1295 655 1360 manducaverunt
676 1317 796 1360 manna
818 1307 853 1361 et
875 1298 996 1360 mortui
1019 1305 1116 1372 sunt3
1138 1296 1195 1378 qui
1219 1292 1399 1358 manducat

252 1416 307 1458 me
321 1399 402 1463 vivit
421 1409 556 1482 propter
578 1421 653 1477 me3
675 1410 717 1474 et,
742 1401 817 1483 Ego
840 1421 914 1464 sum
935 1401 1030 1482 panis
1049 1402 1151 1473 vivus,
1171 1400 1227 1483 qui
1246 1399 1289 1461 de
1307 1390 1399 1458 coelo

251 1502 424 1566 descendi:
446 1504 474 1566 si
487 1505 560 1587 quis
572 1505 819 1569 manducaverit
831 1525 875 1568 ex
884 1505 949 1569 hoc
964 1525 1058 1588 pane,
1068 1506 1156 1570 vivet
1172 1506 1205 1566 in
1220 1512 1399 1567 aeternum.

253 1603 300 1668 Et
315 1607 446 1670 decimo
460 1619 559 1674 sexto
576 1608 776 1692 Sapientiae,
792 1608 1000 1692 Angelorum
1019 1630 1095 1674 esca
1115 1611 1220 1672 nutris
1240 1607 1400 1691 populum

253 1719 348 1772 tuum
364 1732 371 1789 ;
394 1721 428 1776 et
443 1711 536 1787 infra,
552 1713 781 1779 Substantiam
797 1715 886 1778 enim
907 1726 1000 1779 tuam
1018 1723 1052 1778 et
1070 1713 1281 1778 dilectionem
1300 1733 1400 1795 quarn

253 1813 287 1875 in
312 1812 398 1879 filios
423 1816 527 1882 habes
546 1819 702 1883 ostendis.
749 1820 844 1883 Haec
865 1831 916 1884 est
937 1839 1012 1884 esca
1033 1821 1065 1883 in
1085 1841 1186 1902 quam
1211 1819 1401 1883 desiderant

252 1917 376 2001 Angeli
402 1923 599 2004 prospicere,
623 1926 804 1987 secundum
832 1924 965 1987 Petrum
993 1923 1207 2006 Apostolum.
1255 1923 1300 1986 Et
1325 1923 1401 1985 ideo

253 2042 319 2085 non
345 2035 395 2088 est
422 2026 511 2090 istud
536 2047 658 2090 manna
682 2026 796 2111 populi
820 2028 955 2110 antiqui,
972 2047 1047 2091 cum
1073 2027 1153 2091 illud
1177 2046 1243 2090 non
1266 2027 1309 2090 sit
1330 2026 1402 2088 An-

253 2127 401 2208 gelorum
423 2151 518 2206 esca;
539 2152 616 2195 cum
636 2132 726 2204 dicit,
742 2131 969 2196 Substantiam
986 2140 1079 2194 tuam
1091 2129 1110 2207 ¹,
1126 2140 1197 2204 etc,
1218 2139 1311 2213 patet
1336 2149 1403 2192 non

253 2253 326 2296 esse
351 2234 602 2319 intelligendum
633 2238 676 2300 de
707 2256 830 2300 manna
859 2237 1007 2317 antiquo.
1054 2235 1099 2298 Et
1131 2234 1317 2316 Apostolus
1346 2234 1402 2315 qui

255 2338 361 2418 primo
378 2350 569 2420 persecutus
587 2350 638 2403 est
651 2341 824 2404 veritatem
842 2338 964 2403 Christi
983 2349 1100 2423 postea
1118 2339 1297 2403 confitetur
1311 2337 1402 2420 quod

253 2443 384 2524 accepit
398 2463 419 2506 a
436 2443 586 2507 Domino
600 2444 663 2507 hoc
678 2442 883 2507 sacrificium.
931 2443 1102 2508 Praeterea
1124 2464 1182 2525 per
1198 2442 1402 2526 Scripturam

254 2565 382 2609 sacram
405 2565 473 2610 non
504 2545 612 2611 solum
638 2557 740 2630 patet,
766 2549 826 2610 sed
849 2569 909 2629 per
930 2569 1046 2613 omnes
1072 2558 1204 2612 sanctos
1226 2548 1282 2631 qui
1309 2547 1402 2611 testi-

255 2650 404 2712 monium
424 2650 600 2732 perhibent
621 2651 748 2715 dehoc
768 2650 917 2724 articulo,
932 2653 990 2734 qui
1009 2653 1141 2717 mentiri
1164 2671 1232 2715 uon
1248 2659 1403 2733 poterant

254 2765 390 2837 propter
404 2754 609 2819 conditiones
619 2775 703 2837 quas
718 2757 867 2837 superius
879 2757 923 2819 de
935 2757 981 2819 eis
995 2755 1193 2820 enumeravi.
1225 2754 1403 2819 Caeterum

254 2858 317 2921 hoc
333 2868 427 2940 patet
442 2880 501 2941 per
515 2871 726 2923 communem
745 2879 941 2923 consensum
961 2869 995 2923 et
1010 2858 1236 2923 definitionem
1255 2857 1403 2922 omnium

254 2963 428 3026 doctorum
447 2961 707 3040 Catholicorum,
721 2973 757 3027 ut
778 2964 1012 3045 magistrorum
1037 2973 1071 3027 et
1093 2962 1253 3026 lectorum
1277 2961 1309 3024 in
1330 2961 1404 3044 lege

255 3065 328 3130 Dei.
374 3066 464 3129 Nam
484 3087 601 3130 omnes
619 3087 684 3131 una
706 3066 871 3131 sententia
889 3076 1054 3131 testantur
1078 3067 1247 3131 Christum
1274 3087 1346 3130 esse
1369 3066 1403 3128 in

253 3170 317 3234 hoc
333 3169 557 3235 Sacramento.

299 3275 429 3339 Deinde
445 3274 602 3339 miracula
616 3283 693 3338 sunt
709 3275 762 3338 hic
778 3273 905 3340 infinita
918 3296 1005 3357 quae
1019 3275 1053 3339 in
1068 3276 1199 3359 scriptis
1214 3285 1402 3340 sanctorum
1419 3271 1572 3321 Mincutous

253 3387 287 3442 et
303 3379 447 3442 historiis
463 3379 680 3443 inveniuntur.
727 3377 793 3441 Sed
811 3380 878 3442 duo
894 3400 1018 3461 ponam
1034 3336 1572 3462 1ιί(;,(μιειεειόΙιιιςῐιοιιῐζὲξέζῖινο

253 3493 328 3547 sunt
344 3485 477 3565 scripta,
492 3503 579 3565 quae
593 3481 776 3547 certissima
791 3491 867 3547 sunt
885 3493 920 3546 et
936 3483 1015 3547 nulli
1032 3483 1229 3548 dubitationi
1245 3481 1403 3565 subjecta.
1417 3469 1560 3584 ᾞξύοῃ

255 3587 343 3651 Nam
367 3589 531 3670 quaedam
555 3597 707 3650 matrona
731 3589 805 3650 Deo
828 3589 950 3652 devota
971 3589 1158 3653 desiderans
1184 3587 1307 3650 habere
1328 3551 1434 3669 pro·g
1562 3571 1569 3582 ’

254 3691 319 3753 lem
338 3692 382 3754 ab
399 3692 556 3774 episcopo
572 3690 789 3754 hereticorum
805 3690 865 3754 suit
881 3693 1039 3771 excitata,
1053 3692 1106 3754 cui
1123 3690 1226 3753 filium
1243 3691 1402 3771 promisit.

256 3795 301 3857 Et
319 3804 439 3858 vocato
461 3794 714 3876 Nigromantico
738 3794 795 3875 qui
819 3796 998 3858 daemones
1020 3795 1114 3858 scivit
1137 3796 1304 3871 suscitare,
1326 3815 1404 3857 con-

253 3905 413 3962 venerunt
444 3899 476 3960 in
507 3895 618 3961 locum
656 3905 819 3960 secretum
853 3899 990 3961 domina
1019 3908 1052 3961 et
1084 3897 1271 3980 Episcopus
1303 3897 1403 3960 falsus

257 4012 291 4066 et
315 4001 594 4084 Nigromanticus
650 4000 728 4082 Quo
749 4011 928 4084 peragente
945 4022 1032 4085 quae
1048 4001 1153 4065 voluit
1172 4002 1203 4063 in
1223 3998 1349 4064 circulis
1369 4011 1403 4063 et

255 4107 463 4184 carminibus,
479 4105 633 4188 apparuit
654 4105 808 4168 Daemon
830 4105 863 4167 in
884 4107 993 4187 specie
1013 4105 1102 4186 pueri
1124 4106 1269 4170 coronati
1286 4105 1341 4187 qui
1360 4106 1404 4168 ab

255 4212 302 4275 eis
318 4210 550 4274 sciscitabatur
564 4210 644 4290 quid
654 4207 786 4273 vellent.
832 4207 878 4273 Et
892 4209 923 4270 N
927 4209 1161 4290 igromanticus
1173 4219 1207 4272 et
1218 4208 1404 4292 Episcopus

255 4314 357 4377 fallax
372 4313 605 4396 quaesiverunt
619 4333 640 4376 a
656 4313 802 4376 Domina
821 4312 902 4394 quid
923 4311 1131 4376 desideraret.
1178 4312 1268 4375 Dum
1291 4321 1402 4374 autem

255 4419 328 4501 ipsa
343 4419 515 4499 perterrita
531 4428 565 4482 et
581 4417 700 4481 timore
720 4415 785 4479 Dei
806 4425 958 4497 correpta
979 4415 1057 4478 nihil
1080 4417 1256 4497 respondit,
1272 4416 1405 4479 recessit

288 4562 296 4591 ¹
312 4562 440 4621 Wisdom,
451 4563 491 4612 eh.
503 4563 553 4610 xvi.
565 4578 605 4622 no,
619 4577 659 4610 21.
694 4561 725 4609 ln
736 4561 782 4609 the
792 4560 895 4609 verdon
907 4560 1020 4622 adopted
1032 4561 1067 4623 by
1079 4559 1123 4608 the
1135 4560 1265 4620 Revisers,
1277 4560 1322 4609 the
1333 4559 1405 4609 force

255 4641 285 4690 ol
293 4641 404 4690 Bacon’s
414 4642 550 4702 quotation
561 4641 583 4689 is
595 4640 758 4689 diminished.
