3542 5359
371 603 428 684 198
610 612 767 674 OPERIS
790 615 980 686 MAJORIS
1004 617 1119 679 PARS
1142 619 1291 680 SEXTA.

367 769 458 836 iride.
495 773 540 838 Et
555 776 702 860 quinque
717 789 794 843 sunt
809 800 949 864 corpora
965 780 998 844 in
1013 782 1120 862 oculo,
1135 782 1259 849 scilicet
1272 792 1340 848 tres
1355 781 1519 857 humores,

368 884 404 940 et
417 877 504 942 duae
518 881 658 959 tunicae,
677 882 803 948 scilicet
819 904 902 948 uvea
917 896 951 950 et
966 904 1107 965 comea;
1130 887 1369 951 consolidativa
1384 886 1520 968 quidem

369 979 448 1044 nihil
464 993 618 1066 operatur
633 987 677 1050 ad
692 988 871 1064 visionem;
901 999 935 1054 et
954 989 1029 1054 ideo
1050 991 1196 1075 quinque
1216 991 1344 1056 colores
1358 1000 1520 1074 apparent

368 1087 548 1150 secundum
562 1091 778 1172 proprietates
789 1113 914 1156 eorum.
943 1094 989 1158 Et
1003 1094 1204 1178 quandoque
1216 1093 1225 1132 ¹
1237 1094 1293 1159 illa
1303 1113 1443 1178 corpora
1452 1114 1520 1158 non

367 1187 493 1254 habent
508 1192 680 1258 distinctos
695 1194 829 1260 colores.
861 1196 949 1261 Nam
966 1197 999 1260 in
1010 1198 1112 1262 oculis
1123 1199 1326 1263 diversorum
1342 1198 1519 1275 variantur,

368 1303 402 1358 et
417 1307 578 1378 apparent
590 1297 687 1362 irides
701 1299 849 1365 diversae
860 1302 958 1366 aliter
969 1313 1003 1367 et
1014 1302 1109 1366 aliter
1123 1303 1240 1367 variari
1253 1303 1283 1366 in
1300 1303 1417 1367 eadem
1429 1301 1520 1376 hora,

368 1398 467 1461 etiam
484 1399 516 1462 in
535 1401 672 1466 diversis
693 1406 907 1488 temporibus,
922 1407 1103 1470 secundum
1125 1408 1214 1489 quod
1233 1427 1289 1470 aer
1308 1406 1393 1470 inter
1410 1409 1519 1489 ipsum

367 1511 403 1565 et
417 1502 534 1568 iridem
550 1505 582 1568 in
603 1506 816 1590 dispositione
835 1530 897 1574 sua
919 1513 1099 1574 secundum
1121 1511 1266 1575 lucidum
1289 1520 1323 1575 et
1341 1511 1519 1575 obscurum

367 1607 522 1673 variatur.
569 1609 709 1692 Signum
725 1624 835 1678 autern
853 1615 944 1696 quod
961 1615 1087 1680 colores
1102 1615 1193 1679 iridis
1208 1624 1346 1698 possunt
1361 1633 1521 1698 apparere

367 1730 428 1794 per
442 1711 584 1792 oculum,
594 1724 645 1779 est
660 1717 749 1798 quod
763 1717 873 1802 lapide
882 1719 1062 1803 hexagono
1072 1720 1182 1801 posito
1194 1720 1236 1783 ad
1250 1719 1384 1784 oculum
1396 1719 1429 1781 in
1445 1719 1520 1782 loco

367 1816 545 1881 tenebroso
565 1817 649 1883 fiunt
665 1821 851 1903 hujusmodi
872 1824 1006 1899 colores,
1021 1833 1056 1888 et
1073 1823 1148 1888 ideo
1168 1823 1316 1887 similiter
1331 1825 1365 1887 in
1385 1824 1520 1887 materia

368 1929 449 2001 apta
463 1921 495 1984 in
511 1920 586 1986 loco
601 1925 777 1990 tenebroso
792 1927 824 1990 in
840 1927 929 1992 nube
944 1937 1084 2009 possunt
1098 1926 1216 1992 saltem
1232 1947 1402 2012 apparere.

414 2023 460 2088 Et
471 2023 569 2107 juxta
585 2025 761 2109 jamdicta
778 2039 872 2115 patet
888 2030 1016 2095 facilius
1031 2051 1132 2096 causa
1153 2051 1303 2107 coronae,
1318 2042 1353 2096 et
1371 2030 1521 2094 similiter

368 2129 591 2212 impressionis
616 2136 807 2217 apparentis
832 2135 866 2198 in
893 2135 1000 2218 figura
1026 2147 1123 2213 recta,
1145 2156 1246 2218 quam
1273 2134 1401 2201 Seneca
1421 2144 1521 2199 vocat

368 2233 542 2317 virgam‚et
552 2235 752 2302 Aristoteles
761 2240 1078 2322 perpendicularem
1096 2240 1178 2304 istae
1188 2240 1275 2304 enim
1287 2240 1521 2322 impressiones

369 2349 449 2402 sunt
464 2339 632 2404 coloratae
649 2351 683 2406 et
702 2363 769 2406 non
784 2343 876 2408 aliae.
924 2345 1013 2410 Dicit
1030 2347 1130 2430 igitur
1146 2344 1272 2408 Seneca
1280 2342 1302 2421 ²,
1316 2344 1344 2407 si
1359 2363 1519 2427 vaporem

368 2443 521 2518 erexeris,
533 2443 624 2527 virga
637 2455 706 2524 est;
729 2447 756 2510 si
772 2448 922 2512 incurves
935 2449 967 2512 in
979 2450 1133 2532 portione
1147 2448 1269 2529 circuli,
1279 2447 1333 2513 iris
1348 2460 1399 2512 est
1414 2469 1422 2526 ;
1445 2448 1472 2510 si
1486 2447 1519 2511 in

369 2544 572 2628 completum
594 2548 761 2626 circulum,
777 2571 899 2618 corona
918 2565 969 2618 est
984 2575 992 2632 ;
1015 2574 1116 2636 quam
1134 2551 1333 2616 Aristoteles
1345 2563 1444 2616 vocat
1459 2551 1519 2616 cir·

368 2649 480 2715 culum
501 2652 588 2717 circa
610 2655 714 2719 solem
736 2666 770 2720 et
792 2656 913 2734 lunam,
929 2667 963 2721 et
986 2658 1077 2722 Halo
1098 2667 1133 2723 et
1155 2655 1314 2722 Halaleti.
1354 2656 1400 2720 Et
1419 2656 1519 2721 aliam

368 2756 614 2822 differentiam⁸
636 2759 811 2844 assignant,
827 2763 918 2844 quod
941 2763 996 2825 iris
1011 2771 1186 2847 generatur
1207 2762 1241 2825 in
1257 2762 1412 2844 opposito
1432 2760 1520 2838 solis,

367 2861 461 2944 virga
475 2882 496 2924 a
509 2862 619 2936 latere,
636 2884 758 2929 corona
774 2865 836 2930 sub
851 2865 930 2930 sole.
963 2865 1031 2931 Sed
1046 2887 1132 2949 quae
1147 2867 1190 2930 de
1204 2865 1329 2929 circulo
1344 2874 1380 2928 et
1399 2883 1520 2929 corona

367 2965 457 3030 dicta
481 2976 558 3031 sunt
581 2977 720 3050 possunt
744 2969 808 3033 dici
834 2971 905 3033 sine
927 2969 1124 3034 calumnia⁴.
1181 2969 1236 3033 De
1259 2965 1520 3052 perpendiculari

368 3080 481 3134 tamen
512 3079 546 3134 et
571 3073 662 3155 virga
688 3072 777 3136 aliud
803 3085 863 3139 est.
909 3075 998 3138 Nam
1024 3095 1089 3139 non
1114 3083 1164 3138 est
1191 3073 1253 3138 nisi
1284 3073 1394 3157 portio
1420 3092 1521 3155 parva

369 3193 518 3252 coronae,
533 3195 619 3257 quae
641 3196 686 3239 ex
708 3175 866 3241 distantia
888 3178 1054 3261 superflua
1075 3179 1207 3242 videtur
1226 3197 1299 3242 esse
1314 3177 1400 3240 linea
1419 3186 1520 3253 recta,

199 3283 314 3347 attempt
330 3288 357 3332 at
369 3296 471 3359 quum
489 3279 626 3343 materia
646 3279 756 3343 deficit
770 3282 813 3345 ad
830 3281 901 3365 ejus
921 3285 1213 3366 complementum.
1259 3280 1388 3346 Globus
1407 3291 1518 3344 autern

200 3347 317 3426 explana·

199 3422 261 3465 tlon.

368 3381 499 3464 vaporis
521 3383 626 3464 grossi
647 3383 827 3466 aliquando
853 3389 1019 3452 concurrit
1040 3388 1073 3451 in
1096 3387 1260 3450 directum
1283 3383 1363 3449 solis
1384 3385 1446 3449 sub
1469 3405 1520 3462 eo,

368 3484 493 3549 scilicet
508 3487 565 3568 qui
582 3497 633 3552 est
648 3488 777 3553 densior
792 3509 876 3564 aere,
887 3500 921 3555 et
937 3501 1049 3555 tamen
1065 3511 1133 3555 non
1149 3500 1200 3555 est
1214 3488 1398 3573 superfluae
1411 3489 1519 3553 densi-

369 3589 448 3653 tatis
470 3592 527 3654 sed
551 3593 820 3674 proportionatae
842 3596 884 3658 ad
909 3594 1100 3677 hujusmodi
1121 3593 1380 3677 impressionem.
1434 3592 1520 3657 Dico

406 3779 411 3808 ¹
428 3779 559 3840 quoniam,
569 3780 595 3840 J.

401 3857 411 3887 ¹
427 3859 480 3908 See
490 3859 531 3908 De
539 3858 623 3908 sensu
635 3864 658 3909 et
668 3859 767 3921 Smsilr',
779 3877 836 3924 cap.
848 3877 872 3922 4.
908 3859 966 3909 The
983 3875 1095 3922 passage
1111 3859 1134 3908 is
1150 3858 1253 3908 curious
1269 3856 1334 3906 from
1352 3858 1397 3907 the
1413 3863 1521 3919 attempt

368 3938 444 3987 made
456 3945 483 3986 to
496 3938 621 3988 correlate
633 3954 740 3988 savours
750 3941 816 3988 with
828 3940 939 3989 colours.
972 3937 1048 3987 ‘End
1064 3938 1112 4002 γὰρ
1128 3937 1272 4001 ἀμφοτέρων
1289 3935 1347 3999 εἴδη,
1359 3936 1389 3983 ἄν
1405 3953 1443 3985 τις
1459 3935 1519 3999 τιθῇ,

366 4016 448 4081 ὥσπερ
460 4013 574 4080 εὔλογον,
587 4015 617 4066 τὸ
627 4016 702 4081 φαιὸν
712 4016 791 4079 μέλον
803 4036 826 4066 τι
839 4015 906 4067 eirea·
922 4015 1034 4066 aelam
1044 4016 1093 4081 γάρ
1103 4015 1135 4066 τὸ
1145 4014 1233 4079 ξανθὸν
1243 4014 1290 4077 μὶν
1304 4015 1350 4064 τοῦ
1359 4014 1450 4064 λευκοῦ
1461 4011 1520 4063 εἶναι

366 4096 449 4160 ὥσπερ
458 4094 488 4145 τὸ
499 4095 601 4160 λιπαρὸν
611 4097 657 4145 τοῦ
667 4095 779 4158 γλυκέος,
788 4094 819 4145 νδ
829 4097 955 4158 φοινικοῦν
965 4094 991 4145 δὲ
1003 4093 1042 4144 eal
1053 4093 1175 4158 ἁλουργὸν
1184 4093 1226 4143 ael
1237 4092 1354 4158 πράσινον
1363 4091 1406 4142 ael
1418 4092 1521 4141 κοονοΐν

367 4175 457 4239 parati
467 4177 512 4225 τοῦ
523 4175 612 4224 asueni
626 4174 666 4224 aral
677 4173 788 4236 μέλανος,
802 4173 835 4224 rrl
845 4176 866 4222 δ’
876 4173 944 4222 ἄλλο
954 4172 1029 4234 urard
1042 4174 1070 4222 la
1081 4171 1183 4222 sorim
1217 4173 1257 4222 Cl.
1268 4170 1390 4222 Mesorot.
1402 4172 1419 4221 i.
1432 4186 1457 4233 5,
1469 4171 1520 4220 and

368 4255 404 4304 iii.
412 4271 435 4317 a,
447 4258 476 4314 ξς
486 4271 510 4318 4,
521 4267 546 4316 5.
580 4253 610 4303 ln
623 4254 668 4302 the
680 4253 757 4303 latter
767 4269 878 4316 passage
891 4254 936 4302 the
946 4254 1015 4315 bow,
1028 4251 1091 4301 both
1102 4252 1180 4301 inner
1190 4251 1241 4300 and
1253 4258 1336 4309 outer,
1349 4250 1372 4298 is
1386 4250 1521 4299 described

367 4349 396 4383 as
407 4333 624 4392 three-coloured,
637 4333 683 4382 the
694 4332 796 4381 colours
808 4333 838 4380 ol
851 4331 896 4382 the
913 4338 990 4381 outer
1002 4331 1064 4381 bow
1074 4331 1154 4392 being
1164 4330 1258 4379 lainter
1269 4329 1321 4378 and
1333 4327 1467 4391 following
1477 4329 1521 4379 the

368 4427 473 4462 reverse
485 4412 563 4461 order
573 4411 603 4461 ol
612 4412 657 4460 the
669 4412 751 4461 inner.

399 4491 410 4521 ⁸
424 4491 450 4551 J.
463 4491 510 4540 has
522 4490 665 4540 doctrinam
677 4490 718 4538 lor
728 4489 909 4538 differentiam.

400 4567 410 4599 ¹
426 4569 482 4616 Tne
499 4575 624 4617 sentence
641 4569 707 4616 ends
723 4570 796 4618 here.
828 4567 853 4627 J.
867 4566 987 4616 confusas
998 4567 1044 4615 tlre
1054 4566 1176 4627 meaning
1187 4566 1223 4628 by
1233 4565 1354 4628 carrying
1364 4564 1384 4614 it
1395 4580 1438 4628 on,
1451 4581 1481 4614 as
1493 4567 1521 4614 in

367 4661 446 4708 many
458 4647 534 4695 other
544 4661 670 4709 passages
681 4653 725 4694 too
737 4660 878 4694 numerous
890 4652 918 4694 to
931 4645 1054 4693 mention.
