3542 5359
366 602 693 662 PERSPECTIVAE
715 603 831 662 PARS
860 602 1037 661 TERTIA:
1063 602 1171 661 DIST.
1199 601 1257 661 III.
1336 615 1394 677 159

240 757 274 812 et
310 748 556 833 negligentibus
594 770 633 814 ac
670 748 826 832 languide
862 748 1143 833 conspicientibus
1174 768 1244 811 rem
1276 748 1392 810 visam.

241 854 384 919 Possunt
408 854 542 936 quidem
566 852 631 917 alia
654 854 813 935 exempla
840 852 992 936 proponi,
1015 852 1192 934 inquibus
1216 851 1394 915 multitudo

239 956 421 1038 sapientiae
443 956 632 1040 resplendet
654 957 741 1021 sicut
762 959 796 1020 in
818 957 893 1032 his;
923 957 982 1020 sed
1005 956 1083 1039 quia
1104 976 1213 1018 sermo
1238 975 1394 1036 praesens

240 1071 290 1125 est
316 1062 423 1144 magis
448 1062 669 1143 persuasionis
698 1063 805 1145 gratia
834 1081 937 1145 quam
966 1069 1128 1125 tractatus
1157 1060 1394 1142 componendi,

240 1165 317 1230 ideo
332 1185 420 1230 nunc
437 1166 527 1230 dicta
547 1165 711 1232 sufficiant
724 1164 745 1228 ¹.
1200 1157 1203 1162 ’

564 1625 756 1692 ULTIMA
790 1625 1082 1693 DISTINCTIO.

287 1849 341 1915 De
370 1850 617 1932 comparatione
648 1849 873 1934 perspectivae
903 1851 946 1914 ad
977 1870 1104 1914 sacram
1134 1849 1329 1933 sapientiam
1363 1859 1398 1913 et

246 1955 362 2018 mundi
385 1954 546 2019 utilitates
556 1951 577 2030 ²,
601 1953 728 2018 habens
750 1953 897 2037 capitula
918 1965 1069 2037 quatuor.

684 2228 910 2294 cnarruauu
936 2228 964 2293 1.

289 2401 334 2465 Et
354 2401 423 2485 jam
447 2403 573 2466 dictum
597 2412 647 2466 est
671 2402 714 2466 de
737 2402 834 2467 rebus
852 2402 1067 2486 perspectivis
1085 2411 1185 2487 prout
1202 2404 1245 2467 ad
1266 2403 1398 2484 sapien·
1411 2422 1518 2471 Anthat

245 2506 327 2571 tiam
350 2505 581 2590 philosophiae
598 2516 632 2571 et
654 2527 761 2570 rerum
781 2506 878 2588 hujus
903 2508 1017 2572 mundi
1040 2507 1264 2591 cognitionem
1287 2489 1540 2616 neces-{fiffie‘i}

245 2611 350 2674 sariae
382 2618 468 2674 sunt.
513 2609 603 2674 Volo
640 2631 726 2674 nunc
764 2610 799 2675 in
836 2610 902 2675 fine
939 2611 1074 2675 innuere
1110 2612 1280 2693 quomodo
1317 2611 1440 2697 haecqt
1454 2619 1570 2696 spiritual

246 2713 382 2778 scientia
420 2714 521 2778 habet
561 2713 763 2778 ineffabilem
804 2714 984 2778 utilitatem
1026 2725 1176 2799 respectu
1215 2714 1398 2797 sapientiae
1409 2685 1502 2809 {Q

246 2817 386 2882 divinae.
432 2818 478 2882 Et
519 2819 626 2900 primo
663 2819 941 2882 considerandum
979 2827 1039 2892 est,
1076 2818 1166 2900 quod
1203 2839 1279 2882 curn
1317 2818 1399 2884 haec

246 2922 385 2985 scientia
411 2942 462 2985 res
487 2922 654 2986 naturales
678 2921 848 2999 certificat,
872 2933 910 2988 ut
935 2922 1070 3006 planum
1098 2932 1149 2986 est
1171 2942 1230 3004 per
1252 2943 1292 2986 ea
1314 2941 1400 3004 quae

246 3027 336 3090 dicta
361 3037 446 3104 sunt,
469 3037 502 3090 et
528 3047 588 3109 per
611 3046 815 3111 consequens
838 3027 941 3110 liquet
965 3028 1055 3109 quod
1078 3036 1225 3091 caeteras
1246 3026 1401 3090 scientias

247 3130 392 3194 elucidat
415 3141 447 3194 et
469 3131 624 3208 declarat,
640 3151 774 3196 necesse
797 3142 847 3196 est
871 3133 961 3215 quod
983 3131 1064 3196 haec
1086 3131 1225 3196 scientia
1246 3130 1290 3196 sit
1313 3129 1402 3196 utilis

247 3235 379 3299 divinae
410 3235 551 3312 veritati,
581 3246 717 3320 propter
753 3236 816 3300 hoc
854 3237 943 3320 quod
983 3236 1039 3301 illa
1077 3236 1211 3318 requirit
1247 3236 1400 3299 notitiam

247 3339 457 3402 scientiarum
488 3348 521 3403 et
550 3359 659 3404 rerum
687 3338 784 3423 hujus
811 3341 938 3404 mundi.
983 3341 1158 3404 Praeterea
1184 3361 1259 3410 cum
1290 3339 1403 3404 divina

247 3442 410 3526 sapientia
427 3442 580 3508 absolute
601 3445 827 3509 consideratur
850 3444 1066 3529 intelligenda
1087 3453 1122 3508 et
1143 3445 1352 3528 exponenda
1368 3453 1403 3508 et

247 3548 290 3610 ad
308 3547 455 3631 regimen
475 3547 574 3629 hujus
595 3549 711 3613 mundi
731 3549 915 3626 ordinatur,
931 3557 1072 3630 utroque
1094 3548 1196 3612 modo
1218 3549 1402 3612 necessaria

248 3660 299 3714 est
323 3650 404 3714 haec
428 3651 566 3716 scientia
589 3652 827 3736 Perspectivae.
878 3652 968 3717 Nam
992 3652 1208 3736 inscriptura
1231 3652 1297 3717 Dei
1320 3652 1402 3717 nihil

281 3850 289 3880 ¹
310 3850 332 3901 lt
344 3852 366 3900 is
378 3851 448 3901 clear
460 3851 524 3900 lrorn
536 3852 582 3902 the
595 3852 740 3916 loregoing,
751 3855 803 3903 and
815 3853 958 3917 especially
969 3853 1034 3903 from
1045 3854 1090 3902 the
1101 3853 1246 3903 discussion
1258 3855 1403 3904 illustrated

247 3933 284 3990 by
293 3929 381 3992 fige9,
392 3931 448 3979 that
460 3931 546 3979 Bacon
559 3932 610 3980 had
619 3947 633 3980 a
641 3933 711 3981 clear
718 3933 873 3995 conception
881 3933 912 3981 of
914 3947 947 3981 an
956 3933 1039 3994 image
1047 3948 1076 3981 as
1084 3934 1211 3994 resulting
1218 3933 1284 3982 from
1295 3948 1310 3981 a
1321 3934 1404 3982 series

248 4009 376 4071 olpoints.
390 4009 455 4058 each
468 4009 541 4070 point
556 4011 583 4058 in
595 4011 640 4059 the
651 4027 690 4059 res
699 4012 753 4060 visa
764 4011 843 4072 being
850 4011 1000 4072 aeparately
1009 4011 1144 4060 retracted.
1177 4011 1229 4060 But
1245 4012 1280 4060 he
1296 4011 1340 4061 did
1358 4019 1405 4061 not

247 4087 399 4150 apprehend
417 4089 461 4138 the
479 4089 612 4150 necessity
629 4088 669 4136 sor
684 4089 814 4151 locussing
829 4105 862 4138 an
879 4091 964 4152 image
984 4089 1015 4138 ol
1026 4090 1072 4138 the
1092 4089 1177 4150 object
1194 4106 1228 4138 on
1245 4091 1291 4138 the
1311 4089 1403 4151 retina,

248 4181 278 4214 as
289 4181 345 4214 was
361 4181 392 4214 so
407 4164 504 4228 clearly
517 4167 718 4226 demonstrated,
732 4167 823 4230 nearly
836 4166 895 4216 four
904 4168 1035 4216 centuries
1045 4167 1206 4228 afterwards,
1218 4167 1254 4228 by
1265 4167 1404 4216 Deacartes

248 4244 276 4292 in
294 4245 339 4292 the
356 4243 412 4292 titth
429 4245 560 4292 discourse
577 4243 606 4292 oi
620 4243 661 4294 bis
677 4243 829 4308 Dr'optn'que.
865 4243 932 4294 ‘We
949 4245 1003 4294 lind
1022 4245 1047 4293 in
1066 4245 1156 4306 Roger
1172 4242 1282 4293 Bacon's
1298 4244 1405 4305 works,’

247 4337 310 4384 says
327 4321 459 4372 Whewell
477 4321 556 4384 (Hist.
574 4321 607 4383 os
616 4321 743 4372 Inductus:
757 4321 874 4382 smus,
892 4323 943 4372 vol.
954 4323 980 4370 ii.
993 4339 1018 4385 p.
1029 4336 1086 4383 275,
1099 4323 1146 4383 3rd
1160 4322 1267 4382 edit.),a
1279 4321 1406 4385 tolerably

248 4401 395 4450 distinctlve
405 4400 573 4464 explanation
585 4401 615 4450 ol
623 4401 667 4451 the
683 4401 759 4452 effect
770 4402 800 4450 ol
807 4416 823 4450 a
838 4416 938 4450 convex
952 4399 1038 4462 glasa’
1067 4399 1118 4448 But
1131 4399 1163 4448 of
1172 4401 1218 4448 the
1232 4400 1405 4449 combinatiou

248 4479 279 4528 os
295 4487 348 4528 two
368 4477 456 4529 lenses
476 4493 617 4542 necessary
637 4479 677 4528 sor
695 4481 740 4529 the
762 4479 939 4528 construction
963 4479 993 4527 oi
1009 4478 1054 4526 the
1074 4477 1212 4540 telescope,
1231 4478 1306 4527 tlrere
1325 4479 1348 4526 is
1371 4493 1406 4527 no

248 4558 374 4606 evidence
389 4559 532 4607 whatever.

280 4633 292 4664 ¹
308 4635 353 4685 Sic
366 4635 431 4698 Reg.
467 4635 498 4686 0.
512 4636 560 4686 has
570 4651 668 4686 acram
679 4637 831 4699 scripturam
842 4644 870 4686 et
881 4635 939 4698 ejus
950 4634 1084 4686 utilitates.
