3542 5359
330 605 656 664 PERSPECTIVAE
679 606 793 664 PARS
818 605 1042 665 SECUNDA:
1077 609 1186 667 DIST.
1214 610 1272 667 III.
1350 625 1408 686 115

254 769 520 851 magnitudinem
553 769 788 851 comprehendi
819 789 878 850 per
910 771 1132 852 quantitatem
1165 771 1278 856 anguli
1314 774 1405 855 apud
1418 779 1550 842 msoning

254 873 395 936 oculum.
443 873 543 937 Unde
563 873 595 935 in
618 873 779 956 principio
797 874 881 936 illius
902 874 977 937 libri
996 876 1202 959 supponitur,
1219 877 1310 958 quod
1336 878 1406 942 visa
1418 859 1552 974 KQ

255 976 318 1039 sub
338 976 453 1058 majori
473 975 595 1059 angulo
615 986 777 1062 apparent
797 977 933 1059 majora,

254 1090 289 1144 et
305 1082 367 1143 sub
379 1081 495 1143 minori
513 1081 650 1157 minora,
663 1093 697 1145 et
712 1083 774 1146 sub
787 1082 933 1163 aequali-

256 1183 318 1246 bus
337 1183 464 1265 angulis
489 1184 561 1248 visa
589 1205 749 1267 apparere
771 1186 932 1269 aequalia.

257 1285 325 1350 Sed
345 1288 408 1351 hoc
427 1308 494 1351 non
510 1287 639 1365 sufficit,
656 1291 741 1354 sicut
755 1290 856 1355 docet
870 1291 933 1354 ΑΙ-

256 1391 360 1456 hazen
382 1412 441 1475 per
464 1394 642 1476 exempla3
666 1397 824 1476 quoniam
848 1396 908 1458 si
899 1416 933 1458 rn

256 1497 376 1561 circulo
388 1498 722 1579 signenturdiametri
734 1501 884 1564 diversae
896 1509 933 1562 ut
1002 1513 1018 1554 c

256 1621 278 1664 a
297 1599 324 1676 b,
343 1622 361 1664 c
380 1601 411 1676 d,
434 1612 526 1683 patet
549 1603 591 1666 ad
616 1624 749 1668 sensum
771 1605 860 1687 quod
878 1602 934 1666 ab

256 1704 387 1768 videtur
404 1706 502 1789 longe
525 1709 586 1771 sub
609 1709 724 1771 minori
749 1707 882 1792 angulo,
899 1717 933 1770 et

256 1818 368 1872 tamen
380 1809 532 1874 diametri
548 1822 624 1875 sunt
638 1810 801 1894 aequales.
831 1811 933 1876 Simi-

257 1913 331 1978 liter
352 1915 394 1978 de
416 1914 573 1978 lateribus
595 1917 755 1997 quadrati,
775 1935 852 1978 nam
874 1915 935 1979 ab

256 2017 343 2082 latus
366 2017 444 2082 lacit
466 2017 566 2102 longe
592 2019 754 2083 minorem
777 2017 934 2102 angulum
1033 1775 1161 2070 bf»

259 2121 291 2184 in
314 2122 410 2186 oculo
433 2142 533 2203 quam
550 2123 620 2200 dc,
639 2131 672 2187 et
695 2135 808 2187 tamen
830 2122 935 2186 latera

257 2234 335 2288 sunt
365 2226 525 2308 aequalia,
553 2236 588 2290 et
615 2229 703 2292 visus
733 2227 962 2309 apprehendet
992 2222 1183 2306 hujusmodi
1208 2220 1313 2284 latera
1338 2241 1410 2284 esse

257 2330 424 2412 aequalia:
443 2341 475 2394 et
492 2331 643 2394 similiter
654 2331 833 2394 diametros
848 2330 961 2394 circuli
978 2329 1139 2411 ejusdem,
1148 2326 1200 2389 vel
1216 2326 1410 2390 circulorum

258 2433 455 2516 aequalium,
484 2435 613 2517 judicat
642 2437 731 2500 visus
760 2457 815 2500 ae·

258 2538 407 2621 quales
399 2558 432 2601 1n
463 2540 621 2604 mediocri
648 2540 816 2605 distantia.
890 2531 1405 2650 Ana

260 2643 352 2724 Ergo
365 2645 533 2724 quantitas
545 2643 656 2727 anguli
667 2665 816 2728 compre
916 2640 1257 2826 Ἴ

258 2747 361 2810 hensa
376 2767 441 2810 non
458 2748 589 2812 sufficit.
644 2749 817 2814 Praeterea
894 2607 1405 2929 N'a

259 2871 325 2914 una
340 2871 375 2915 re
389 2854 459 2914 visa
478 2853 510 2915 in
527 2852 644 2916 minori
661 2854 817 2916 distantia
1319 2857 1399 2944 'Kb

259 2966 293 3018 et
303 2956 430 3038 majori,
441 2958 627 3020 dummodo
636 2958 679 3021 sit
692 2958 817 3020 medio·
1247 2942 1272 3007 (l

258 3056 321 3118 cris
350 3076 516 3134 excessus,
542 3056 818 3121 diversificabitur
1068 3021 1129 3071 m
1143 3031 1174 3084 ⁴⁷
1184 3019 1200 3069 '⁸

258 3159 399 3242 angulus
414 3161 619 3224 sensibiliter.
670 3160 739 3226 Sed
754 3162 843 3224 visus
859 3180 926 3224 non
945 3156 1110 3241 judicabit
1132 3175 1202 3220 rem
1218 3154 1324 3217 visam
1341 3171 1412 3216 esse

260 3263 419 3345 majorem
441 3273 474 3326 et
493 3267 653 3329 minorem
669 3287 676 3340 ;
700 3275 737 3330 ut
752 3265 780 3328 si
794 3263 911 3328 oculus
926 3272 1070 3347 ponatur
1084 3263 1117 3325 in
1132 3280 1216 3326 cono
1232 3255 1413 3342 pyramidis

258 3366 424 3446 brevioris,
440 3369 545 3449 major
565 3369 597 3432 in
619 3391 659 3434 eo
679 3369 741 3433 erit
756 3369 897 3451 angulus
913 3388 1013 3450 quam
1029 3369 1061 3430 in
1077 3386 1161 3429 cono
1176 3361 1342 3445 longioris,
1355 3380 1414 3442 per

258 3473 321 3534 xxi
337 3471 433 3553 primi
450 3471 606 3536 Euclidis.
640 3472 757 3554 Atque
772 3473 799 3535 si
815 3473 1037 3554 triplicaretur
1052 3468 1220 3541 distantia,
1235 3466 1360 3529 scilicet
1377 3472 1414 3526 ut

257 3574 367 3658 prima
382 3575 425 3638 sit
441 3575 535 3639 unius
550 3575 663 3654 cubiti,
678 3578 822 3641 secunda
838 3577 880 3639 sit
897 3577 1048 3650 duorum,
1060 3571 1158 3636 tertia
1173 3572 1214 3633 sit
1229 3570 1340 3644 trium,
1352 3567 1413 3632 erit

258 3689 419 3742 extranea
441 3679 615 3744 diversitas
634 3679 757 3763 anguli,
774 3691 806 3744 et
828 3690 940 3743 tamen
952 3677 1156 3761 judicabitur
1174 3695 1246 3738 esse
1262 3672 1412 3754 ejusdem

258 3784 463 3866 quantitatis.
506 3782 674 3866 Quoniam
690 3806 769 3868 ergo
786 3786 832 3849 ita
847 3795 909 3860 est,
925 3803 990 3846 non
1007 3791 1119 3866 potest
1135 3801 1206 3844 esse
1220 3776 1414 3842 certificatio

259 3888 497 3970 magnitudinis
514 3888 558 3952 rei
577 3890 760 3953 secundum
781 3889 1002 3971 quantitatem
1023 3885 1144 3969 anguli.
1191 3882 1258 3947 Sed
1283 3889 1415 3963 oportet

259 4049 295 4110 by
307 4048 352 4096 the
368 4048 449 4096 visual
466 4049 560 4112 angles
575 4050 652 4099 bears
663 4058 691 4099 to
707 4051 752 4098 the
763 4050 851 4099 whole
869 4049 964 4110 object,
974 4049 1026 4096 and
1037 4049 1148 4098 another
1162 4047 1276 4096 element
1287 4053 1314 4094 to
1326 4047 1358 4093 be
1370 4045 1416 4093 the

260 4127 350 4188 length
370 4127 401 4175 ol
419 4129 464 4176 the
485 4129 566 4177 visual
586 4143 660 4186 cone,
682 4130 708 4177 in
730 4130 806 4178 other
825 4129 923 4186 words,
944 4142 992 4176 our
1007 4127 1127 4175 estimate
1144 4125 1173 4175 ol
1192 4127 1238 4174 the
1255 4125 1371 4173 distance
1390 4122 1420 4170 ol

260 4206 305 4254 the
317 4205 408 4266 object.
442 4206 499 4255 The
511 4209 631 4268 question
643 4206 672 4257 os
680 4207 796 4256 distance
808 4207 855 4255 has
867 4207 935 4254 been
947 4205 1052 4266 already
1064 4205 1164 4265 spoken
1177 4204 1210 4252 ol.

293 4283 301 4312 ¹
318 4283 383 4333 This
394 4285 509 4346 diagram
521 4285 543 4334 is
554 4285 701 4346 accurately
712 4286 804 4348 copied
817 4286 882 4334 lrom
896 4284 962 4345 Reg.
1003 4283 1025 4332 lt
1044 4297 1173 4343 supposes
1190 4283 1236 4330 the
1254 4298 1304 4344 eye
1324 4280 1355 4329 ol'
1371 4279 1416 4327 the

260 4363 420 4412 observerto
431 4363 463 4412 be
475 4372 502 4412 at
513 4365 559 4412 the
570 4371 662 4412 vertex
674 4363 703 4412 os
711 4365 757 4413 the
767 4364 847 4412 visual
858 4362 959 4424 angles,
971 4363 1016 4409 i..e
1028 4369 1055 4409 to
1068 4361 1113 4409 the
1125 4361 1169 4408 leit
1182 4359 1219 4420 (in
1231 4361 1277 4408 the
1288 4358 1415 4419 diagram)

259 4440 290 4490 ol
299 4442 344 4490 the
360 4442 460 4491 shaded
476 4457 544 4490 area.
580 4441 651 4491 Thus
662 4443 705 4490 ab
724 4449 875 4504 represents
887 4441 932 4489 the
949 4441 1006 4489 side
1025 4440 1054 4487 ol
1066 4439 1111 4487 the
1128 4453 1222 4500 square
1236 4438 1324 4486 which
1339 4436 1418 4497 being

259 4519 369 4568 larthest
389 4519 453 4568 l'rom
473 4521 516 4568 the
537 4535 594 4584 eye,
614 4521 661 4570 has
679 4521 724 4569 the
744 4519 858 4569 smallest
874 4518 956 4567 visunt
975 4519 1060 4580 angle.
1096 4515 1152 4565 The
1172 4515 1286 4632 diagram
1306 4514 1402 4574 iuJ.'
1395 4529 1418 4562 rs

260 4599 374 4647 without
391 4596 519 4660 meaning

817 4677 830 4726 1
852 4681 869 4726 2
