3542 5359
361 610 421 674 144
579 595 735 656 OPERIS
750 593 941 663 MAJORIS
964 593 1080 655 PARS
1106 595 1279 669 QUINTA.

358 779 461 823 unum
485 760 562 837 duo,
576 779 661 842 quae
679 777 747 822 non
769 756 925 822 accidunt
947 757 980 820 in
1002 758 1079 823 forti
1103 758 1200 822 oculo
1222 766 1356 840 propter
1374 777 1507 822 causam

358 862 403 925 ibi
418 863 542 927 datam.

189 965 258 1030 Rays
270 966 334 1018 nom
402 966 546 1050 Quando
560 987 639 1031 vero
654 965 768 1032 oculus
784 967 904 1050 aspicit
922 965 1096 1032 candelam
1112 975 1146 1031 et
1160 966 1310 1031 demittit
1324 966 1508 1050 palpebras,

188 1033 310 1083 aeandle.
357 1070 449 1137 videt
461 1070 632 1136 candelam
649 1070 807 1154 projicere
826 1072 937 1136 radios
952 1071 987 1134 in
1003 1072 1142 1136 modum
1157 1071 1343 1153 pyramidis
1359 1070 1509 1136 radiosae

357 1174 450 1256 cujus
487 1195 591 1238 conus
622 1184 672 1239 est
704 1175 737 1238 in
769 1175 918 1249 candela,
950 1185 985 1240 et
1018 1175 1181 1256 dispersio
1213 1174 1378 1238 radiorum
1409 1173 1509 1238 valde

357 1278 520 1344 sensibilis
550 1279 588 1344 fit
614 1298 727 1345 versus
759 1279 904 1344 oculum.
951 1278 1054 1360 Cujus
1086 1299 1187 1343 causa
1219 1289 1279 1355 est,
1301 1278 1392 1361 quod
1425 1277 1509 1342 radii

357 1383 515 1449 candelae
540 1387 663 1449 cadunt
686 1384 890 1467 supercilia,
914 1393 947 1447 et
972 1382 1028 1466 pili
1054 1383 1101 1446 illi
1125 1392 1202 1446 sunt
1226 1383 1321 1466 politi
1348 1382 1509 1447 habentes

357 1487 520 1552 rationem
536 1489 672 1570 speculi,
688 1498 823 1571 propter
846 1488 938 1570 quod
957 1487 995 1551 fit
1018 1487 1156 1552 reflexio
1177 1489 1221 1552 ab
1244 1487 1292 1550 eis
1315 1487 1349 1550 in
1367 1486 1509 1564 oculum,

356 1591 489 1673 quando
507 1593 553 1655 sic
569 1592 767 1656 inclinantur
781 1602 818 1656 ut
834 1591 950 1655 oculus
964 1592 1070 1675 possit
1086 1593 1230 1676 recipere
1246 1590 1357 1656 radios
1369 1591 1510 1655 reflexos

355 1695 399 1759 ad
429 1695 664 1780 aequalitatem
701 1695 898 1778 angulorum
928 1696 1135 1760 incidentiae.
1182 1696 1228 1761 Et
1259 1697 1336 1760 ideo
1371 1717 1438 1759 non
1476 1695 1510 1760 in

356 1820 554 1883 quocunque
569 1801 633 1866 situ
648 1800 798 1866 ciliorum
814 1799 878 1864 hoc
894 1800 1023 1878 accidit,
1039 1799 1099 1866 sed
1114 1801 1147 1863 in
1163 1801 1393 1865 determinato.

187 1930 313 1982 Scintilla-
402 1903 546 1986 Quando
562 1926 641 1970 vero
656 1905 759 1968 homo
781 1904 901 1987 aspicit
919 1904 1044 1987 aliquid
1067 1905 1279 1986 splendidum
1301 1914 1336 1968 ct
1355 1904 1509 1988 politum,

187 1997 344 2112 fflffrlgg
358 2018 393 2072 ut
405 2029 534 2074 crucem
552 1999 603 2074 de¹
611 2008 734 2074 electro
750 2030 850 2091 super
864 2009 1053 2092 campanile
1064 2009 1117 2073 vel
1128 2010 1245 2074 turrim
1257 2009 1370 2085 altam,
1382 2008 1511 2073 videbit

187 2144 220 2178 on
231 2145 246 2178 a
258 2135 336 2178 tower
357 2113 547 2195 hujusmodi
563 2133 682 2197 corpus
700 2112 797 2177 valde
813 2111 1000 2192 scintillare,
1017 2116 1150 2197 quando
1162 2115 1246 2178 radii
1258 2113 1336 2177 solis
1345 2114 1398 2178 vel
1414 2113 1510 2177 lunae

187 2193 344 2310 ssugtffissf’h‘
357 2219 478 2282 cadunt
495 2237 594 2300 super
611 2218 692 2282 illud
717 2229 750 2282 et
774 2216 987 2282 reflectuntur
1009 2218 1043 2281 in
1065 2218 1181 2282 visum.
1227 2217 1329 2299 Cujus
1345 2225 1510 2281 causaest

356 2322 517 2387 sensibilis
539 2323 680 2387 variatio
703 2321 816 2404 anguli
838 2307 976 2404 propter
997 2332 1127 2388 motum
1150 2321 1274 2388 stellae.
1321 2323 1410 2385 Nam
1434 2321 1509 2384 licet

354 2435 490 2510 propter
519 2427 711 2491 distantiam
743 2425 857 2490 stellae
883 2448 905 2490 a
930 2426 1037 2506 nobis,
1059 2447 1126 2491 non
1154 2426 1353 2509 percipimus
1379 2434 1508 2488 motum

355 2528 435 2611 ejus,
462 2539 572 2595 tamen
602 2540 738 2612 propter
764 2530 1025 2594 mediocritatem
1052 2531 1230 2595 distantiae
1260 2530 1406 2613 corporis
1433 2529 1509 2593 talis

356 2632 564 2698 scintillantis
606 2655 782 2719 possumus
816 2634 967 2716 judicare
1000 2637 1043 2698 de
1085 2655 1163 2700 casu
1206 2634 1288 2698 lucis
1326 2633 1509 2698 secundum

355 2738 495 2821 angulos
517 2739 663 2803 variatos
685 2739 877 2804 admotum
900 2738 1026 2818 stellae,
1041 2748 1075 2802 et
1099 2741 1175 2803 ideo
1197 2739 1328 2804 videtur
1348 2736 1510 2821 projicere

357 2845 468 2910 radios
507 2846 689 2910 secundum
737 2845 867 2908 diversa
909 2843 982 2909 loca
1022 2854 1055 2909 et
1095 2842 1282 2908 scintillare.
1343 2842 1380 2907 Si
1420 2844 1509 2906 enim

358 2948 615 3033 imaginaremur
629 2959 746 3027 rotam,
762 2947 855 3030 cujus
877 2956 1028 3013 centrum
1051 2958 1139 3013 esset
1161 2958 1310 3013 centrum
1335 2946 1460 3024 mundi,
1476 2956 1511 3010 et

358 3053 622 3117 circumferentia
637 3063 724 3116 esset
739 3052 868 3116 coelum
886 3061 1026 3132 motum,
1041 3063 1121 3116 tunc
1137 3051 1215 3115 licet
1232 3053 1313 3114 radii
1337 3051 1467 3115 extensi
1490 3072 1510 3113 a

358 3165 471 3220 centro
487 3176 591 3239 usque
602 3159 645 3220 ad
661 3156 970 3233 circumferentiam,
989 3157 1022 3220 id
1038 3167 1098 3230 est,
1116 3157 1197 3220 rami
1213 3177 1270 3219 seu
1291 3155 1399 3219 baculi
1416 3154 1511 3217 infixi

358 3259 392 3322 in
430 3269 543 3323 centro
577 3268 610 3323 et
647 3260 780 3323 deducti
813 3260 856 3323 ad
883 3261 1190 3334 circumferentiam,
1219 3280 1285 3322 non
1314 3267 1511 3341 apparerent

359 3365 484 3426 moveri
522 3384 627 3446 prope
663 3364 961 3428 circumferentiam
999 3373 1136 3448 propter
1179 3363 1372 3428 distantiam
1412 3363 1513 3442 visus,

357 3467 511 3533 videntur
533 3477 646 3532 tamen
676 3467 874 3532 sensibiliter
901 3469 1026 3531 moveri
1054 3469 1139 3533 circa
1165 3477 1315 3531 centrum
1342 3467 1387 3530 ab
1413 3467 1510 3529 oculo

357 3570 466 3656 posito
496 3593 600 3656 prope
629 3572 720 3636 illud.
776 3573 820 3637 Et
852 3573 926 3637 ideo
956 3573 1107 3637 similiter
1137 3573 1219 3636 radii
1247 3571 1327 3636 solis
1354 3571 1511 3635 cadentes

357 3694 456 3758 super
473 3696 543 3738 rem
564 3675 618 3740 hic
635 3675 766 3741 inferius
788 3676 912 3742 facient
932 3677 1121 3741 sensibilem
1143 3676 1363 3740 variationem
1386 3673 1510 3757 anguli,

357 3777 433 3842 licet
449 3779 482 3842 in
497 3778 567 3843 sole
592 3800 659 3843 non
684 3769 985 3864 appareret'nobis
1015 3791 1136 3845 motus.
1183 3780 1229 3843 Et
1251 3779 1305 3842 hic
1327 3788 1378 3843 est
1403 3797 1510 3842 novus

357 3883 475 3948 modus
508 3883 748 3949 scintillationis
782 3886 872 3968 quod
904 3885 1040 3969 promisi
1070 3885 1104 3948 in
1142 3883 1416 3967 praecedentibus
1456 3902 1510 3945 me

357 3985 427 4052 fore
450 3987 613 4052 dicturum
626 3986 646 4054 ¹.

777 4197 1005 4262 Caprrunuu
1031 4197 1093 4262 VI.

190 4371 292 4421 Double
402 4371 464 4436 Est
478 4382 589 4437 autem
602 4372 775 4454 vulgatum
791 4373 879 4455 apud
897 4373 1133 4456 perspectivos‚
1144 4372 1233 4455 quod
1250 4369 1385 4452 speculo
1401 4370 1510 4452 posito

187 4437 344 4552 ὲωζῖξὲἐῗ
358 4474 391 4538 in
406 4496 484 4539 vase
503 4476 648 4541 habente
670 4497 801 4559 aquam,
818 4497 894 4540 cum
915 4476 1041 4562 duplex
1062 4485 1224 4560 appareat
1243 4475 1289 4539 ibi
1310 4476 1429 4556 imago,
1447 4495 1510 4538 una

186 4569 318 4686 Ιίιῗῗὲἷξτά
422 4631 430 4662 ¹
449 4633 500 4682 See
512 4633 556 4684 the
568 4633 724 4696 concluding
734 4641 858 4684 sentence
869 4633 901 4684 of
907 4635 952 4683 the
963 4635 1072 4697 chapter
1082 4649 1117 4684 on
1129 4633 1310 4693 Scintilletion,
1324 4648 1349 4695 p.
1365 4634 1420 4682 126.
