3542 5359
357 667 414 712 120
594 650 749 708 OPERIS
774 648 960 719 MAJORIS
985 649 1098 706 PARS
1124 647 1295 720 QUINTA.

763 935 990 1001 crannum
1015 933 1094 999 Vn.

781 1127 834 1190 De
850 1125 1089 1190 scintillatione

190 1325 339 1376 difficulties
404 1311 450 1374 Et
466 1311 516 1372 his
537 1331 671 1376 annexa
689 1320 740 1373 est
763 1308 939 1374 difficultas
960 1310 1189 1394 philosophica
1204 1311 1311 1389 valde,
1326 1312 1384 1375 sed
1408 1310 1514 1394 magis

189 1393 336 1506 {wlff
361 1414 541 1479 insolubilis
557 1435 657 1496 quam
674 1414 784 1496 aliqua
800 1425 929 1496 praeter
945 1414 1071 1478 iridem.
1103 1415 1206 1480 Omni
1222 1426 1321 1501 nocte
1336 1435 1513 1497 possumus

189 1538 319 1600 overcqme
359 1519 477 1583 intueri
501 1539 552 1582 res
575 1520 607 1580 in
631 1519 750 1600 quibus
773 1519 892 1584 accidit
916 1518 1107 1598 hujusmodi
1130 1519 1307 1597 dubitatio,
1322 1520 1411 1582 uude
1431 1519 1514 1582 nihil

189 1589 302 1704 ifffl‘if'*
360 1623 482 1687 totiens
496 1621 648 1686 videmus
664 1622 757 1704 cujus
772 1642 907 1687 causam
924 1624 1032 1686 minus
1048 1623 1210 1700 sciamus3
1234 1632 1269 1686 et
1288 1633 1338 1686 est
1360 1622 1403 1685 de
1427 1623 1513 1685 scin-

360 1726 524 1792 tillatione
553 1725 731 1789 stellarum.
778 1725 904 1791 Stellae
926 1746 1003 1789 vero
1027 1726 1116 1789 fixae
1137 1726 1317 1809 aliquando
1339 1725 1514 1790 manifeste

361 1829 551 1906 scintillant,
575 1839 608 1894 et
638 1828 817 1913 aliquando
849 1850 924 1894 non.
981 1829 1137 1895 Planetae
1166 1831 1302 1912 quidem
1332 1831 1512 1893 secundum

360 1931 600 2002 Aristotelem¹
628 1955 694 1996 non
721 1933 909 1998 scintillant.
967 1935 1169 2000 Scintillatio
1191 1955 1270 1998 vero
1298 1944 1349 1998 est
1378 1934 1512 2017 quidam

361 2048 484 2101 tremor
510 2037 634 2112 stellae,
658 2047 691 2101 et
722 2048 832 2103 motus
863 2059 1035 2124 apparens,
1061 2049 1094 2102 et
1124 2039 1188 2102 hoc
1217 2040 1364 2101 maxime
1394 2038 1514 2102 accidit

360 2143 494 2225 quando
516 2141 632 2206 stellae
654 2153 731 2207 sunt
755 2143 787 2205 in
811 2152 885 2205 ortu
900 2144 953 2206 vel
974 2143 1008 2205 in
1030 2163 1158 2220 occasu,
1177 2152 1214 2207 ut
1228 2141 1429 2206 Aristoteles
1443 2141 1514 2204 vult

362 2249 393 2308 in
409 2247 555 2313 secundo
567 2245 660 2310 Coeli
676 2255 710 2310 et
728 2245 856 2322 Mundi,
866 2247 944 2329 quia
957 2257 1035 2313 tunc
1051 2248 1205 2310 videntur
1218 2247 1322 2329 magis
1334 2247 1467 2323 distare,
1477 2253 1514 2307 ut

361 2350 513 2415 habitum
537 2359 596 2426 est,
618 2360 653 2416 et
676 2349 751 2414 ideo
774 2351 862 2413 visus
886 2351 995 2415 minus
1018 2351 1177 2414 certificat
1200 2371 1266 2414 eas.
1313 2351 1402 2413 Nam
1421 2349 1513 2412 Aris-

362 2452 483 2518 toteles
492 2453 598 2536 primo
610 2453 832 2520 Posteriorum
844 2465 878 2518 et
890 2456 1035 2521 secundo
1049 2454 1141 2518 Coeli
1152 2464 1185 2518 et
1197 2454 1315 2517 Mundi
1325 2454 1415 2529 dicit,
1424 2452 1513 2536 quod

363 2579 461 2622 causa
473 2558 571 2640 hujus
589 2558 634 2620 rei
651 2569 701 2621 est
717 2567 853 2646 propter
868 2559 1059 2624 distantiam
1076 2558 1246 2623 stellarum
1263 2558 1415 2633 fixarum,
1428 2558 1514 2620 unde

363 2663 443 2745 quia
459 2662 611 2746 planetae
627 2672 704 2728 sunt
719 2683 831 2747 prope,
842 2663 917 2728 ideo
934 2684 999 2726 non
1015 2664 1205 2740 scintillant,
1219 2674 1257 2726 ut
1272 2663 1361 2726 dicit.
1407 2657 1452 2724 Et
1468 2662 1514 2723 ait

363 2768 452 2850 quod
468 2786 534 2830 non
549 2777 601 2829 est
616 2767 697 2830 haec
712 2768 824 2854 passio
845 2769 878 2830 in
894 2767 1006 2845 stellis,
1022 2770 1080 2832 sed
1098 2769 1230 2832 videtur
1251 2765 1359 2830 solum
1380 2772 1516 2849 propter

364 2871 598 2935 resolutionem
616 2880 649 2934 et
664 2881 842 2936 tremorem
858 2873 956 2950 visus,
971 2873 1049 2956 quia
1066 2882 1102 2935 ut
1118 2871 1226 2949 infert,
1242 2868 1396 2953 planetae
1410 2887 1515 2951 prope

364 2985 452 3052 sunt,
477 2985 510 3038 et
535 2976 611 3038 ideo
638 2986 758 3061 potens
782 2986 832 3040 est
856 2996 956 3058 super
982 2996 1038 3039 eos
1064 2977 1164 3040 visus.
1211 2975 1268 3037 Ad
1292 2973 1379 3037 fixas
1402 2983 1515 3036 autem

364 3090 534 3160 porrectus
565 3081 678 3142 tremit
708 3091 844 3163 propter
874 3080 1139 3162 longitudinem:
1171 3080 1248 3161 quia
1277 3087 1402 3142 tremor
1427 3077 1516 3139 visus

364 3183 442 3244 facit
459 3182 560 3264 ipsius
575 3183 654 3245 astri
670 3184 772 3246 videri
790 3194 918 3247 motum
934 3184 1015 3246 nihil
1031 3184 1117 3246 enim
1134 3184 1243 3246 differt
1259 3183 1383 3245 moveri
1398 3180 1516 3256 visum,

364 3292 420 3347 aut
443 3285 533 3365 quod
558 3294 719 3348 movetur.
766 3285 860 3350 Haec
881 3295 932 3349 est
947 3288 1111 3351 sententia
1126 3285 1318 3350 Aristotelis
1333 3284 1515 3348 secundum

366 3389 456 3473 quod
468 3409 511 3450 ex
521 3386 671 3471 pluribus
681 3390 952 3455 translationibus
964 3391 1128 3474 colligitur
1138 3391 1315 3468 evidenter,
1325 3398 1358 3452 et
1368 3388 1516 3450 maxime

368 3515 427 3579 per
437 3513 510 3556 eam
526 3513 613 3575 quae
629 3493 819 3558 immediate
834 3495 877 3559 de
895 3494 1025 3558 Graeco
1040 3495 1152 3579 purior
1167 3504 1217 3558 est
1232 3493 1397 3557 transfusa
1407 3491 1429 3554 ².

196 3623 272 3672 Com·
412 3598 480 3663 Sed
494 3617 568 3659 cum
583 3597 671 3661 dicat
684 3599 845 3676 absolute,
858 3601 948 3681 quod
961 3600 1116 3684 planetae
1127 3621 1193 3663 non
1205 3599 1393 3677 scintillant,
1404 3607 1517 3662 tamen

196 3687 340 3802 ffifflffis
368 3704 439 3769 vult
462 3703 608 3766 secundo
633 3701 725 3766 Coeli
749 3714 783 3767 et
806 3703 933 3782 Mundi,
949 3706 1040 3787 quod
1060 3704 1110 3768 sol
1127 3704 1377 3786 quodammodo
1396 3702 1517 3780 tremit,

183 3820 301 3884 'planem'
399 3857 408 3888 ¹
425 3853 572 3906 Aristotle‘s
583 3854 651 3904 view
671 3871 705 3904 on
722 3856 896 3907 Scintillation
911 3860 1009 3907 throws
1024 3859 1089 3907 such
1107 3858 1172 3920 light
1191 3874 1226 3907 on
1242 3858 1287 3907 the
1302 3858 1445 3907 discussion
1462 3859 1518 3908 that

365 3938 467 3987 follows
485 3936 540 3984 that
556 3933 576 3982 it
593 3935 615 3982 is
633 3935 692 3982 well
710 3941 737 3982 to
754 3943 833 3998 quote
851 3938 870 3986 it
888 3938 951 3999 sully
973 3938 1023 4002 (De
1037 3938 1114 4001 Coelo,
1128 3938 1188 3999 itu,
1204 3939 1272 3999 §6):
1295 3938 1376 3999 ἡγὰρ
1391 3937 1445 4002 ὄψις
1461 3939 1518 3987 dro-

365 4019 493 4081 τειναμένη
509 4015 603 4078 μακρὰν
618 4015 743 4066 ἑλίσσεται
761 4018 799 4066 διὰ
816 4017 861 4080 τὴν
873 4019 1007 4070 ἀσθίνειαν,
1037 4021 1118 4082 Ὀτερ
1128 4019 1207 4069 αίτιστ
1222 4020 1280 4069 ἴσως
1290 4020 1331 4068 καί
1346 4020 1392 4069 τοῦ
1406 4021 1518 4076 στίλβειν

364 4097 490 4166 φαίνεσθαι
502 4093 558 4145 τοὺς
569 4095 669 4160 ἀστίρσς
680 4095 736 4146 τοὺς
747 4097 922 4162 ίνδεδεμίνους,
934 4098 990 4148 τοὺς
1003 4099 1029 4149 δὲ
1046 4101 1172 4162 πλάνητας
1187 4099 1220 4161 μὴ
1235 4098 1356 4154 στίλβειν
1372 4101 1396 4148 σί
1411 4100 1456 4161 μὶν
1471 4100 1519 4166 γὰρ

367 4178 489 4240 πλάνητες
499 4174 648 4238 miretur,
661 4175 720 4224 ὥστ’
733 4175 850 4240 ἐγκρατὴς
861 4176 923 4228 οὖσα
933 4179 991 4242 τρίς
1002 4177 1090 4227 αὐτοὺς
1104 4179 1242 4242 ἀφικνεῖται
1255 4181 1270 4241 ι)
1284 4177 1346 4242 ἄρα·
1357 4179 1413 4242 πρὸς
1429 4180 1454 4228 δὲ
1463 4181 1519 4230 τοὺς

366 4253 640 4323 μίνυνταςκραδαίνεται
656 4253 694 4304 διὰ
713 4253 743 4304 τὸ
761 4257 844 4318 μῆκος,
862 4257 1039 4320 ἀτοτεινσρίνη
1057 4258 1134 4322 τόρροι
1149 4257 1215 4308 λίαν.
1240 4258 1270 4306 '0
1289 4256 1315 4306 δὲ
1339 4259 1426 4321 τρόμος
1443 4260 1519 4322 αὐτῆς

303 4357 306 4364 ·
367 4337 433 4390 τσιεΐ
447 4335 492 4384 τοῦ
511 4331 602 4397 ἄστρου
621 4335 700 4384 δοκεῖν
718 4333 777 4385 εἶναι
795 4334 841 4398 τὸν
857 4336 963 4400 κίνησιν·
980 4336 1051 4387 οὐθὲν
1066 4337 1114 4400 γὰρ
1130 4337 1237 4400 διαφέρει
1252 4336 1327 4385 κινεῖν
1337 4337 1384 4398 τὴν
1395 4336 1449 4403 ὅφιν
1461 4337 1477 4400 ἢ
1489 4339 1519 4388 τὸ

366 4421 380 4469 ὁ
413 4433 493 4478 μενον.

380 4417 414 4528 M:
426 4495 555 4556 Probably
566 4494 611 4542 the
623 4494 775 4542 translation
788 4494 818 4542 of
828 4493 940 4543 William
952 4495 982 4543 os
991 4494 1153 4559 Moerbecke,
1168 4498 1243 4546 made
1254 4497 1319 4546 from
1336 4499 1380 4546 the
1392 4498 1479 4547 Greek
1493 4507 1520 4548 at

367 4579 412 4627 the
424 4573 575 4638 suggestion
594 4572 624 4621 ol
636 4572 748 4622 Thomas
760 4573 883 4636 Aquinas,
902 4576 926 4623 is
936 4575 999 4624 here
1011 4576 1126 4626 referred
1138 4586 1173 4627 to.
1197 4579 1249 4630 See
1259 4582 1275 4643 J
1278 4585 1396 4646 ourdain,
1411 4584 1435 4633 T
1432 4583 1519 4632 mduc·

367 4658 431 4705 ›t'ons
442 4655 544 4702 Larum
560 4652 703 4716 d'An'stote,
717 4667 741 4714 p.
754 4654 785 4712 67
799 4653 852 4714 (ed.
866 4655 951 4717 1843).
1304 4662 1309 4668 '
