3542 5359
537 615 650 675 PARS
675 614 898 675 SECUNDA:
934 617 1023 676 cAP.
1054 617 1105 676 VI.
1337 617 1397 697 483

242 778 405 861 obliquos,
419 791 500 843 tunc
522 779 634 845 radius
656 781 803 844 incidens
825 791 859 844 et
883 780 1026 844 reflexus
1049 790 1244 864 separantur
1266 780 1340 847 loco
1362 791 1397 846 et

242 883 376 965 distant,
393 888 451 951 sed
466 897 577 950 tamen
593 896 669 950 sunt
686 886 718 949 in
733 887 850 949 cadem
866 886 1046 969 superficie.

288 989 418 1054 Deinde
444 991 719 1057 considerandum
746 1000 797 1053 est
823 994 978 1064 secundo,
1006 994 1096 1073 quod
1125 991 1262 1055 reflexio
1289 991 1396 1055 omnis
1410 1012 1527 1078 Eqnality
1540 1014 1570 1062 or

244 1089 281 1154 fit
302 1094 343 1156 ad
363 1096 502 1176 angulos
516 1097 678 1179 aequales,
699 1096 782 1160 sicut
799 1094 1011 1160 Ptolemaeus
1031 1097 1075 1160 de
1096 1094 1235 1180 Opticis‚
1253 1095 1316 1158 hoc
1336 1106 1396 1172 est,
1409 1078 1537 1195 Εξᾎξηὲξ

245 1196 455 1279 Aspcctibus,
472 1211 505 1265 et
521 1202 674 1265 Alhazen
696 1202 731 1263 in
752 1200 973 1284 Perspectiva,
988 1210 1022 1265 ct
1037 1201 1182 1283 Jacobus
1197 1200 1338 1265 Alkindi
1353 1200 1396 1263 de
1409 1212 1506 1285 andre-

243 1300 455 1384 Aspectibus,
484 1317 520 1371 et
545 1327 662 1370 omnes
692 1315 843 1370 auctores
872 1306 1087 1370 concordant.
1133 1305 1234 1370 Unde
1265 1304 1394 1387 experi—
1408 1276 1550 1406 mgb,

243 1418 391 1472 mentum
415 1420 448 1475 et
471 1431 569 1475 causa
595 1422 630 1476 et
653 1410 790 1475 effectus
815 1411 880 1474 hoc
903 1411 1091 1487 ostendunt,
1114 1420 1149 1475 et
1176 1412 1298 1475 docent
1324 1408 1393 1471 fieri
1406 1408 1567 1473 experimen.

245 1512 465 1579 instrumenta
488 1516 619 1580 adhoc
644 1515 883 1598 experiendum
895 1512 917 1575 ¹.
964 1514 1010 1578 Et
1035 1515 1079 1578 de
1105 1514 1191 1579 facili
1218 1533 1395 1598 possumus

242 1618 352 1681 dicere
372 1620 462 1706 quod
484 1620 512 1683 si
531 1620 712 1703 accipiatur
732 1619 986 1683 instrumentum
1009 1619 1196 1682 columnare
1217 1618 1394 1683 rotundum

244 1721 372 1784 circiter
391 1723 600 1788 altitudinem
624 1725 719 1808 pedis
741 1731 775 1786 ct
797 1724 926 1787 dimidii
949 1724 1042 1805 cujus
1062 1724 1203 1788 latitudo
1225 1733 1276 1786 est
1296 1721 1395 1785 semi-

244 1826 373 1907 pedalis
388 1848 570 1892 concavum
586 1830 722 1893 interius
737 1838 771 1892 et
785 1829 857 1891 sine
871 1829 943 1892 basi
965 1828 1124 1911 superiori
1143 1829 1268 1891 habens
1289 1826 1395 1889 basim

244 1930 436 2008 inferiorem,
463 1934 496 1996 in
528 1953 595 2015 qua
624 1934 845 1998 constituatur
874 1932 1046 2014 speculum
1076 1952 1273 2005 convexum,
1304 1930 1396 2011 cujus

243 2034 367 2115 speculi
383 2036 565 2119 superficiei
585 2037 803 2101 subtendatur
818 2057 924 2100 conus
942 2048 1080 2119 quartae
1100 2039 1202 2119 partis
1224 2035 1335 2100 circuli
1354 2035 1398 2097 de

243 2157 318 2201 aere
332 2139 384 2202 vel
400 2140 466 2206 alio
482 2141 629 2218 metallo,
645 2152 680 2206 et
702 2141 790 2205 illius
812 2142 1006 2223 quadrantis
1026 2141 1115 2205 basis
1137 2150 1254 2224 tangat
1277 2141 1397 2203 instru-

244 2245 348 2307 menti
372 2248 612 2311 concavitatem
635 2246 806 2311 lateralem
833 2244 1014 2308 habentem
1038 2245 1197 2309 foramina
1221 2264 1322 2328 parva
1346 2263 1398 2306 ro·

243 2348 349 2411 tunda
366 2350 398 2411 in
418 2350 564 2427 circuitu,
579 2370 598 2412 e
614 2352 740 2413 directo
762 2369 905 2433 quorum
922 2348 1085 2412 lineantur
1106 2350 1138 2411 in
1162 2349 1285 2412 lamina
1307 2349 1397 2412 dicta

243 2453 485 2532 protractiones
507 2453 666 2517 linearum
690 2474 789 2538 super
810 2474 894 2536 quas
911 2455 1048 2517 veniunt
1064 2454 1144 2517 radii
1168 2454 1210 2516 ad
1226 2452 1395 2536 speculum

244 2563 279 2617 et
313 2574 410 2636 super
443 2577 527 2639 quas
557 2557 779 2633 reflectuntur,
812 2559 858 2621 ita
887 2558 977 2639 quod
1005 2557 1090 2622 linea
1126 2558 1273 2620 incidens
1299 2576 1398 2640 super

244 2659 414 2738 speculum
426 2671 460 2724 et
471 2661 594 2726 reflexa
605 2664 797 2726 contineant
809 2662 948 2745 angulos
965 2661 1119 2743 aequales
1135 2681 1210 2725 cum
1227 2660 1399 2745 superficie

245 2764 378 2845 speculi,
391 2765 476 2829 inter
492 2785 576 2847 quas
591 2766 871 2849 perpendicularis
885 2768 985 2830 cadat
1002 2767 1034 2829 in
1051 2763 1210 2828 foramina
1226 2768 1268 2828 ad
1284 2786 1397 2849 supcr-

246 2864 353 2930 ficiem
376 2868 508 2951 speculi,
531 2889 631 2951 quam
655 2870 957 2953 perpendicularem
984 2870 1199 2933 circumstant
1222 2870 1326 2933 lineae
1350 2870 1397 2932 in·

247 2972 395 3036 cidentes
417 2984 450 3036 et
477 2973 631 3051 reflexae,
653 2973 817 3038 videbitur
846 2976 890 3038 ad
920 2993 1052 3037 sensum
1082 2973 1252 3055 quomodo
1281 2984 1399 3038 natura

246 3086 403 3156 operatur
427 3076 510 3140 miro
533 3078 654 3154 mod03
687 3078 844 3161 quoniam
869 3078 980 3141 radius
1002 3078 1137 3141 veniens
1160 3078 1279 3142 redibit
1302 3098 1399 3161 super

246 3179 366 3243 lineam
389 3182 612 3246 continentem
642 3183 815 3266 aequalem
846 3182 1006 3264 angulum
1036 3182 1161 3266 angulo
1193 3181 1398 3260 incidentiae,

245 3295 279 3348 et
306 3306 372 3349 non
402 3306 502 3369 super
529 3288 639 3363 aliam,
661 3289 688 3350 si
719 3287 1003 3370 experimentator
1032 3286 1113 3350 sciat
1144 3308 1179 3351 se
1209 3296 1325 3371 aptare
1354 3288 1396 3351 ad

246 3400 372 3454 secreta
390 3400 527 3457 naturae
546 3393 768 3470 continenda;
789 3400 825 3455 et
846 3391 958 3454 radius
980 3392 1116 3455 veniens
1138 3411 1237 3475 super
1259 3410 1398 3474 perpen-

247 3494 424 3559 dicularem
444 3496 563 3561 redibit
579 3497 671 3575 inse,
686 3507 723 3560 ut
738 3496 781 3560 ad
800 3514 934 3559 sensum
951 3505 1066 3576 patere
1082 3504 1201 3578 potest.

279 3655 288 3684 ¹
306 3656 362 3705 The
380 3657 466 3708 fourth
482 3660 551 3708 book
567 3660 597 3710 of
609 3660 733 3719 Albazen,
747 3673 804 3719 cap.
815 3671 840 3718 3,
855 3657 928 3718 gives
943 3672 959 3704 a
975 3672 1039 3718 very
1056 3656 1166 3704 detailed
1183 3664 1293 3704 account
1312 3655 1342 3705 of
1355 3656 1399 3705 the

247 3738 423 3784 construction
436 3738 467 3785 of
480 3739 525 3786 the
540 3744 681 3799 apparatus
692 3737 732 3784 for
743 3738 840 3797 testing
850 3736 895 3783 the
908 3735 1022 3796 equality
1034 3734 1064 3781 of
1071 3735 1116 3781 the
1127 3734 1218 3793 angles
1233 3732 1263 3781 of
1275 3734 1400 3782 reflexion

246 3814 298 3861 end
311 3814 450 3864 incidence
479 3816 536 3864 The
544 3830 618 3864 cases
626 3814 656 3864 of
665 3816 748 3877 plane,
758 3813 896 3875 spherical,
907 3812 1055 3873 cylindrical
1067 3811 1117 3859 and
1128 3811 1225 3859 couical
1239 3812 1344 3860 mirrors
1354 3828 1400 3862 are

245 3894 394 3953 separately
409 3893 590 3954 investigated.
625 3893 692 3956 [See
711 3891 767 3941 also
778 3890 883 3951 Vitello,
900 3890 941 3938 lih
957 3906 979 3940 v.
999 3906 1024 3953 9,
1040 3890 1125 3937 which
1146 3888 1169 3937 is
1188 3888 1280 3939 almost
1296 3890 1400 3952 exactly

248 3972 342 4031 copied
350 3971 415 4020 from
423 3972 550 4031 Alhazem
559 3972 658 4032 though
670 3986 699 4019 as
707 3969 780 4018 usual
789 3962 901 4018 without
910 3967 1192 4030 acknowledgement]
1217 3967 1273 4015 The
1285 3968 1399 4030 descrip-

247 4048 303 4096 tion
328 4050 469 4098 illustrates
489 4051 535 4099 the
557 4058 674 4099 extreme
697 4064 758 4097 care
776 4048 854 4096 taken
877 4048 913 4109 by
940 4048 984 4094 the
1006 4046 1077 4095 Arnb
1100 4046 1283 4108 investigators
1305 4046 1331 4093 in
1354 4046 1399 4095 the

248 4129 424 4177 construction
436 4128 467 4177 of
475 4128 545 4177 their
554 4128 729 4176 instmmenta
759 4124 817 4173 'l'he
832 4125 936 4174 orifices
947 4126 972 4173 in
982 4125 1028 4173 the
1044 4124 1174 4185 armillary
1185 4124 1298 4185 through
1313 4124 1400 4173 which

247 4205 292 4253 the
312 4222 373 4268 ruys
389 4222 461 4256 were
478 4206 601 4255 admitted
617 4220 689 4254 were
706 4204 762 4253 half
776 4220 792 4251 a
812 4204 975 4264 bnrleycom,
995 4218 1026 4250 or
1045 4201 1178 4251 one-sixth
1196 4202 1225 4251 of
1241 4217 1275 4251 an
1294 4202 1356 4252 inch
1373 4204 1399 4250 in

247 4284 379 4333 diameter.
417 4286 468 4334 But
486 4284 526 4332 for
536 4298 609 4333 more
619 4283 720 4346 predae
736 4282 919 4343 investigation
931 4283 975 4329 the
986 4280 1074 4329 orifice
1086 4296 1141 4329 was
1155 4281 1243 4329 closed
1253 4280 1318 4328 with
1330 4296 1398 4341 wax,

247 4363 299 4411 and
315 4379 331 4411 a
341 4363 446 4411 smaller
457 4363 572 4425 opening
582 4362 657 4410 made
672 4360 785 4423 through
797 4360 842 4408 the
855 4358 952 4409 central
965 4358 1046 4421 point.
1081 4357 1198 4419 Fartber,
1212 4359 1398 4420 acomparison

247 4456 304 4489 was
324 4443 399 4490 mede
416 4442 536 4490 between
553 4440 598 4490 the
618 4456 665 4502 ray
682 4440 789 4501 passing
805 4439 872 4486 from
888 4438 934 4485 tlte
946 4436 1036 4486 orilice
1056 4436 1084 4484 in
1101 4436 1146 4485 the
1165 4436 1294 4497 armillnry
1310 4443 1338 4484 to
1355 4438 1400 4485 the

247 4522 320 4581 point
337 4520 368 4567 of
381 4520 508 4567 reflexion
525 4518 636 4579 through
654 4534 669 4565 a
686 4516 774 4565 closed
791 4517 854 4564 tube
871 4516 923 4564 and
940 4531 955 4564 ι
973 4515 1071 4563 similar
1087 4530 1134 4575 ray
1152 4513 1306 4563 unconlined
1325 4514 1350 4561 in
1368 4514 1401 4563 its

248 4613 366 4659 passage.
394 4597 417 4646 lt
428 4612 485 4645 was
496 4597 576 4646 noted
587 4598 644 4645 that
654 4594 699 4643 the
710 4594 833 4643 reflected
845 4609 893 4655 ray
903 4608 959 4643 was
972 4593 1050 4641 found
1062 4592 1161 4641 feebler
1171 4593 1197 4641 in
1210 4592 1254 4641 the
1265 4591 1321 4640 first
1333 4607 1401 4654 case,

248 4677 347 4739 though
358 4676 403 4726 the
414 4675 541 4725 direction
552 4688 609 4723 was
620 4672 764 4722 unalterod.

785 4753 860 4815 152
