3542 5359
410 578 735 639 PERSPECTIVAE
759 581 874 640 PARS
899 582 1060 641 PRIMA:
1094 584 1204 644 DIST.
1235 584 1301 642 VII.
1396 600 1437 662 47

588 1006 869 1074 DISTINCTIO
895 1008 1120 1076 SEPTIMA.

325 1160 468 1225 Habens
486 1164 628 1245 capitula
648 1174 799 1246 quatuor.
846 1166 990 1230 Primum
1011 1179 1148 1233 evacuat
1171 1191 1313 1236 errorem
1336 1171 1433 1246 visus,

275 1264 335 1347 qui
354 1263 447 1330 fieret
461 1266 487 1329 si
502 1269 623 1333 vitreus
638 1280 672 1333 et
686 1268 834 1353 glacialis
850 1280 960 1335 essent
975 1272 1125 1355 ejusdem
1140 1284 1286 1340 naturae.

718 1608 944 1675 caprinum
973 1610 1000 1675 Ι.

323 1778 505 1864 Postquam
536 1792 696 1847 evacuata
725 1794 776 1848 est
801 1784 948 1849 conlusio
973 1785 1117 1865 videndi,
1143 1808 1230 1853 nunc
1256 1793 1430 1856 ostendum
1444 1802 1545 1853 Thess

275 1895 329 1947 est
352 1887 523 1968 quomodo
547 1886 620 1964 alia,
647 1888 680 1951 in
706 1888 826 1971 quibus
851 1890 938 1953 inest
962 1909 1062 1971 error,
1084 1893 1240 1958 vitentur.
1285 1898 1375 1961 Nam
1402 1896 1431 1959 si
1444 1878 1600 1987 {ffim

272 1989 360 2052 radii
394 1991 576 2071 pyramidis
611 1990 743 2055 visualis
780 2004 978 2057 concurrant
1013 1995 1046 2058 in
1080 2008 1229 2061 centrum
1261 2000 1431 2065 anterioris
1445 2000 1506 2060 ¹0⁰⁸,
1519 2018 1548 2051 ⁸0

273 2094 437 2177 glacialis,
460 2105 538 2160 tunc
562 2107 693 2178 oportet
719 2098 809 2179 quod
834 2098 1024 2163 dividantur
1045 2100 1089 2163 ab
1111 2102 1262 2182 invicem,
1283 2114 1317 2168 et
1339 2106 1430 2188 quod
1443 2067 1556 2198 ἓξὲξ

272 2199 337 2261 suit
368 2200 524 2263 dextrum
554 2198 613 2264 fiat
650 2200 818 2265 sinistrum
852 2212 887 2266 et
916 2223 935 2265 e
964 2213 1090 2285 contra,
1119 2216 1152 2271 et
1187 2209 1335 2291 superius
1370 2209 1429 2273 fiat
1442 2198 1589 2315 l'⁰⁰}¹²¹“({

271 2301 417 2380 inferrus,
432 2314 465 2366 et
480 2304 525 2368 stc
539 2314 632 2369 totus
647 2306 730 2369 ordo
745 2307 791 2369 rei
806 2304 896 2370 visae
914 2308 1105 2386 mutabitur,
1120 2320 1156 2375 ut
1173 2311 1267 2376 nen
1285 2322 1379 2395 patet
1394 2314 1427 2378 rn
1442 2273 1570 2316 'mm‘
1590 2303 1597 2316 '

272 2406 401 2489 figura:
424 2418 458 2471 et
473 2408 519 2472 ita
535 2428 600 2472 non
612 2409 721 2472 veniet
736 2410 861 2491 species
876 2411 1018 2477 dextrae
1036 2449 1129 2483 omn..
1320 2450 1425 2485 snm

273 2513 380 2595 partis
399 2512 443 2577 rei
462 2514 505 2578 ad
530 2514 639 2579 locum
662 2535 768 2589 suum,
790 2515 849 2578 sed
873 2516 918 2579 ad
938 2535 1017 2579 con-

272 2619 412 2681 trariam
431 2628 568 2701 partem,
584 2627 619 2682 et
635 2618 680 2683 sic
701 2620 744 2683 de
764 2618 906 2696 sinistro,
922 2630 958 2685 et
974 2622 1018 2684 dc

272 2720 349 2784 aliis
378 2720 571 2786 differentiis
600 2721 781 2806 positionis.
843 2721 1018 2805 Quatenus

272 2845 356 2907 ergo
371 2825 423 2889 hic
440 2848 529 2891 error
543 2826 664 2891 vitetur
684 2836 718 2891 et
734 2826 860 2909 species
877 2828 1021 2893 dextrae

272 2932 382 3015 partis
411 2942 519 2997 currat
544 2932 725 2997 secundum
752 2951 846 2995 suam
876 2944 1016 3015 partem,

271 3044 310 3099 et
340 3035 468 3100 sinistra
494 3036 674 3101 secundum
700 3056 806 3113 suam,
832 3046 867 3099 et
896 3037 943 3100 sic
975 3037 1017 3101 de

270 3138 356 3215 aliis,
366 3150 497 3221 oportet
508 3142 598 3222 quod
614 3140 657 3203 sit
667 3137 756 3203 aliud
772 3140 856 3202 inter
871 3140 1016 3204 anterius

269 3240 420 3326 glacialis
454 3253 488 3308 et
519 3243 604 3307 inter
635 3253 786 3307 centrum
818 3244 898 3326 ejus,
925 3246 1015 3327 quod

268 3347 432 3429 impediat
447 3346 638 3430 hujusmodi
648 3368 854 3413 concursum.
883 3348 929 3411 Et
939 3349 1019 3414 ideo

268 3450 442 3533 ingeniata
451 3463 501 3516 est
510 3464 637 3526 natura,
648 3462 684 3515 ut
694 3464 832 3534 poneret
841 3452 1015 3517 humorem

268 3556 414 3619 vitreum
431 3566 510 3619 ante
525 3566 673 3621 centrum
688 3554 844 3639 glacialis,
857 3557 947 3639 quod
964 3566 1016 3620 est

267 3659 408 3723 alterius
422 3660 678 3743 diaphaneitatis
692 3670 725 3724 et
741 3659 875 3726 alterius
900 3661 1015 3740 centri,

268 3774 309 3828 ut
320 3776 434 3848 posset
447 3762 516 3826 fieri
527 3763 643 3828 fractio
653 3763 686 3828 in
697 3786 746 3837 eo,
759 3776 923 3846 quatenus
938 3764 1018 3828 radii
1035 3763 1214 3846 pyramidis
1229 3761 1426 3848 elongentur

266 3890 289 3933 a
304 3888 465 3935 concursu
484 3868 518 3930 in
540 3877 688 3932 centrum
709 3870 881 3933 anterioris
901 3868 1057 3954 glacialis.
1104 3868 1189 3932 Cum
1207 3889 1287 3951 ergo
1307 3888 1423 3932 omnes

265 3972 353 4038 radii
368 3972 552 4054 pyramidis
568 3972 719 4037 radiosae
738 3983 869 4057 praeter
890 3993 1000 4049 axem,
1014 3973 1071 4056 qui
1093 3973 1209 4038 transit
1230 3994 1291 4057 per
1311 3972 1423 4039 omnia

264 4086 392 4154 centra,
415 4077 478 4141 sint
503 4076 707 4141 declinantes
729 4077 771 4141 ad
796 4075 937 4159 angulos
959 4076 1110 4159 obliquos
1130 4098 1229 4160 super
1250 4076 1422 4141 humorem

263 4182 419 4249 vitreum,
435 4182 527 4263 quod
546 4190 597 4245 est
613 4178 746 4245 alterius
761 4180 1024 4263 diaphaneitatis‚
1040 4191 1173 4265 oportet
1192 4182 1283 4265 quod
1306 4200 1422 4245 omnes

262 4286 310 4349 illi
331 4286 416 4351 radii
435 4284 632 4367 frangantur
645 4285 678 4348 in
693 4284 765 4367 ejus
780 4283 960 4367 superficie,
975 4285 1059 4349 sicut
1074 4286 1222 4369 superius
1237 4284 1270 4347 ln
1289 4283 1419 4349 tractio-

262 4390 363 4454 nibus
378 4388 596 4453 certificatum
611 4397 672 4453 est
714 4387 759 4451 Et
774 4389 930 4470 quoniam
944 4388 1064 4454 humor
1077 4390 1198 4453 vitreus
1216 4398 1267 4451 est
1289 4386 1420 4451 densior

259 4494 421 4561 anteriori
436 4492 577 4577 glaciali,
592 4493 668 4557 ideo
689 4502 832 4577 oportet,
848 4494 940 4575 quod
955 4491 1072 4558 fractio
1087 4492 1145 4557 fiat
1160 4492 1244 4555 inter
1257 4491 1419 4556 incessum

258 4610 393 4665 rectum
420 4607 456 4661 et
480 4596 786 4681 perpendicularem
813 4599 999 4663 ducendam
1025 4619 1046 4663 a
1072 4596 1146 4661 loco
1178 4592 1352 4675 tractionis,
1378 4604 1416 4660 ut

1161 3620 1222 3671 Frc.
1235 3636 1274 3685 31.
