3542 5359
547 663 746 724 SCIENTIA
772 664 1164 725 EXPERIMENTALIS.
1371 665 1425 725 181

276 820 341 887 hae
366 827 557 906 pyramides
586 827 685 891 simul
696 825 718 891 ¹.
764 827 910 910 Quando
935 848 1014 891 vero
1043 828 1160 892 oculus
1186 827 1288 892 flectit
1318 849 1354 891 se
1384 831 1428 894 ad

276 927 432 993 dextram
462 930 513 995 vel
544 933 717 1009 sinistram,
739 952 867 997 sursum
897 931 950 995 vel
980 933 1143 1006 deorsum,
1174 933 1284 1017 capite
1314 943 1427 997 tamen

276 1043 431 1097 manente
454 1035 624 1116 immobili,
648 1037 738 1101 cadit
760 1036 910 1120 pyramis
938 1036 1072 1100 visualis
1094 1037 1273 1102 secundum
1298 1048 1426 1120 partem

275 1134 327 1198 vel
343 1140 524 1202 secundum
540 1150 648 1204 totum
663 1150 762 1205 extra
778 1141 886 1204 locum
902 1141 1086 1223 pyramidis
1100 1141 1200 1205 iridis.
1239 1140 1340 1224 Quod
1356 1141 1427 1204 fieri

276 1249 387 1320 potest
409 1243 487 1324 quia
517 1254 667 1308 centrum
697 1244 785 1309 oculi
816 1245 848 1308 in
877 1244 942 1308 hoc
973 1253 1067 1308 motu
1099 1254 1149 1308 est
1172 1244 1344 1309 immobile
1369 1266 1428 1328 per

277 1345 366 1422 quod
381 1347 502 1410 transit
516 1348 590 1411 axis
605 1348 789 1431 pyramidis
804 1348 903 1426 iridis,
919 1357 953 1412 et
973 1348 1049 1412 ideo
1072 1348 1219 1431 pyramis
1235 1350 1318 1413 haec
1336 1348 1427 1412 iridis

273 1445 363 1528 jacet
393 1447 463 1514 fixa
494 1450 526 1514 in
548 1451 624 1514 loco
646 1473 716 1528 suo,
738 1451 816 1516 licet
847 1451 993 1534 pyramis
1022 1452 1157 1516 visualis
1186 1460 1361 1516 moveatur
1393 1461 1427 1516 et

277 1560 425 1616 mutetur
446 1555 627 1618 secundum
650 1557 741 1638 quod
764 1555 879 1619 oculus
894 1555 1013 1638 aspicit
1035 1554 1168 1618 inferius
1193 1554 1247 1618 vel
1268 1556 1426 1637 superius,

275 1665 334 1718 aut
352 1675 372 1718 a
389 1654 501 1722 latere.
547 1660 594 1723 Et
614 1669 692 1722 tunc
715 1658 793 1722 nihil
816 1660 860 1722 de
880 1659 963 1721 iride
980 1658 1165 1741 apparebit,
1181 1658 1241 1723 nisi
1263 1667 1426 1743 quantum

276 1759 318 1822 de
333 1760 404 1824 basi
419 1763 600 1842 pyramidis
615 1763 706 1826 iridis
727 1763 815 1846 capit
837 1763 943 1826 basim
961 1761 1145 1845 pyramidis
1164 1761 1306 1839 visualis,
1321 1783 1425 1846 quum

275 1863 357 1927 nihil
372 1866 502 1929 videtur
517 1867 578 1930 nisi
593 1868 684 1952 quod
701 1868 791 1931 cadit
814 1865 897 1930 inira
921 1867 1130 1948 pyramidem
1153 1866 1320 1947 visualem,
1342 1868 1425 1932 nihil

275 1968 351 2032 dico
374 1990 432 2051 per
454 1972 598 2054 speciem
613 1972 801 2035 venientem
823 1971 867 2035 ad
898 1981 1006 2035 rectos
1035 1971 1184 2054 angulos,
1217 1981 1252 2036 et
1273 1972 1363 2054 quod
1387 1970 1425 2037 fit

274 2072 400 2136 visibile
416 2073 605 2156 principale,
620 2075 706 2139 sicut
724 2074 777 2138 hic
798 2086 849 2139 est
872 2075 927 2139 iris
949 2071 1015 2160 (vel
1036 2096 1122 2158 pars,
1137 2076 1318 2139 secundum
1333 2078 1425 2161 quod

273 2179 422 2258 pyramis
430 2178 564 2242 visualis
574 2179 664 2261 capit
679 2179 722 2242 de
737 2177 812 2243 loco
828 2176 915 2265 suo),
925 2190 959 2243 et
975 2180 1158 2243 secundum
1173 2179 1236 2243 hoc
1249 2180 1424 2264 apparebit

274 2301 367 2345 arcus
384 2282 474 2346 iridis
493 2281 599 2365 major
612 2281 664 2346 vel
681 2283 796 2348 minor.
843 2283 890 2348 Et
913 2285 1001 2348 istud
1021 2293 1071 2348 est
1094 2284 1192 2348 valde
1212 2285 1423 2348 consideran·

273 2385 362 2460 dum,
377 2393 412 2449 ut
428 2387 680 2452 sciaturveritas
695 2386 796 2467 iridis,
811 2397 845 2452 et
858 2389 903 2452 de
916 2387 980 2451 hoc
996 2387 1129 2452 inferius
1145 2388 1202 2452 fiet
1216 2408 1335 2452 senno.

319 2489 456 2555 Etcum
473 2490 545 2573 jam
566 2491 716 2557 habitum
735 2503 794 2570 est,
811 2492 900 2574 quod
917 2511 993 2556 cum
1008 2492 1151 2558 altitudo
1173 2491 1252 2556 solis
1267 2489 1365 2556 suerit
1379 2510 1421 2570 42

276 2594 437 2675 graduum
452 2596 505 2660 vel
529 2597 642 2680 major,
657 2617 723 2661 non
743 2606 856 2681 potest
877 2597 932 2660 iris
955 2616 1123 2680 apparere,
1140 2604 1252 2679 potest
1274 2596 1318 2660 de
1336 2593 1423 2661 sacili

274 2717 436 2780 apparere
458 2720 526 2784 quo
547 2710 698 2785 tempore
718 2701 796 2764 anni
812 2709 846 2764 et
870 2701 903 2764 in
925 2701 1046 2785 quibus
1065 2700 1147 2764 locis
1170 2698 1291 2764 debeat
1314 2700 1368 2763 iris
1383 2710 1420 2764 ut

275 2803 397 2886 poterit
412 2823 573 2886 apparere
587 2805 621 2868 in
637 2805 772 2869 meridie
786 2805 851 2869 diei
861 2802 885 2867 ².

688 3065 914 3130 Carmuuuu
940 3064 1000 3129 Vl.

320 3219 365 3284 Et
389 3241 465 3285 cum
484 3220 555 3303 jam
576 3221 727 3286 habitum
751 3230 801 3286 est
824 3220 867 3284 de
887 3219 1061 3285 altitudine
1084 3227 1118 3282 et
1146 3217 1371 3301 magnitudine
1390 3229 1425 3285 et
1438 3236 1467 3284 1n
1476 3235 1595 3287 latitudes

274 3322 401 3409 figurae
421 3326 591 3403 varietate,
613 3335 724 3408 potest
744 3327 787 3390 de
809 3324 896 3389 sacili
916 3335 1030 3408 patere
1048 3326 1091 3388 de
1117 3333 1267 3404 tempore
1286 3343 1424 3405 genera-
1437 3301 1586 3430 {23¹2}th

273 3429 373 3493 tionis
387 3439 421 3493 et
436 3430 519 3493 loco.
566 3430 656 3493 Nam
672 3450 775 3512 quare
790 3431 823 3493 in
842 3439 971 3494 aestate
993 3429 1083 3512 apud
1099 3427 1259 3490 servorem
1275 3428 1340 3491 diei
1356 3449 1424 3491 non
1436 3433 1547 3509 rainbow

273 3542 420 3616 apparet,
431 3552 530 3598 causa
542 3534 708 3618 assignata
718 3545 769 3600 est
778 3554 836 3619 per
851 3535 1012 3598 rationem
1023 3532 1208 3595 altitudinis
1219 3535 1423 3616 compositae
1435 3498 1583 3615 ffibeff

272 3657 293 3700 a
308 3647 403 3720 parte
414 3636 493 3703 solis
505 3647 539 3702 et
551 3638 639 3702 iridis
650 3640 829 3722 deputatae
840 3658 921 3702 suae
936 3637 1138 3719 generationi
1151 3658 1159 3712 ;
1182 3638 1241 3700 sed
1257 3647 1336 3702 tunc
1347 3646 1424 3702 ante
1435 3630 1461 3680 ¹¹¹
1473 3631 1566 3680 winter.

274 3741 445 3806 meridiem
461 3753 496 3806 et
515 3751 593 3826 post
617 3745 697 3807 dum
716 3740 767 3807 sol
786 3752 838 3807 est
855 3741 939 3804 infra
959 3741 1169 3805 altitudinem
1189 3759 1232 3819 42
1251 3743 1424 3824 graduum,

273 3855 385 3930 potest
409 3866 579 3931 apparere.
625 3845 693 3911 Sed
717 3855 831 3911 tamen
855 3845 920 3909 hoc
945 3853 1059 3927 potest
1083 3866 1157 3910 esse
1182 3847 1215 3909 in
1238 3845 1424 3911 climatibus

273 3952 372 4027 notis,
396 3972 482 4034 quae
506 3960 635 4034 septem
661 3959 844 4026 vocantur3
874 3949 933 4014 sed
958 3969 1023 4014 non
1049 3958 1184 4031 oportet
1208 3951 1298 4032 quod
1320 3949 1364 4015 sit
1390 3951 1424 4014 in

272 4055 428 4121 omnibus
471 4056 661 4140 regionibus
705 4076 725 4119 a
765 4055 878 4120 medio
925 4053 1040 4118 mundi
1078 4075 1183 4137 usque
1219 4056 1263 4118 ad
1301 4053 1424 4136 polum.

273 4157 560 4224 Considerandum
591 4169 642 4223 est
671 4158 772 4241 igitur
794 4159 886 4242 quod
916 4156 1024 4241 major
1053 4157 1197 4222 altitudo
1221 4157 1300 4222 solis
1326 4176 1425 4239 super

272 4263 477 4327 horizontem
502 4273 553 4327 est
580 4263 614 4325 in
639 4261 721 4327 hora
744 4263 903 4337 meridiei,
925 4270 960 4326 et
986 4262 1094 4326 minor
1116 4261 1260 4325 altitudo
1283 4260 1363 4323 solis
1389 4261 1424 4323 in

272 4369 427 4433 omnibus
441 4366 629 4432 climatibus
646 4368 678 4432 in
693 4368 814 4452 quibus
828 4367 878 4433 sol
895 4367 986 4432 lucet
1000 4386 1099 4451 super
1119 4365 1337 4440 horizontem,
1352 4374 1422 4429 tam

304 4533 313 4562 ¹
328 4533 354 4594 J.
367 4534 414 4583 has
429 4533 554 4584 similiter.
588 4533 670 4584 what
682 4533 704 4582 is
716 4539 802 4582 meant
814 4533 836 4582 is
849 4533 906 4582 that
917 4532 963 4582 the
973 4540 1029 4581 two
1043 4546 1123 4580 eones
1134 4529 1257 4580 coincide.

304 4609 315 4640 ²
329 4611 392 4661 This
402 4619 528 4662 sentence
539 4611 663 4676 properly
673 4612 782 4674 belongs
794 4619 822 4661 to
833 4611 878 4661 the
891 4617 956 4660 next
967 4611 1081 4672 chapter,
1090 4609 1135 4658 but
1145 4608 1218 4657 sinoe
1229 4608 1250 4657 it
1261 4608 1284 4657 is
1300 4610 1423 4672 repeated

271 4691 354 4754 there,
368 4690 379 4740 l
391 4691 457 4742 bave
470 4689 516 4742 len
526 4691 547 4741 it
558 4707 587 4742 es
598 4692 619 4740 it
630 4691 726 4740 stands
