3542 5359
527 627 643 686 PARS
667 626 890 686 sacuuon:
927 626 1016 686 [ΑΡ.
1045 627 1102 686 111.
1334 641 1391 704 471

241 786 322 849 dum
339 787 472 870 pienum
488 808 575 871 aqua
595 798 706 853 teneat
728 791 761 852 in
784 789 882 852 radiis
904 789 1045 854 fortibus
1066 788 1152 865 solis,
1168 800 1259 854 stans
1278 801 1393 854 contra
1405 793 1497 844 nonos
1505 809 1560 860 mys

243 894 355 954 radios
383 894 551 958 venientes
585 914 644 975 per
674 894 860 974 fenestram,
886 895 1031 959 inveniet
1061 905 1220 978 punctum
1252 897 1285 958 in
1318 859 1551 976 aeressiffigtissn,

244 996 452 1078 interipsum
467 1007 501 1060 et
522 997 656 1076 urinale,
671 998 723 1061 cui
747 1007 870 1081 puncto
892 998 920 1061 si
942 999 1174 1063 combustibile
1195 1010 1393 1082 apponatur,
1405 991 1513 1105 prongh
1525 1009 1542 1041 ²¹

241 1101 332 1182 quod
348 1102 391 1163 de
407 1100 494 1164 sacili
510 1103 736 1178 comburatur,
745 1104 944 1167 accendetur
959 1112 993 1167 et
1008 1103 1282 1182 inflammabitur;
1301 1105 1392 1186 quod
1415 1073 1466 1106 ω

242 1204 444 1287 impossibile
461 1215 511 1269 est
527 1205 605 1286 fieri,
621 1207 683 1271 nisi
708 1227 870 1290 ponamus
893 1207 1057 1290 duplicem
1081 1207 1272 1271 fractionem
1296 1230 1393 1293 prae·

242 1309 377 1372 dictam.
410 1309 497 1373 Nam
515 1311 625 1374 radius
640 1310 756 1376 solaris
770 1312 887 1376 exiens
902 1333 922 1375 a
938 1321 1063 1392 puncto
1077 1311 1155 1375 solis
1171 1333 1228 1394 per
1242 1323 1392 1377 centrum

124 1420 129 1427 ’
243 1412 378 1476 urinalis
401 1434 466 1478 non
489 1414 658 1497 frangitur,
673 1417 752 1498 quia
774 1426 825 1479 est
847 1415 1127 1499 perpendicularis
1150 1437 1248 1499 super
1270 1417 1393 1482 urinale

242 1529 275 1581 et
298 1539 420 1601 aquam
444 1531 478 1581 et
503 1539 623 1598 aerem,
648 1540 690 1584 eo
713 1521 803 1603 quod
827 1540 887 1602 per
916 1539 1028 1582 eorum
1058 1529 1207 1584 centrum
1238 1529 1391 1587 transeat.

246 1623 338 1686 idem
355 1623 441 1686 enim
458 1633 509 1686 est
524 1633 675 1686 centrum
689 1625 837 1687 omnium
853 1624 991 1689 istorum
1006 1623 1116 1706 trium,
1132 1625 1210 1706 quia
1232 1625 1321 1690 idem
1340 1637 1391 1690 est

242 1736 388 1790 centrum
422 1727 620 1791 continentis
650 1738 684 1791 et
713 1729 870 1793 contenti.
925 1726 1052 1792 Omnes
1075 1737 1188 1793 autem
1219 1731 1310 1808 radii,
1333 1731 1391 1814 qui

244 1841 368 1894 exeunt
392 1831 435 1894 ab
461 1833 581 1895 eodem
607 1841 733 1914 puncto
755 1831 835 1896 solis
859 1853 880 1896 a
904 1852 972 1914 quo
996 1833 1087 1896 dicta
1113 1833 1393 1916 perpendicularis

242 1935 356 2012 exivit,
365 1934 560 2016 franguntur
574 1937 757 2001 necessario
771 1957 871 2019 super
885 1956 1006 2018 corpus
1021 1937 1166 2018 urinalis,
1176 1939 1255 2019 quia
1269 1941 1394 2004 cadunt

241 2034 284 2098 ad
307 2034 447 2117 angulos
469 2036 632 2118 obliquos,
647 2046 682 2100 et
704 2040 861 2119 quoniam
883 2055 1003 2119 corpus
1026 2036 1161 2099 urinalis
1184 2047 1234 2102 est
1257 2038 1393 2103 densius

238 3514 322 3572 aere,
339 3496 415 3560 ideo
437 3493 555 3560 fractio
570 3495 661 3561 vadit
682 3494 766 3559 inter
787 3495 951 3559 incessum
972 3503 1094 3559 rectum
1118 3501 1151 3558 et
1173 3493 1390 3578 perpendicu-

239 3599 339 3662 larem
355 3601 490 3664 ductam
506 3622 527 3664 a
541 3600 616 3664 loco
630 3600 795 3664 fractionis
815 3601 847 3664 in
871 3610 1020 3664 centrum
1042 3597 1184 3679 urinalis,
1199 3607 1232 3660 et
1254 3598 1390 3681 quando

236 3706 356 3766 transit
378 3715 475 3766 extra
496 3705 539 3768 ad
564 3725 683 3783 aerem,
705 3715 785 3769 tunc
808 3724 884 3767 curn
909 3713 1058 3768 occurrat
1082 3722 1201 3786 corpus
1226 3702 1389 3778 subtilius,

238 3807 327 3869 cadit
361 3807 506 3871 incessus
536 3817 643 3871 rectus
675 3807 761 3871 inter
791 3806 985 3871 fractionem
1019 3815 1052 3869 et
1083 3805 1388 3888 perpendicularem

238 3911 423 3975 ducendam
448 3932 468 3974 a
495 3909 569 3975 loco
592 3910 769 3990 fractionis,
792 3921 829 3974 ut
857 3913 962 3994 possit
986 3911 1097 3974 radius
1123 3909 1246 3974 iractus
1271 3910 1388 3974 cadere

238 4035 337 4097 super
361 4014 661 4097 perpendicularem
685 4015 834 4096 primam,
857 4034 943 4098 quae
965 4015 1055 4078 venit
1081 4034 1101 4076 a
1125 4012 1194 4078 sole
1216 4013 1286 4077 sine
1307 4013 1388 4078 irac-

237 4121 336 4183 tione
389 4119 531 4183 Etcum
555 4119 638 4183 radii
663 4118 779 4184 infiniti
803 4128 926 4184 exeunt
948 4121 992 4183 ab
1019 4119 1135 4182 eodem
1162 4127 1284 4200 puncto
1310 4117 1389 4180 solis

238 4233 271 4288 et
295 4243 379 4286 unus
401 4222 510 4286 solum
533 4234 584 4288 est
606 4223 886 4306 perpendicularis
909 4242 1008 4307 supra
1031 4221 1165 4300 urinale,
1186 4240 1303 4284 omnes
1331 4220 1387 4286 alii

239 4325 442 4411 franguntur,
456 4338 490 4393 et
505 4338 701 4393 concununt
717 4329 749 4391 in
766 4337 925 4410 punctum
942 4347 1041 4392 unum
1057 4347 1158 4409 super
1173 4325 1389 4409 perpendicu-

237 4431 347 4503 larem,
364 4451 541 4514 quaecum
557 4433 605 4496 eis
620 4434 691 4496 exit
706 4454 727 4496 a
741 4432 819 4505 sole,
838 4442 873 4495 et
894 4431 946 4496 hic
967 4443 1109 4514 punctus
1124 4440 1173 4495 est
1191 4429 1282 4494 locus
1297 4448 1386 4492 com·

236 4536 407 4615 bustionis,
423 4537 499 4619 quia
515 4537 548 4598 in
564 4557 605 4599 eo
619 4547 864 4619 congregantur
878 4535 963 4599 radii
981 4534 1105 4614 infiniti,
1121 4545 1154 4598 et
1173 4533 1386 4618 congregatio

236 4639 318 4705 lucis
333 4639 410 4705 iacit
425 4640 698 4715 combustionem,
713 4660 799 4722 quae
814 4641 1031 4726 congregatio
1047 4661 1112 4704 non
1129 4637 1221 4703 fieret
1242 4638 1305 4702 nisi
1328 4657 1388 4722 per
