3542 5359
352 639 414 700 344
566 624 723 682 OPERIS
746 623 936 694 MAJORIS
959 623 1074 682 PARS
1098 623 1295 684 SEPTIMA.

356 786 469 850 animo
502 787 679 851 ...effici
710 795 860 870 possunt.
907 785 975 869 Qui
1005 785 1068 850 sibi
1091 787 1155 850 hoc
1179 787 1390 871 praeposuit;
1431 785 1506 867 Ego

357 902 499 954 mortem
515 891 633 954 eodem
649 889 743 955 vultu
757 911 833 955 curn
848 911 917 973 quo
937 892 1071 954 audiam
1092 891 1233 966 videbo;
1256 910 1321 974 ego
1340 889 1507 954 laboribus

356 994 615 1077 quanticumque
638 994 684 1057 illi
707 1004 812 1072 erunt,
831 995 956 1078 parebo
977 996 1088 1058 animo
1110 995 1248 1058 fulciens
1272 1015 1411 1078 corpus:
1444 1013 1508 1076 ego

356 1098 488 1161 divitias
510 1109 544 1161 et
568 1110 759 1180 praesentes
781 1109 816 1163 et
838 1101 994 1163 absentes
1016 1120 1122 1181 aeque
1144 1109 1369 1175 contemnam,
1391 1119 1459 1172 nec,
1480 1097 1509 1159 si

356 1202 477 1266 alicubi
489 1201 658 1283 jacebunt,
673 1202 806 1278 tristior,
822 1222 882 1266 nec
898 1203 924 1265 si
939 1204 1026 1266 circa
1043 1224 1096 1266 me
1113 1203 1296 1286 fulgebunt,
1307 1201 1508 1266 animosior:

356 1326 420 1388 ego
444 1305 609 1370 fortunam
633 1326 694 1370 nec
716 1308 903 1371 venientem
936 1309 1076 1372 sentiam
1108 1327 1169 1371 nec
1193 1310 1420 1372 recedentem:
1444 1327 1508 1388 ego

356 1420 461 1474 terras
476 1431 591 1473 omnes
607 1421 768 1493 tanquam
792 1431 883 1476 meas
903 1412 1034 1488 videbo,
1050 1433 1140 1475 meas
1157 1421 1316 1495 tanquam
1336 1411 1485 1475 omnium
1502 1435 1509 1474 :

358 1535 422 1597 ego
437 1515 484 1577 sic
500 1515 610 1578 vivam
625 1518 718 1598 quasi
735 1516 837 1580 sciam
853 1515 926 1580 aliis
942 1536 994 1578 me
1010 1525 1126 1580 natum
1144 1564 1150 1578 .
1168 1564 1175 1579 .
1192 1564 1199 1579 .
1218 1536 1321 1579 unum
1335 1535 1389 1580 me
1403 1516 1510 1578 dona-

358 1619 405 1681 vit
429 1620 580 1682 omnibus
602 1619 660 1682 uni
683 1620 765 1682 mihi
788 1640 906 1683 omnes
919 1641 927 1697 ;
957 1621 1114 1703 quicquid
1138 1620 1270 1684 habebo
1293 1640 1352 1684 nec
1374 1621 1511 1683 sordide

359 1723 546 1786 custodiam
570 1744 629 1786 nec
652 1724 792 1806 prodige
818 1744 996 1807 spargam;
1030 1724 1111 1788 nihil
1136 1725 1242 1808 magis
1264 1725 1433 1806 possidere
1456 1744 1512 1786 me

359 1827 492 1889 credam
508 1847 609 1910 quam
626 1829 711 1891 bene
726 1829 861 1908 donata,
874 1849 941 1892 non
958 1849 1096 1892 numero
1113 1848 1172 1893 nec
1188 1829 1334 1910 pondere
1350 1826 1513 1891 beneficia

359 1951 420 1994 nec
435 1931 503 1994 ulla
518 1931 579 1995 nisi
595 1932 786 2015 accipientis
801 1933 1033 1997 aestimatione
1043 1934 1247 2015 perpendam
1262 1953 1269 2010 3
1292 1952 1463 2014 nunquam
1476 1932 1510 1994 id

360 2035 441 2097 mihi
458 2035 600 2098 multum
616 2037 679 2099 erit
694 2038 784 2119 quod
805 2037 927 2118 dignus
942 2037 1099 2119 accipiet:
1124 2036 1204 2101 nihil
1221 2036 1387 2118 opinionis
1403 2056 1512 2114 causa,

360 2139 472 2202 omnia
497 2139 740 2203 conscientiae¹
772 2140 912 2204 faciam:
943 2142 1066 2224 populo
1088 2151 1261 2223 spectante
1284 2139 1353 2202 fieri
1377 2142 1511 2203 credam

360 2243 514 2325 quicquid
533 2263 586 2306 me
602 2245 733 2308 conscio
748 2243 866 2308 faciam
883 2266 891 2322 ;
915 2246 1035 2309 edendi
1048 2245 1128 2308 mihi
1141 2247 1203 2309 erit
1218 2244 1422 2326 bibendique
1437 2242 1512 2306 finis

361 2347 523 2410 desideria
536 2358 675 2412 naturae
690 2350 904 2431 restinguere,
920 2370 986 2414 non
996 2348 1134 2432 implere
1144 2348 1253 2413 alvum
1270 2360 1304 2412 et
1319 2349 1511 2422 exinanire;

361 2471 417 2514 ero
432 2451 548 2514 amicis
565 2451 740 2533 jucundus,
757 2453 895 2518 inimicis
919 2453 1010 2519 mitis
1030 2465 1064 2518 et
1086 2454 1208 2531 sacilis3
1231 2453 1396 2518 exorabor
1418 2464 1514 2517 ante·

361 2575 461 2637 quam
479 2574 583 2636 roger,
598 2556 747 2620 honestis
761 2558 916 2638 precibus
936 2579 1126 2636 occurram;
1150 2559 1291 2640 patriam
1313 2577 1422 2621 meam
1439 2577 1513 2620 esse

362 2660 524 2722 mundum
540 2659 641 2723 sciam
653 2669 687 2724 et
699 2662 885 2744 praesidem
899 2663 1010 2726 Deum
1022 2661 1034 2698 ²
1049 2687 1057 2740 ;
1080 2663 1168 2726 hunc
1183 2683 1282 2744 supra
1296 2683 1349 2726 me
1361 2663 1516 2744 circaque

362 2783 416 2826 me
439 2774 527 2827 stare
550 2764 712 2828 factorum
743 2765 976 2850 dictorumque
1003 2787 1197 2846 censorem;
1226 2769 1426 2849 quandoque
1456 2779 1516 2829 aut

361 2876 480 2931 natura
509 2867 661 2949 spiritum
693 2879 819 2951 repetet
850 2881 908 2934 aut
938 2870 1023 2935 ratio
1052 2870 1208 2948 dimittet,
1239 2879 1381 2934 testatus
1411 2871 1516 2932 exibo

362 2972 486 3034 bonam
503 2993 555 3034 me
575 2974 813 3037 conscientiam
836 2996 974 3050 amasse,
991 2976 1079 3038 bona
1103 2976 1222 3052 studia,
1239 2974 1361 3040 nullius
1379 2995 1438 3058 per
1463 2995 1518 3038 me

364 3074 548 3139 libertatem
575 3077 781 3142 deminutam
813 3125 820 3141 .
845 3126 852 3141 .
877 3126 885 3140 .
908 3080 965 3162 qui
989 3079 1070 3142 haec
1094 3080 1202 3143 iacere
1223 3091 1396 3162 proponet,
1419 3078 1520 3152 volet,

363 3179 553 3261 temptabit,
572 3181 615 3244 ad
634 3184 717 3245 deos
735 3183 797 3246 iter
817 3184 937 3247 faciet:
961 3204 1024 3247 nae
1046 3182 1111 3259 ille,
1131 3184 1263 3247 etiamsi
1284 3203 1350 3247 non
1365 3183 1519 3256 tenuerit,

364 3283 520 3363 “magnis
544 3279 688 3371 [tamen]
713 3287 840 3351 excidit
862 3285 983 3350 ausis’'
1028 3286 1100 3350 Vos
1122 3287 1267 3369 quidem,
1283 3289 1340 3371 qui
1360 3288 1518 3350 virtutem

364 3384 593 3467 cultoremque
615 3387 687 3469 ejus
710 3390 839 3465 odistiS,
862 3389 944 3454 nihil
969 3391 1044 3454 novi
1067 3389 1183 3455 facitis.
1229 3391 1318 3454 Nam
1350 3401 1383 3454 et
1410 3390 1519 3454 solem
1548 3449 1551 3456 .

365 3487 492 3552 lumina
507 3511 607 3572 aegra
626 3489 809 3558 formidant
828 3505 885 3558 et.
905 3541 911 3555 .
930 3541 937 3556 .
954 3505 1114 3559 nocturna
1135 3495 1291 3559 animalia
1312 3496 1430 3558 ...ad
1454 3495 1520 3578 pri-

366 3612 458 3655 mum
482 3591 554 3674 ejus
575 3604 687 3659 ortum
709 3608 854 3679 stupent,
869 3610 904 3662 et
925 3598 1064 3664 latibula
1086 3618 1147 3662 sua
1169 3600 1291 3680 passim
1315 3609 1434 3681 petunt
1456 3646 1463 3659 .
1486 3649 1520 3661 ..

365 3697 500 3780 gemite,
530 3696 695 3763 infelicem
727 3698 875 3782 linguam
910 3702 1073 3766 bonorum
1110 3714 1264 3768 exercete
1295 3703 1521 3766 convicio...

366 3801 463 3863 citius
479 3799 635 3882 frangetis
651 3804 769 3868 dentes
784 3825 886 3887 quam
911 3804 1127 3890 imprimetis’

410 3902 540 3986 ‘Quare
555 3905 609 3968 ille
624 3907 855 3991 philosophiae
870 3912 1038 3973 studiosus
1057 3921 1117 3986 est,
1133 3920 1167 3974 et
1183 3919 1296 3975 tamen
1308 3912 1402 3975 dives
1413 3911 1520 3976 vitam

366 4007 463 4089 agit?
487 4029 590 4089 quare
615 4030 696 4094 opes
719 4015 980 4078 contemnendas
1003 4014 1084 4079 dicit
1105 4023 1140 4077 et
1162 4015 1287 4078 habet?
1310 4015 1414 4079 vitam
1439 4035 1522 4080 con-

368 4113 584 4176 temnendam
613 4124 719 4196 putat,
751 4127 785 4192 et
823 4126 935 4180 tamen
965 4119 1069 4182 vivit?
1107 4117 1333 4183 valetudinem
1371 4130 1524 4185 contem·

368 4216 512 4278 nendam
536 4227 642 4299 putat,
665 4229 699 4281 et
722 4229 836 4283 tamen
858 4220 950 4284 illam
973 4221 1226 4304 diligentissime
1247 4230 1384 4288 tuetur?
1406 4269 1414 4286 .
1437 4237 1525 4290 ..et

369 4318 506 4381 exilium
531 4339 652 4384 vanum
677 4341 798 4386 nomen
828 4333 925 4406 putat
947 4335 981 4389 et
1005 4327 1072 4388 ait:
1102 4327 1182 4408 quid
1205 4337 1257 4391 est
1280 4327 1360 4391 mali
1392 4341 1526 4394 mutare

370 4422 543 4501 regiones;
567 4432 600 4485 et
618 4433 752 4488 tamen.
770 4471 778 4487 .
797 4471 805 4486 .
821 4429 961 4492 senescit
978 4429 1010 4492 in
1028 4427 1175 4512 patriai'

413 4523 459 4587 Et
476 4525 573 4589 solvit
587 4528 672 4590 hanc
685 4532 1111 4610 quaestionem,ostendens
1123 4536 1295 4615 quomodo
1312 4536 1420 4600 bonus
1438 4531 1525 4628 [est]

500 4657 509 4686 ¹
527 4674 603 4708 causa
615 4662 747 4723 scientiae,
761 4665 792 4714 D,
1006 4667 1017 4698 ³
1032 4670 1166 4732 praesides
1177 4671 1242 4720 deos
1256 4671 1390 4736 (Seneca).
