3542 5359
384 578 579 639 MORALIS
603 573 921 635 PHILOSOPHIA:
955 571 1070 630 PARS
1098 569 1264 629 TERTIA.
1338 584 1396 646 351

249 745 346 809 aliter
369 745 512 808 dixerim
538 742 590 805 his
613 739 779 804 mentibus
810 739 843 802 in
872 759 955 821 quas
975 737 1175 820 cupiditates
1197 737 1288 802 velut
1312 735 1399 800 mala

250 850 359 914 ulcera
370 856 560 931 eruperunt,
571 846 735 929 voluptati
748 865 820 907 esse
832 843 980 908 laborem
992 845 1279 926 vexationemque.
1312 840 1399 906 Sunt

249 955 337 1016 enim
354 952 521 1034 quaedam
539 970 626 1031 quae
639 969 758 1031 corpus
773 968 905 1030 quoque
921 958 1070 1011 nostrum
1092 996 1100 1011 .
1118 997 1124 1008 .
1143 995 1150 1008 .
1172 947 1345 1023 delectent,
1362 961 1398 1009 ut

249 1053 377 1120 versare
399 1077 436 1119 se
450 1065 485 1118 et
504 1064 631 1118 mutare
650 1054 798 1117 nondum
820 1051 943 1116 fessum
959 1050 1054 1132 latus,
1069 1061 1104 1114 et
1123 1052 1190 1117 alio
1210 1061 1310 1134 atque
1333 1050 1398 1114 alio

250 1164 361 1243 positu
375 1160 535 1223 ventilari.
553 1206 561 1222 .
577 1207 584 1220 .
601 1206 608 1219 .
625 1158 798 1240 Proprium
816 1158 906 1240 aegri
921 1166 972 1220 est
989 1156 1070 1220 nihil
1085 1156 1140 1220 diu
1156 1158 1225 1240 pati
1241 1169 1274 1222 et
1291 1167 1399 1221 muta-

248 1267 395 1329 tionibus
404 1275 442 1328 ut
452 1264 604 1328 remediis
614 1262 670 1326 uti.
685 1311 693 1326 .
706 1311 714 1325 .
727 1307 735 1323 .
748 1263 876 1326 Infirmi
885 1282 999 1327 sumus
1014 1262 1056 1328 ad
1073 1283 1170 1327 omne
1182 1263 1399 1337 tolerandum,

251 1390 312 1434 nec
333 1368 456 1433 laboris
477 1371 641 1452 patientes
654 1387 716 1431 nec
730 1367 921 1450 voluptatis
937 1387 998 1432 nec
1015 1378 1147 1432 nostrae
1162 1388 1222 1432 nec
1238 1367 1334 1432 ullius
1355 1369 1400 1432 rei

252 1474 384 1537 diutius.
433 1474 508 1538 Hoc
523 1473 686 1556 quosdam
702 1473 770 1555 egit
788 1473 830 1535 ad
846 1482 1000 1550 mortem,
1012 1473 1102 1555 quod
1119 1475 1289 1557 proposita
1304 1493 1402 1557 saepe

252 1580 411 1642 mutando
435 1579 468 1641 in
490 1577 607 1641 eadem
626 1575 881 1640 revolvebantur
897 1587 931 1640 et
955 1597 1020 1640 non
1041 1578 1238 1659 reliquerant
1260 1577 1402 1641 novitati

252 1683 371 1747 locum.
418 1682 566 1746 Fastidio
578 1701 651 1746 esse
666 1681 728 1745 illis
744 1682 851 1765 coepit
865 1683 935 1746 vita
951 1693 985 1746 et
1000 1683 1071 1764 ipse
1084 1682 1246 1747 mundus?

298 1788 428 1852 Deinde
447 1788 594 1850 remedia
614 1785 710 1848 insert
728 1794 844 1849 contra
863 1787 946 1850 haec
961 1787 1049 1851 vitia.
1096 1788 1142 1851 Et
1166 1789 1272 1870 primo
1294 1785 1403 1869 tangit
1416 1791 1456 1868 ὓς
1468 1789 1545 1868 Tran-

253 1913 353 1975 super
367 1892 557 1975 opinionem
579 1891 723 1954 alienam
739 1891 860 1963 dicens,
876 1891 1066 1955 ‘Adversus
1083 1893 1148 1957 hoc
1169 1891 1315 1956 taedium
1337 1911 1404 1973 quo
1416 1856 1550 1988 ‘ffif‘e'

254 1997 380 2061 auxilio
396 2007 511 2080 putem
528 1996 689 2060 utendum
702 1997 841 2078 quaeris.
869 1995 1043 2078 Optimum
1053 2007 1132 2075 erat,
1144 2007 1180 2060 ut
1190 1998 1237 2060 ait
1252 1995 1403 2059 Atheno-

253 2101 365 2180 dorus,
379 2101 510 2164 actione
526 2121 633 2164 rerum
650 2111 686 2164 et
702 2101 749 2164 rei
765 2100 918 2183 publicae
932 2101 1127 2165 tractatione
1146 2109 1180 2164 et
1195 2099 1310 2163 officiis
1328 2099 1404 2162 civi·

254 2205 340 2268 libus
356 2226 392 2269 se
407 2205 565 2269 detinere.
611 2205 700 2267 Nam
714 2215 751 2269 ut
766 2205 899 2288 quidam
915 2204 983 2268 sole
999 2212 1099 2287 atque
1118 2204 1357 2268 exercitatione
1372 2211 1405 2266 et

255 2329 335 2372 cura
354 2310 503 2390 corporis
524 2310 615 2372 diem
633 2311 769 2386 ducunt,
785 2291 984 2392 athletisque
1007 2310 1106 2392 longe
1129 2309 1339 2374 utilissimum
1354 2317 1406 2371 est

255 2413 397 2476 lacertos
406 2434 483 2476 suos
492 2413 667 2494 roburque,
679 2415 732 2476 cui
744 2435 779 2476 se
791 2413 846 2476 uni
857 2414 1100 2492 dedicaverunt,
1111 2415 1236 2496 majore
1247 2410 1406 2495 temporis

257 2527 353 2598 parte
375 2518 504 2579 nutrire.
522 2519 569 2581 ita
586 2518 682 2581 vobis
700 2518 847 2580 animum
866 2519 909 2581 ad
938 2539 1045 2582 rerum
1072 2519 1216 2581 civilium
1241 2527 1406 2581 certamen

257 2621 449 2701 parantibus
473 2622 504 2683 in
526 2641 627 2702 opere
644 2642 716 2684 esse
731 2620 830 2702 longe
850 2621 1106 2704 pulcherrimum
1122 2633 1181 2684 est.
1227 2621 1314 2683 Nam
1332 2639 1406 2682 cum

258 2723 373 2786 utilem
395 2745 431 2786 se
457 2723 585 2788 efficere
609 2726 734 2788 civibus
759 2725 1019 2807 mortalibusque
1046 2725 1251 2808 propositum
1274 2724 1406 2794 habeat,

257 2827 354 2892 simul
376 2841 411 2892 et
431 2839 604 2892 exercetur
625 2840 659 2894 et
683 2828 812 2912 proficit
834 2830 891 2912 qui
913 2831 946 2893 in
963 2830 1089 2894 ¹mediis
1107 2850 1143 2894 se
1159 2829 1270 2895 officiis
1285 2827 1406 2912 posuit,

258 2934 445 2996 communia
463 2934 656 3016 privataque
671 2955 732 3015 pro
746 2933 903 2999 facultate
918 2932 1170 2998 administrans!

304 3036 379 3101 Hoc
402 3048 515 3100 autem
540 3037 688 3102 Senecae
719 3059 786 3102 non
813 3038 933 3121 placet,
956 3039 1014 3101 sed
1041 3039 1189 3101 studium
1215 3036 1407 3120 sapientiae.

261 3141 351 3204 Dicit
367 3161 466 3222 erg03
490 3139 577 3204 ‘Sed
593 3144 672 3224 quia
689 3142 721 3204 in
738 3143 800 3205 hac
815 3157 884 3205 tam
902 3143 1018 3206 insana
1033 3141 1203 3204 hominum
1219 3140 1408 3216 ambitione,

260 3257 311 3310 tot
326 3244 618 3309 calumniatoribus
634 3247 667 3308 in
683 3247 827 3310 deterius
843 3259 932 3309 recta
947 3245 1187 3328 torquentibus,
1203 3265 1320 3328 parum
1335 3254 1409 3308 tuta

260 3348 455 3430 simplicitas
473 3358 535 3424 est,
553 3358 587 3413 et
603 3349 678 3434 plus
693 3348 839 3414 futurum
854 3370 985 3431 semper
998 3361 1048 3414 est
1069 3352 1158 3432 quod
1178 3351 1288 3413 obstet
1309 3370 1409 3432 quam

259 3454 349 3534 quod
365 3456 530 3531 succedat,
545 3473 566 3516 a
581 3455 653 3518 foro
668 3455 800 3537 quidem
816 3465 850 3518 et
866 3454 999 3536 publico
1020 3455 1240 3518 recedendum
1257 3464 1328 3517 est:
1351 3455 1409 3517 sed

260 3558 361 3622 habet
383 3560 439 3621 ubi
463 3580 499 3622 se
522 3559 621 3622 etiam
642 3559 675 3621 in
695 3559 826 3641 privato
846 3558 924 3623 laxe
946 3559 1091 3643 explicet
1114 3579 1254 3642 magnus
1272 3559 1408 3621 animus

261 3661 334 3724 Nec
362 3672 400 3725 ut
422 3662 556 3726 leonum
580 3662 839 3747 animaliumque
863 3665 1007 3745 impetus
1037 3663 1143 3727 caveis
1172 3673 1341 3725 coercetur
1364 3663 1410 3726 sic

260 3764 442 3842 hominum,
454 3786 594 3848 quorum
612 3762 811 3852 [maximae]
828 3768 861 3830 in
877 3769 1015 3831 seducto
1034 3767 1180 3829 actiones
1197 3760 1313 3853 [sunt].
1360 3765 1411 3829 lta

260 3881 374 3932 nmen
389 3870 556 3934 delituerit
572 3880 619 3948 ut,
635 3870 834 3951 ubicumque
855 3871 962 3934 otium
985 3891 1080 3935 suurn
1102 3871 1322 3948 absconderit,
1338 3889 1411 3948 pro-

261 3975 358 4036 desse
371 3972 450 4036 velit
465 3973 603 4057 singulis
621 3969 875 4061 [universisque]
893 3975 1037 4058 ingenim
1046 3994 1136 4046 voce,
1154 3973 1301 4036 consilio.
1342 3973 1413 4034 Nec

262 4078 351 4140 enim
374 4077 402 4140 is
424 4079 515 4142 solus
537 4076 735 4162 reipublicae
757 4080 895 4161 prodest
921 4079 1002 4160 qui.
1021 4087 1181 4141 ..tuetur
1206 4097 1280 4140 reos
1306 4087 1340 4140 et
1371 4076 1413 4139 de

261 4201 345 4264 pace
365 4181 522 4264 belloque
541 4194 675 4260 censet;
698 4184 756 4246 sed
779 4165 835 4265 qui
856 4183 1064 4265 juventutem
1087 4181 1293 4259 exhortatur,
1307 4178 1362 4263 qui
1380 4179 1412 4242 in

261 4296 357 4348 tanta
377 4287 540 4349 bonorum
560 4298 811 4369 praeceptorum
832 4287 946 4370 inopia
959 4285 1116 4349 virtutem
1138 4284 1273 4348 instillat
1288 4283 1412 4359 animis,

261 4389 320 4470 qui
342 4390 386 4454 ad
417 4391 592 4472 pecuniam
623 4389 878 4472 luxuriamque.
897 4438 904 4452 .
921 4437 928 4453 .
946 4399 1078 4454 ruentes
1093 4436 1101 4452 .
1117 4435 1125 4450 .
1142 4437 1149 4450 .
1165 4388 1302 4452 retrahit
1326 4396 1359 4450 et
1386 4389 1412 4448 si

261 4493 343 4556 nihil
372 4493 462 4557 aliud
493 4506 583 4558 certe
615 4488 803 4582 [moratur],
828 4496 862 4557 in
893 4495 1022 4576 privato
1050 4493 1217 4575 publicum
1244 4491 1414 4572 negotium

264 4598 344 4680 agit.
390 4597 448 4660 An
470 4596 524 4660 ille
543 4597 618 4679 plus
640 4606 795 4682 praestat,
812 4598 868 4681 qui
893 4598 976 4661 inter
991 4597 1182 4682 peregrinos
1200 4605 1234 4659 et
1252 4595 1339 4660 cives
1357 4605 1415 4659 aut
