3542 5359
389 628 445 688 108
611 628 768 688 OPERIS
792 627 980 697 MAJORIS
1005 626 1120 685 PARS
1144 625 1315 699 QUINTA.

218 813 345 862 Errorsor
388 795 571 878 perantiam
609 792 823 875 longitudinis
861 810 969 855 rerum
1006 811 1027 854 a
1057 790 1138 852 visu.
1193 788 1283 852 Nam
1319 787 1367 850 sic
1404 787 1539 850 arbores

216 879 361 1008 ffffim
390 899 530 965 multum
550 922 569 965 a
593 899 691 981 longe
713 898 851 981 positae,
866 896 1019 978 quamvis
1034 896 1099 960 sint
1113 896 1194 959 satis
1209 896 1371 960 distantes
1386 895 1539 957 videntur

218 1011 341 1060 tromdis-
388 1016 501 1068 tamen
526 1004 709 1068 continuari
740 1012 798 1066 aut
827 1003 890 1065 sibi
919 1002 1135 1084 propinquae.
1182 1001 1227 1064 Et
1258 1000 1303 1065 ob
1332 1001 1397 1065 hoc
1423 997 1538 1062 stellae

218 1085 296 1126 Μ’
387 1112 544 1174 erraticae
558 1109 821 1173 aestimabuntur
836 1107 869 1172 in
890 1108 1007 1172 eadem
1030 1107 1202 1190 superficie
1224 1127 1300 1170 cum
1325 1105 1428 1170 stellis
1450 1104 1537 1177 fixis,

386 1224 522 1296 propter
551 1215 804 1278 immoderatam
840 1213 1032 1276 distantiam
1066 1213 1236 1275 stellarum
1274 1232 1293 1275 a
1330 1211 1424 1275 visu:
1462 1230 1538 1273 cum

387 1329 499 1383 tamen
522 1320 637 1384 stellae
659 1319 815 1383 erraticae
839 1317 1017 1400 plurimum
1040 1319 1163 1382 distent
1188 1338 1208 1380 a
1231 1316 1318 1380 fixis.
1363 1316 1410 1379 Et
1434 1314 1540 1398 figura

389 1425 568 1489 multorum
594 1425 781 1506 aequalium
808 1423 948 1487 laterum
974 1425 1098 1487 directe
1119 1423 1202 1487 visui
1228 1424 1385 1506 opposita
1406 1424 1538 1488 videtur

388 1528 553 1592 circularis
584 1527 718 1612 figurae,
741 1538 774 1592 et
799 1528 937 1592 circulus
958 1526 1089 1592 videtur
1112 1538 1201 1590 recta
1223 1527 1316 1603 linea,
1339 1538 1373 1590 et
1396 1528 1539 1610 sphaera

387 1634 617 1696 aestimabitur
633 1631 731 1714 plana
748 1633 860 1714 figura.
911 1632 999 1694 Nam
1014 1643 1151 1714 propter
1166 1632 1420 1695 immoderatam
1437 1632 1539 1714 longi-

387 1737 536 1801 tudinem
558 1736 668 1820 anguli
685 1735 821 1818 figurae,
837 1736 914 1800 licet
935 1737 1002 1800 sint
1022 1735 1192 1801 sensibiles
1212 1746 1362 1820 respectu
1382 1737 1484 1799 totius
1505 1737 1538 1800 in

388 1842 502 1906 debita
526 1843 692 1917 distantia,
715 1842 849 1925 quando
872 1853 984 1906 tamen
1009 1839 1106 1904 luerit
1129 1841 1350 1904 immoderata
1371 1841 1538 1916 distantia,

388 1946 643 2011 occultabuntur
666 1966 686 2009 a
707 1947 778 2010 visu
802 1957 952 2029 respectu
975 1947 1087 2025 totius,
1109 1957 1144 2010 et
1167 1947 1244 2010 ideo
1263 1944 1465 2027 judicabitur
1488 1966 1539 2008 res

387 2050 553 2132 angularis
586 2049 748 2114 rotundae
779 2049 912 2134 figurae,
944 2050 1022 2132 quia
1055 2053 1189 2131 quando
1222 2061 1273 2113 est
1303 2049 1434 2114 clausus
1462 2049 1540 2113 talis

387 2155 536 2238 angulus,
553 2166 632 2219 tunc
647 2166 697 2217 est
714 2156 875 2219 rotundae
891 2153 1024 2238 figurae.
1071 2153 1231 2218 Similiter
1253 2175 1329 2217 cum
1353 2154 1539 2236 gibbositas

387 2279 482 2323 arcus
497 2258 607 2323 circuli
629 2259 803 2340 objiciatur
817 2259 912 2334 visui,
928 2260 1003 2323 licet
1026 2260 1170 2322 medium
1195 2259 1405 2341 gibbositatis
1426 2258 1537 2322 circuli

388 2364 430 2426 sit
451 2365 667 2448 propinquius
681 2364 763 2427 visui
779 2383 880 2446 quam
898 2365 1128 2428 extremitates
1142 2365 1184 2427 ad
1201 2364 1411 2438 diametrum,
1426 2373 1539 2428 tamen

387 2467 469 2532 haec
493 2468 721 2551 propinquitas
747 2488 813 2531 non
839 2478 978 2549 apparet
1000 2469 1082 2531 visui
1107 2479 1244 2552 propter
1265 2468 1455 2531 distantiam
1479 2469 1538 2529 im-

389 2573 614 2635 moderatam:
639 2580 674 2635 et
695 2572 770 2635 ideo
792 2571 979 2636 occultatur
1000 2591 1149 2636 accessus
1172 2572 1275 2654 partis
1297 2571 1539 2654 propinquioris

387 2675 480 2754 visui,
496 2686 530 2739 et
553 2675 698 2740 aufertur
714 2676 746 2738 in
764 2675 889 2758 judicio
903 2677 994 2740 visus
1011 2677 1083 2759 ipsa
1099 2677 1304 2766 gibbositas;
1334 2685 1539 2758 quapropter

388 2801 486 2844 curva
502 2779 587 2845 linea
602 2781 776 2863 apparebit
793 2779 908 2845 recta¹.
956 2781 1001 2844 Et
1017 2783 1061 2844 ob
1076 2781 1141 2843 hoc
1157 2782 1286 2852 accidit,
1299 2782 1389 2862 quod
1405 2781 1540 2862 quando

389 2884 467 2948 luna
482 2895 532 2948 est
547 2886 689 2967 septima
701 2885 754 2950 vel
768 2887 927 2948 vicesima
943 2885 1058 2968 prima,
1075 2894 1154 2948 tunc
1169 2884 1256 2947 linea
1271 2885 1437 2949 circularis
1452 2885 1540 2948 basis

388 2989 572 3073 pyramidis
589 2987 773 3053 luminosae
788 2989 905 3052 solaris
927 2989 1122 3072 occupantis
1142 3008 1261 3072 corpus
1283 2987 1381 3050 lunae
1401 2998 1539 3070 apparet

388 3093 474 3155 linea
491 3102 587 3167 recta,
603 3113 677 3157 cum
693 3104 806 3156 tamen
826 3095 858 3156 in
875 3093 947 3157 aliis
967 3093 1171 3176 temporibus
1186 3101 1324 3174 apparet
1338 3113 1446 3155 curva
1494 3092 1539 3154 Et

388 3197 558 3278 sphaerica
578 3197 744 3260 videbitur
766 3197 865 3278 plana
889 3207 1025 3280 propter
1049 3197 1188 3262 eandem
1215 3215 1358 3259 causam.
1404 3194 1540 3279 Propin-

389 3299 499 3383 quitas
520 3301 660 3363 tumoris
682 3299 753 3382 ejus
776 3301 909 3364 excedit
931 3300 1235 3385 imperceptibiliter
1256 3300 1539 3383 propinquitatem

389 3404 610 3467 extremitatis
633 3402 718 3466 illius
740 3405 880 3468 tumoris
904 3415 1040 3488 propter
1062 3406 1314 3469 immoderatam
1338 3404 1539 3467 distantiam.

391 3507 437 3572 Et
463 3509 537 3571 ideo
564 3508 615 3571 sol
643 3518 678 3571 et
706 3508 784 3572 luna
813 3509 968 3572 videntur
997 3530 1072 3574 esse
1100 3508 1282 3591 superficiei
1313 3509 1442 3591 planae,
1463 3526 1540 3571 cum

388 3622 501 3677 tamen
523 3611 589 3676 sint
610 3613 811 3696 sphaericae.

811 3805 1037 3871 carnorum
1063 3805 1122 3869 IV.

434 3942 487 4005 De
509 3942 706 4026 figuratione
728 3943 825 4007 lunae
847 3944 1027 4008 secundum
1050 3946 1197 4009 diversas
1218 3954 1369 4022 aetates;
1391 3953 1426 4007 et
1447 3943 1541 4008 addi-

388 4046 496 4111 tiones
512 4047 696 4130 aliquorum
712 4049 743 4111 in
764 4048 838 4112 fine.

221 4200 313 4248 Pheres
325 4199 353 4248 os
434 4183 479 4248 Et
498 4206 556 4267 per
568 4184 638 4266 jam
655 4187 744 4249 dicta
764 4195 873 4267 potest
894 4207 1054 4270 apparere
1074 4208 1174 4250 causa
1197 4187 1238 4250 de
1260 4187 1388 4249 diversa
1411 4185 1541 4266 appari-

220 4267 368 4395 Ξζξξιγοξχ
388 4284 480 4348 tione
506 4283 711 4366 figurationis
735 4285 867 4348 luminis
895 4286 1017 4350 lunaris
1047 4289 1227 4350 secundum
1256 4285 1345 4368 quod
1367 4285 1485 4348 crescit
1507 4294 1542 4348 et

420 4431 428 4459 ¹
447 4432 499 4482 See
515 4431 628 4481 Euclid's
641 4432 734 4497 Optica,
749 4448 822 4497 prop.
835 4447 876 4483 aa.
913 4431 970 4481 Ἐὰν
981 4434 1008 4482 ir
1018 4429 1054 4496 τῷ
1064 4433 1129 4494 atre
1141 4432 1242 4496 ἐπιπέδῳ
1257 4433 1284 4481 lv
1295 4429 1316 4495 ql
1327 4431 1357 4480 τὸ
1369 4431 1434 4492 ὄμμα
1450 4431 1541 4481 κύκλου

386 4510 525 4574 περιφέρεια
537 4509 602 4573 τιθῇ,
614 4513 630 4571 ἠ
641 4511 686 4559 τοῦ
696 4511 787 4559 κύκλου
797 4509 934 4574 περιφέρεια
947 4512 1025 4561 εὐθεῖα
1035 4511 1135 4576 γραμμὴ
1146 4509 1267 4573 φαίνεται.
1289 4510 1380 4560 Euclid
1392 4527 1457 4572 goes
1468 4527 1502 4561 on
1515 4519 1542 4560 to

386 4589 499 4650 explain,
516 4604 545 4638 as
566 4589 654 4637 Bacon
675 4589 747 4650 does,
765 4591 821 4640 that
839 4590 884 4639 the
904 4589 1009 4639 illusion
1031 4589 1053 4639 is
1073 4605 1145 4638 more
1164 4589 1293 4652 complete
1311 4589 1356 4638 the
1375 4597 1480 4652 greater
1497 4590 1543 4639 the

387 4667 502 4716 distance
515 4667 544 4715 oi
551 4669 595 4716 the
606 4667 697 4729 object.
