3542 5359
366 566 428 645 256
574 565 732 627 OPERIS
756 569 945 639 MAJORIS
969 567 1086 628 PARS
1110 569 1311 630 SEPTIMA.

198 743 298 808 Theory
309 743 339 794 os
367 729 532 810 sensitiva,
549 729 581 794 in
602 740 764 813 quantum
783 731 899 795 obedit
920 732 1047 806 rationi,
1061 732 1113 795 vel
1130 733 1163 795 in
1179 732 1519 815 rationedominante

196 811 332 860 theman.
367 854 465 917 super
487 843 596 916 partes
618 835 750 899 animae
775 836 961 916 sensitivae,
983 845 1017 899 et
1040 837 1085 899 sic
1114 836 1286 918 regulante
1308 857 1365 902 eas
1387 849 1426 901 ut
1447 836 1520 918 ejus

368 938 524 1003 obediant
545 940 693 1022 imperio.
740 941 786 1005 Et
809 940 907 1022 hujus
926 941 1018 1004 modi
1039 942 1143 1005 virtus
1167 942 1303 1008 moralis
1320 953 1466 1019 vocatur,
1485 951 1520 1006 et

368 1043 656 1122 consuetudinalis,
686 1063 752 1126 qua
782 1043 934 1110 homines
964 1056 1185 1110 consuescunt
1214 1066 1323 1109 mores
1352 1045 1519 1109 honestos.

369 1148 415 1211 Et
433 1147 532 1212 docet
551 1145 717 1212 secundo¹
739 1148 934 1213 Ethicorum
956 1150 1046 1232 quod
1065 1159 1141 1212 sunt
1164 1150 1351 1228 duodecim,
1367 1160 1401 1214 et
1416 1152 1458 1214 de
1473 1150 1521 1213 eis

368 1261 490 1317 tractat
506 1253 539 1315 in
550 1263 680 1334 quarto,
690 1263 724 1316 et
736 1263 833 1316 vocat
845 1273 902 1316 eas
918 1254 1123 1333 medietates,
1135 1255 1212 1336 quia
1223 1255 1392 1337 quaelibet
1407 1274 1520 1317 earum

369 1366 419 1420 est
445 1357 590 1420 medium
615 1357 792 1421 interduo
819 1358 898 1421 vitia
921 1358 1084 1422 contraria
1108 1358 1151 1421 ad
1177 1357 1318 1422 invicem
1341 1366 1376 1423 et
1397 1359 1520 1422 virtuti.

369 1461 458 1524 Nam
476 1481 578 1524 unum
594 1472 781 1525 extremum
799 1460 910 1526 deficit
927 1481 946 1524 a
961 1463 1083 1526 virtute
1097 1473 1132 1526 et
1148 1462 1238 1526 aliud
1254 1462 1522 1545 superabundat;

369 1575 406 1629 ut
422 1565 541 1628 accidit
561 1566 603 1628 de
624 1566 760 1629 avaritia
779 1586 866 1648 quae
888 1565 1001 1631 deficit
1016 1587 1036 1629 a
1050 1566 1214 1648 largitate,
1229 1575 1263 1629 et
1282 1568 1325 1630 de
1342 1566 1522 1650 prodigali-

369 1678 440 1732 tate
462 1689 548 1751 quae
570 1669 828 1751 superabundat.
873 1671 963 1734 Nam
987 1671 1099 1754 largus
1122 1672 1181 1735 dat
1203 1671 1311 1734 solum
1334 1691 1421 1754 quae
1443 1672 1523 1736 dare

370 1773 482 1848 debet,
500 1793 618 1837 avarus
638 1775 717 1838 nihil
742 1776 801 1838 dat
821 1774 873 1837 vel
897 1795 1033 1858 parum3
1059 1775 1218 1857 prodigus
1238 1776 1351 1838 omnia
1373 1775 1522 1839 effundit.

372 1876 418 1940 Et
434 1877 479 1940 sic
494 1878 538 1940 de
552 1878 640 1941 vitiis
655 1879 943 1942 circumstantibus
957 1878 1039 1943 alias
1054 1880 1260 1943 medietates.

416 1981 462 2044 Et
485 1981 564 2046 haec
587 1981 763 2047 duodecim
787 1982 967 2046 secundum
984 1981 1202 2046 Aristotelem
1222 1992 1299 2046 sunt
1321 1982 1522 2064 hujusmodi.

374 2085 485 2149 Prima
511 2096 563 2150 est
590 2086 748 2150 fortitudo
773 2087 806 2148 in
833 2087 1022 2168 agressione
1046 2087 1241 2150 terribilium
1267 2097 1302 2152 et
1327 2087 1524 2151 sustinentia

371 2193 594 2255 adversorum.
641 2189 796 2255 Secunda
823 2199 874 2254 est
901 2194 1035 2256 castitas
1065 2202 1135 2255 tarn
1162 2193 1195 2254 in
1220 2193 1267 2256 eis
1293 2212 1378 2274 quae
1407 2201 1524 2274 gustus

371 2305 457 2368 sunt,
473 2314 574 2376 quam
591 2295 623 2356 in
641 2294 704 2358 illis
719 2315 805 2377 quae
821 2304 898 2358 sunt
914 2305 1033 2360 tactus.
1078 2295 1193 2360 Tertia
1214 2307 1265 2360 est
1282 2295 1420 2381 largitas
1437 2296 1524 2360 circa

373 2398 555 2462 mediocres
577 2418 752 2480 expensas.
799 2399 888 2462 Nam
911 2409 1031 2481 quarta
1056 2400 1159 2464 virtus
1188 2410 1240 2463 est
1270 2399 1524 2484 magnificentia,

371 2522 457 2584 quae
475 2511 526 2565 est
544 2501 629 2565 circa
650 2500 835 2584 magnilica,
850 2503 902 2565 vel
918 2504 1006 2568 circa
1020 2502 1147 2586 templa
1165 2514 1199 2568 et
1221 2505 1348 2569 cultum
1365 2504 1526 2582 divinum,

371 2615 404 2671 et
415 2605 658 2688 hospitalitates
673 2616 707 2671 et
723 2617 854 2671 caetera
869 2607 958 2671 bona
973 2609 1172 2672 communia.
1210 2608 1257 2672 Et
1271 2609 1356 2673 sicut
1373 2607 1525 2689 magnifi-

372 2711 480 2774 centia
501 2719 534 2774 et
555 2710 690 2794 largitas
712 2709 868 2776 differunt
892 2712 978 2775 circa
998 2713 1181 2794 pecuniam,
1197 2713 1245 2776 sic
1269 2712 1525 2794 magnanimitas

372 2824 405 2878 et
428 2817 592 2898 quaedam
615 2815 679 2880 alia
701 2816 805 2880 virtus
827 2837 863 2880 se
885 2815 1011 2880 habent
1026 2817 1111 2880 circa
1131 2816 1285 2880 meritum
1307 2827 1341 2880 et
1363 2815 1524 2880 honorem

372 2919 510 2983 virtutis.
557 2919 658 2985 Unde
674 2921 905 3002 magnanimus
928 2931 978 2984 est
994 2921 1051 3002 qui
1073 2940 1140 2983 non
1162 2919 1361 3003 deprimitur
1380 2919 1525 2984 adversi·

372 3032 442 3086 tate
461 3043 520 3087 nec
541 3025 760 3107 prosperitate
780 3024 949 3106 gloriatur,
970 3027 1029 3088 sed
1050 3023 1158 3088 solum
1181 3026 1225 3088 de
1246 3025 1378 3088 virtute.
1424 3024 1526 3088 Unde

374 3126 630 3208 magnanimitas
652 3139 702 3192 est
724 3139 859 3193 ornatus
874 3129 1024 3193 omnium
1040 3129 1211 3204 virtutum,
1226 3130 1310 3193 sicut
1332 3129 1412 3192 dicit
1429 3127 1526 3223 Aris·

374 3229 501 3304 toteles,
518 3250 584 3312 qua
606 3231 740 3296 extollit
763 3232 865 3296 horno
888 3234 1036 3296 animum
1061 3233 1293 3316 superomnia
1315 3232 1470 3307 humana,
1492 3242 1525 3295 et

374 3333 436 3397 soli
451 3333 581 3398 virtutis
601 3335 751 3399 innititur
766 3336 931 3419 dignitati,
946 3348 981 3401 et
998 3336 1081 3400 haec
1099 3346 1150 3401 est
1172 3337 1329 3400 emeritae
1348 3337 1527 3420 probitatis

374 3495 401 3544 in
413 3495 458 3545 the
466 3497 616 3545 translation
630 3497 660 3544 ol
666 3497 868 3556 Aristotlesrom
880 3500 925 3548 the
936 3499 1023 3548 Greek
1034 3500 1121 3549 which
1134 3499 1247 3548 William
1260 3499 1434 3547 oihloerbeke
1444 3498 1526 3558 (osten

373 3575 455 3624 called
468 3575 622 3637 Flemingus,
636 3591 666 3624 or
678 3577 862 3642 Brsbantinus)
875 3581 951 3628 made
966 3586 992 3627 at
1009 3580 1053 3627 the
1070 3579 1218 3640 instigation
1231 3577 1262 3625 ol'
1273 3577 1386 3626 Thomas
1400 3576 1527 3638 Aquinas.

373 3654 416 3701 An
434 3654 528 3702 earlier
546 3655 705 3716 translation,
724 3657 780 3705 also
796 3659 953 3719 apparently
967 3657 1032 3706 irom
1049 3657 1094 3706 the
1111 3656 1208 3716 Greek,
1219 3671 1276 3705 was
1292 3657 1319 3704 in
1336 3656 1381 3704 the
1399 3655 1483 3704 hands
1500 3655 1531 3704 oi

373 3732 495 3781 Albertus
508 3732 632 3794 Magnus;
643 3735 694 3782 and
707 3735 725 3783 it
737 3735 760 3783 is
771 3735 838 3784 cited
847 3736 882 3797 by
892 3736 1006 3785 Willism
1017 3736 1048 3784 oi
1055 3736 1202 3797 Auvergne‚
1209 3736 1272 3782 who
1280 3734 1340 3783 died
1354 3735 1424 3795 1248.
1455 3733 1527 3795 This,

374 3811 448 3859 there
456 3811 476 3860 is
488 3827 563 3860 some
574 3814 674 3872 ground
683 3812 721 3862 lor
728 3813 855 3874 thinking,
865 3830 922 3863 was
933 3815 1007 3863 made
1016 3813 1059 3875 by,
1068 3829 1098 3862 or
1106 3814 1191 3862 under
1202 3812 1378 3861 thedirection
1390 3812 1420 3860 oi
1429 3813 1528 3861 Robert

374 3889 544 3940 (imese-tete.
562 3890 625 3955 [See
635 3890 769 3950 Jourdain‚
782 3907 825 3953 pp.
835 3893 877 3952 ⁶0,
891 3908 946 3955 144,
961 3893 1015 3953 180,
1028 3893 1086 3951 auu,
1099 3891 1166 3954 296]
1200 3891 1223 3940 A
1235 3892 1397 3953 comparison
1408 3891 1529 3940 between

376 3967 485 4018 Bacon's
497 3969 570 4017 short
585 3968 675 4018 sketch
692 3969 723 4017 ol
736 3969 906 4019 Aristotelian
920 3971 1003 4029 Ethic,
1015 3971 1067 4019 and
1084 3971 1129 4019 the
1145 3970 1276 4019 elaborate
1291 3976 1428 4018 treatment
1439 3969 1470 4018 oi
1482 3971 1529 4019 the

375 4048 475 4108 subject
486 4049 513 4095 in
525 4049 569 4096 the
581 4046 694 4096 Summa
705 4047 736 4096 ol
742 4047 866 4109 Aquinas,
879 4049 967 4097 would
979 4049 1012 4096 be
1028 4055 1074 4101 out
1086 4049 1116 4097 ol
1124 4047 1197 4110 place
1209 4049 1282 4099 here.
1317 4049 1435 4098 Readers
1446 4048 1476 4096 oi
1484 4050 1530 4096 the

375 4125 451 4173 latter
463 4126 496 4174 do
512 4133 558 4174 not
573 4126 640 4173 need
656 4133 683 4174 to
698 4126 731 4174 be
744 4127 798 4175 told
816 4127 872 4175 that
890 4127 934 4174 the
948 4126 1106 4175 discussions
1118 4134 1178 4175 turn
1190 4126 1215 4174 in
1229 4142 1307 4188 many
1319 4127 1406 4188 places
1417 4126 1530 4188 entirely

376 4218 410 4251 on
421 4195 467 4252 the
478 4204 641 4266 comparison
653 4204 683 4253 oi
696 4219 747 4252 one
759 4219 870 4267 passage
877 4205 909 4253 oi
915 4205 961 4253 the
971 4205 1057 4253 Euro
1067 4204 1132 4254 with
1143 4205 1262 4265 another,
1274 4221 1305 4254 or
1316 4205 1380 4254 with
1393 4220 1410 4254 a
1418 4219 1530 4266 passage

377 4280 442 4328 irom
453 4296 526 4330 some
538 4282 614 4329 other
624 4282 699 4330 work
711 4282 740 4330 ol
749 4286 755 4310 ⁸
765 4283 820 4330 The
832 4281 1021 4344 Philosopber!
1039 4282 1178 4344 Aquinas's
1190 4291 1330 4332 treatment
1342 4284 1371 4333 oi
1379 4284 1423 4332 the
1435 4284 1531 4345 theory

377 4359 408 4406 ol
420 4360 465 4407 the
481 4375 566 4420 mean,
578 4361 628 4408 and
647 4360 676 4408 ol
690 4359 723 4409 its
737 4359 900 4410 conciliation
915 4361 980 4408 with
997 4361 1042 4409 the
1059 4361 1163 4411 exalted
1180 4362 1341 4410 enthusiasm
1353 4362 1384 4410 oi
1397 4362 1530 4411 Christian

376 4437 470 4497 virtue,
478 4438 499 4486 is
506 4453 570 4498 very
578 4437 767 4488 characteristic
776 4438 806 4486 oi
814 4437 854 4488 his
861 4439 968 4500 general
975 4439 1081 4490 method
1089 4441 1141 4488 and
1150 4438 1226 4502 spirit
1233 4440 1291 4505 (see
1300 4440 1386 4490 Prima
1394 4440 1531 4490 Secundae

377 4514 482 4575 Quaest.
496 4514 555 4562 lxiv.
572 4515 628 4564 Art.
643 4517 708 4576 1-4).

412 4590 420 4618 ¹
437 4591 553 4640 secundo
566 4591 724 4654 Ethicorum,
738 4592 770 4644 D.
783 4601 809 4642 et
821 4593 853 4644 0.
861 4610 868 4654 ;
886 4594 968 4656 primo
981 4594 1087 4645 Ethioae
1099 4595 1135 4647 ll.
