3542 5359
378 622 574 682 MORALIS
597 623 915 682 PHILOSOPHIA:
957 624 1071 684 PARS
1099 622 1262 682 TERTIA.
1342 621 1404 698 269

254 805 384 849 morum
399 786 529 850 dierum
544 787 688 869 spatium
704 797 755 852 est
771 788 799 851 si
814 807 933 851 navem
951 789 1062 852 suavis
1082 787 1166 853 ferat
1180 797 1308 852 ventus.
1352 786 1403 850 At

254 888 309 952 illa
322 891 412 973 regio
427 890 579 955 coelestis
594 913 654 976 per
661 893 798 976 triginta
810 913 871 957 sex
884 892 989 956 millia
998 889 1011 928 ¹
1020 913 1181 957 annorum
1192 892 1402 956 velocissimo

252 993 351 1057 sideri
366 996 454 1059 viam
470 993 638 1078 praestat-⁹

299 1098 344 1162 Et
366 1099 542 1183 Apuleius,
562 1101 595 1164 in
618 1099 703 1165 libro
725 1102 768 1166 de
792 1101 867 1166 Deo
891 1101 1047 1180 Socratis,
1069 1102 1150 1166 dicit
1172 1102 1405 1166 convenienter
1418 1106 1547 1182 Apuleius,

253 1204 364 1266 omnia
380 1205 467 1268 bona
484 1205 672 1270 extrinseca
692 1215 725 1270 et
747 1208 897 1289 corporis
920 1227 993 1270 esse
1015 1207 1228 1290 despicienda
1245 1227 1305 1270 nec
1325 1225 1403 1269 con·
1416 1172 1569 1286 gffit'wd

253 1307 430 1373 sideranda
440 1310 472 1372 in
490 1309 587 1374 laude
598 1310 744 1374 hominis
758 1311 846 1386 boni,
860 1312 922 1374 sub
932 1311 984 1374 his
994 1311 1101 1375 verbis
1116 1311 1175 1373 ‘In
1188 1309 1379 1374 hominibus
1389 1307 1403 1345 ²
1415 1303 1499 1417 ἔξω
1509 1319 1542 1379 ‘3¹¹

252 1413 517 1495 contemplandis
546 1415 614 1480 noli
643 1416 748 1480 aliena
782 1417 975 1480 existimare
1005 1415 1063 1480 sed
1094 1416 1203 1498 ipsum
1233 1414 1402 1477 hominem
1416 1378 1558 1509 orevillly

253 1517 383 1598 penitus
399 1520 579 1598 considera,
598 1521 705 1604 ipsum
718 1533 755 1586 ut
771 1543 882 1586 meum
897 1521 1068 1587 Socratem
1084 1540 1264 1605 pauperem
1280 1529 1403 1602 specta.
1417 1509 1562 1565 9¹⁰⁸W¹¹l

252 1619 376 1686 Aliena
392 1632 505 1686 autem
520 1646 604 1689 voco
619 1647 706 1709 quae
721 1636 872 1710 parentes
890 1636 1095 1710 pepererunt,
1110 1638 1144 1692 et
1163 1647 1249 1710 quae
1271 1626 1404 1688 fortuna

254 1722 371 1804 largita
401 1737 460 1804 est,
490 1749 631 1810 quorum
662 1729 742 1793 nihil
770 1730 924 1795 laudibus
953 1730 1099 1796 Socratis
1130 1732 1195 1794 mei
1224 1730 1402 1803 admisceo,

253 1827 379 1892 nullam
395 1833 661 1914 generositatem,
679 1833 786 1897 nullos
806 1832 928 1916 longos
946 1834 1082 1911 natales,
1097 1834 1204 1899 nullas
1225 1835 1402 1898 invidiosas

254 1931 394 2000 divitias.
441 1936 548 2019 Igitur
564 1938 677 2001 omnia
699 1936 797 2001 simul
815 1940 905 2002 dona
928 1958 1101 2016 numeres;
1124 1959 1304 2021 generosus
1328 1944 1402 2001 est?

254 2048 407 2120 parentes
422 2040 546 2105 laudas.
593 2043 695 2106 Dives
709 2048 786 2106 est?
810 2063 875 2106 non
888 2044 987 2107 credo
998 2042 1160 2107 fortunae.
1206 2043 1278 2107 Nec
1295 2042 1402 2124 magis

253 2141 316 2205 ista
327 2143 510 2210 dinumero.
555 2145 696 2211 Validus
712 2153 789 2213 est?
810 2147 1017 2230 aegritudine
1032 2147 1233 2230 fatigabitur.
1279 2146 1400 2210 Pemix

253 2252 326 2309 est?
347 2248 452 2312 abibit
467 2249 500 2312 in
516 2260 729 2315 senectutem.
777 2252 957 2315 Formosus
972 2257 1047 2316 est?
1066 2262 1210 2334 expecta
1225 2251 1401 2335 paulisper,

253 2360 287 2414 et
316 2373 382 2416 non
412 2354 483 2417 erit.
530 2355 580 2419 At
609 2357 699 2420 enim
728 2357 825 2420 bonis
861 2357 987 2420 artibus
1023 2357 1152 2434 doctus,
1184 2367 1219 2421 et
1251 2357 1401 2439 apprime

253 2457 409 2533 eruditus,
425 2467 458 2521 et
479 2469 641 2540 quantum
661 2461 736 2525 licet
757 2461 882 2525 homini
902 2462 1036 2544 sapiens
1058 2471 1092 2525 et
1109 2461 1188 2525 boni
1209 2459 1402 2525 consultus?

255 2561 389 2624 tandem
412 2562 592 2646 aliquando
614 2566 723 2646 ipsum
747 2567 852 2629 virum
878 2565 1003 2629 laudas.
1050 2566 1126 2629 Hoc
1150 2563 1238 2629 enim
1257 2585 1365 2648 neque
1382 2584 1403 2626 a

255 2675 348 2744 patre
364 2667 597 2732 hereditarium
613 2679 675 2746 est,
690 2689 797 2751 neque
812 2691 831 2733 a
846 2690 923 2734 casu
940 2669 1130 2752 pendulum,
1141 2689 1201 2733 nec
1213 2691 1234 2733 a
1245 2666 1403 2749 suffragio

253 2771 501 2850 adminiculum,
517 2792 613 2837 neca
629 2793 766 2856 corpore
781 2775 954 2849 caducum,
970 2793 1029 2837 nec
1045 2774 1089 2837 ab
1107 2785 1218 2837 aetate
1233 2770 1401 2835 mutabile.

256 2872 350 2937 Haec
373 2876 485 2939 omnia
509 2897 601 2941 meus
632 2875 786 2942 Socrates
816 2877 932 2941 habuit
963 2886 997 2940 et
1020 2877 1096 2940 ideo
1118 2886 1250 2941 caetera
1279 2875 1402 2940 habere

254 2976 472 3062 contempsit.'
519 2979 661 3064 Propter
689 2983 780 3063 quod
810 2981 940 3045 Tullius
969 2982 1002 3044 in
1032 2981 1117 3045 libro
1146 2980 1189 3044 de
1220 2980 1402 3045 Paradoxis

252 3080 412 3162 gloriatur
426 3105 462 3148 se
478 3105 648 3169 nunquam
663 3105 779 3150 aumm
797 3106 856 3150 nec
878 3096 1053 3168 argentum
1072 3105 1134 3150 nec
1158 3086 1316 3150 honorem
1342 3105 1402 3150 nec

251 3185 375 3269 aliquid
392 3188 489 3271 hujus
508 3192 622 3254 mundi
639 3202 833 3274 computare
851 3191 936 3255 inter
958 3192 1056 3255 bona.
1103 3190 1149 3254 Et
1173 3188 1348 3255 Sallustius
1368 3191 1401 3252 in

254 3287 448 3356 Catilinario
469 3295 548 3359 dicit
570 3293 720 3359 ‘fortuna
741 3315 792 3358 res
815 3306 950 3360 cunctas
966 3295 1071 3378 magis
1087 3316 1131 3358 ex
1147 3295 1284 3359 libidine
1299 3315 1399 3377 quam

252 3415 295 3457 ex
310 3415 388 3458 vero
403 3396 555 3461 celebrat.
601 3397 714 3462 Primo
729 3400 890 3482 pecuniae
904 3399 1023 3464 deinde
1043 3400 1170 3482 imperii
1190 3400 1311 3482 cupido
1332 3399 1400 3463 fuit

253 3498 304 3562 Ea
319 3501 412 3581 quasi
430 3502 581 3564 materies
598 3503 749 3566 omnium
765 3503 929 3567 malorum
949 3503 1049 3568 fuere.
1094 3504 1250 3585 Namque
1264 3503 1401 3567 avaritia

251 3600 352 3667 fidem
369 3605 569 3689 probitatem
588 3616 801 3690 caeterasque
821 3618 909 3671 artes
931 3606 1036 3670 bonas
1060 3607 1241 3686 subvertit;
1263 3627 1325 3690 pro
1348 3607 1401 3671 his

250 3709 451 3789 superbiam,
489 3710 731 3790 crudelitatem,
770 3711 880 3775 Deum
919 3710 1094 3794 negligere,
1126 3711 1237 3776 omnia
1272 3712 1401 3776 venalia

251 3810 373 3876 habere
391 3812 534 3878 edocuit.
579 3815 731 3879 Avaritia
744 3816 901 3899 pecuniae
912 3817 1058 3880 studium
1074 3816 1176 3879 habet
1185 3837 1284 3899 quam
1301 3837 1401 3880 nemo

251 3917 382 3998 sapiens
406 3919 603 4001 concupivit.
653 3920 704 3983 Ea
729 3920 822 4001 quasi
847 3919 981 3983 venenis
1008 3917 1104 3982 malis
1128 3920 1256 3983 imbuta
1280 3940 1401 4003 corpus

251 4021 467 4103 animumque
475 4023 602 4086 virilem
619 4022 789 4088 effeminat
803 4045 810 4102 ;
833 4043 966 4105 semper
981 4021 1111 4087 infinita
1126 4022 1329 4100 insatiabilis,
1340 4043 1400 4086 nec

251 4123 347 4207 copia
370 4146 430 4189 nec
453 4127 565 4211 inopia
589 4126 766 4192 minuitur!
814 4128 860 4191 Et
883 4126 1010 4192 Seneca
1034 4126 1118 4190 libro
1149 4127 1249 4190 tertio
1272 4129 1315 4191 de
1349 4127 1403 4190 Ira

250 4229 340 4306 dicit,
355 4229 472 4294 ‘Circa
487 4231 684 4314 pecuniam³
702 4231 877 4314 plurimum
893 4230 1136 4295 vociferationis
1149 4239 1198 4294 est
1213 4251 1221 4308 ;
1236 4231 1319 4294 haec
1331 4231 1402 4294 fora

284 4345 292 4373 ¹
310 4347 410 4398 Seneca
430 4351 478 4399 bas
498 4350 604 4412 triginta
620 4366 709 4400 annos
744 4351 833 4400 Bncon
851 4351 934 4400 refers
951 4358 979 4399 to
997 4351 1042 4398 the
1059 4350 1209 4412 precession
1226 4349 1257 4398 of
1269 4349 1314 4399 the
1331 4351 1401 4412 equi·

251 4441 347 4484 noxes;
365 4427 467 4476 Seneca
479 4435 507 4476 to
518 4429 562 4477 the
575 4429 716 4478 revolution
729 4429 759 4478 of
768 4429 874 4479 Saturn.
909 4429 1000 4478 Suavis
1010 4427 1105 4476 should
1116 4428 1149 4476 be
1160 4443 1230 4476 suus.

282 4503 292 4532 ²
309 4505 442 4567 Apuleius,
457 4506 487 4554 de
501 4506 555 4555 Deo
569 4507 688 4567 Socrate,
703 4523 759 4572 cap.
771 4524 811 4568 24.
853 4508 939 4556 'l'here
955 4523 1000 4556 are
1016 4506 1117 4555 several
1132 4506 1256 4555 mistakes
1273 4506 1299 4554 iu
1318 4507 1349 4555 D.
1368 4507 1401 4559 Ο.

250 4585 301 4633 and
315 4583 360 4644 ll,
372 4585 458 4634 which
469 4585 488 4633 it
499 4600 555 4634 was
565 4601 706 4650 necessary
718 4594 745 4636 to
757 4593 857 4636 correct
869 4586 892 4636 if
899 4587 943 4636 the
954 4600 1065 4649 passage
1076 4601 1131 4636 was
1142 4593 1170 4636 to
1181 4585 1214 4634 be
1224 4585 1383 4648 intelligible

282 4661 508 4727 ’ffimffiae
