3542 5359
355 593 418 674 548
618 595 955 655 MULTIPLICATIO
980 595 1234 655 SPECIERUM.

355 767 390 822 et
419 758 494 821 ideo
525 779 591 822 non
614 767 868 842 corrumpuntur
892 758 925 822 in
952 778 1037 837 eam,
1063 768 1096 823 et
1123 768 1259 841 propter
1284 758 1349 822 hoc
1374 759 1513 825 omnino

355 862 514 927 deficiunt
529 864 560 925 in
575 883 611 926 se
627 872 659 926 et
681 864 712 925 in
732 863 821 927 nihii
867 863 956 927 Nam
979 866 1021 929 de
1044 864 1201 928 creaturis
1223 862 1300 927 fixis
1322 874 1356 927 et
1379 884 1512 947 perma-

355 968 511 1031 nentibus
526 968 712 1032 verificatur
725 969 816 1050 quod
831 988 899 1031 non
916 969 1038 1033 cedunt
1054 968 1087 1031 in
1103 966 1186 1031 nihil
1200 978 1234 1031 et
1250 988 1322 1033 esse
1337 968 1370 1030 in
1390 988 1511 1050 purum

356 1070 457 1147 nihil;
479 1073 536 1135 sed
554 1092 621 1135 non
636 1073 679 1136 de
692 1073 895 1136 successivis.
942 1072 1010 1136 Sed
1032 1070 1161 1135 infinita
1181 1073 1337 1136 distantia
1352 1081 1403 1136 est
1424 1073 1512 1135 inter

356 1196 475 1257 purum
505 1174 584 1238 nihil
613 1183 648 1239 et
677 1196 758 1254 esse,
782 1196 883 1258 quam
908 1174 1001 1239 finita
1025 1176 1175 1260 potentia
1201 1196 1268 1239 non
1295 1186 1407 1259 potest
1434 1196 1509 1260 per-

355 1279 500 1356 transire,
516 1287 550 1342 et
565 1279 639 1343 ideo
654 1278 780 1342 nullum
799 1300 902 1362 agens
921 1289 1067 1343 creatum
1091 1290 1203 1361 potest
1225 1300 1319 1343 suam
1343 1279 1510 1344 actionem

355 1382 389 1446 in
405 1383 493 1447 idem
511 1404 649 1447 numero
665 1404 821 1448 renovare
837 1394 914 1466 post
930 1384 1184 1465 corruptionem,
1199 1384 1278 1466 quia
1294 1404 1392 1447 omne
1406 1405 1510 1467 agens

355 1498 503 1551 creatum
518 1498 569 1551 est
584 1488 753 1570 potentiae
769 1487 890 1551 finitae.

402 1590 437 1655 Si
463 1591 639 1672 objiciatur
662 1592 752 1673 quod
776 1601 855 1654 ωηο
881 1592 914 1654 ἰη
937 1592 984 1655 eis
1006 1612 1093 1673 quae
1115 1592 1158 1655 de
1180 1591 1329 1674 potentia
1352 1592 1511 1657 materiae

354 1705 561 1779 generantur,
571 1696 778 1787 cum=eadem
793 1696 836 1757 sit
852 1696 1000 1776 potentia
1011 1697 1167 1759 materiae
1182 1706 1215 1759 et
1229 1696 1346 1760 eadem
1359 1697 1511 1779 potentia

353 1799 494 1882 agentis,
515 1818 594 1881 ergo
616 1798 704 1862 idem
724 1797 781 1864 fiet
798 1797 944 1875 effectus,
960 1800 1049 1882 quod
1074 1820 1092 1863 e
1115 1820 1292 1870 converso;
1317 1810 1350 1863 et
1373 1811 1452 1864 tunc
1475 1801 1510 1863 in

353 1906 471 1967 eodem
487 1924 562 1967 aere
577 1905 664 1970 idem
680 1925 792 1986 agens,
807 1916 844 1968 ut
860 1904 920 1981 soi,
937 1905 970 1968 in
986 1904 1125 1988 singulis
1143 1906 1260 1969 diebus
1274 1904 1511 1981 artificialibus

353 2008 429 2073 licet
444 2029 514 2073 nox
529 2009 762 2092 intercipiatur,
779 2007 875 2073 faciet
892 2011 1032 2074 eandem
1048 2010 1138 2071 diem
1154 1994 1302 2086 numero,
1314 2029 1399 2092 quae
1415 2010 1506 2091 prius

353 2110 415 2177 suit
438 2124 604 2198 corrupta,
627 2134 703 2175 cum
729 2112 800 2194 ejus
825 2113 995 2195 generatio
1019 2112 1061 2175 sit
1087 2114 1131 2177 de
1155 2114 1304 2195 potentia
1329 2113 1510 2191 materiae;

352 2217 529 2281 dicendum
545 2219 700 2299 estquod
717 2216 780 2281 hoc
796 2238 860 2280 non
877 2217 1060 2298 requiritur,
1075 2217 1152 2298 quia
1174 2218 1216 2280 ad
1240 2215 1395 2280 effectum
1419 2217 1509 2282 hunc

353 2341 417 2385 non
455 2323 654 2405 pervenitur,
687 2321 748 2385 nisi
783 2341 842 2405 per
871 2322 1035 2384 actionem
1065 2322 1205 2404 agentis,
1237 2342 1339 2403 quam
1370 2333 1504 2405 oportet

354 2427 511 2501 renovari,
535 2436 571 2490 ut
594 2428 719 2491 dictum
741 2436 802 2504 est,
822 2435 856 2489 et
878 2426 955 2489 ideo
977 2424 1114 2491 effectus
1138 2438 1324 2491 renovatur.
1370 2426 1406 2491 Si
1428 2448 1509 2491 vero

352 2531 526 2613 objiciatur
546 2524 645 2614 quod,
668 2530 694 2593 si
715 2531 840 2612 species
866 2540 954 2593 esset
977 2530 1186 2594 immediatus
1211 2530 1348 2595 effectus
1372 2534 1511 2615 agentis,

351 2644 430 2698 tunc
454 2645 566 2719 posset
589 2636 695 2699 iacere
719 2636 859 2699 eandem
884 2635 1027 2720 speciem
1058 2656 1193 2698 numero
1217 2636 1396 2699 secundum
1421 2636 1509 2700 hanc

351 2741 520 2814 rationem,
535 2741 612 2822 quia
627 2740 744 2805 eadem
761 2750 812 2803 est
828 2740 977 2822 potentia
995 2740 1150 2804 materiae
1165 2749 1198 2803 et
1217 2742 1335 2805 eadem
1358 2741 1509 2823 potentia

351 2846 478 2928 agentis
487 2868 496 2920 ;
520 2845 666 2910 similiter
680 2846 781 2910 etiam
796 2865 864 2909 non
882 2846 1052 2928 dependet
1068 2846 1112 2908 ab
1132 2844 1243 2927 aliquo
1259 2847 1349 2927 quod
1373 2847 1508 2909 caderet

350 2950 382 3012 in
399 2970 517 3033 purum
529 2949 617 3027 nihii,
627 2960 661 3013 et
676 2950 710 3012 in
726 2949 875 3031 potentia
891 2947 984 3013 finita
1001 2958 1114 3030 posset
1130 2948 1235 3012 iacere
1248 2950 1335 3012 idem
1348 2969 1507 3013 numero:

351 3055 528 3119 dicendum
553 3065 612 3129 est,
634 3055 725 3137 quod
747 3052 949 3136 impossibile
971 3063 1021 3116 est
1044 3054 1134 3135 quod
1158 3054 1282 3135 species
1305 3055 1347 3117 sit
1369 3054 1507 3118 effectus

351 3160 560 3223 immediatus
596 3159 726 3242 agentis
763 3159 873 3233 creati,
903 3178 963 3220 nec
1001 3157 1124 3238 aliquid
1162 3158 1252 3239 quod
1283 3160 1325 3221 de
1355 3160 1533 3239 potentia,

350 3264 507 3326 materiae
534 3264 692 3342 educitur,
714 3263 791 3343 quia
812 3272 946 3345 oportet
967 3261 1089 3344 aliquid
1111 3262 1330 3325 successivum
1354 3263 1506 3344 intercipi

348 3367 437 3450 quod
454 3368 496 3431 de
511 3366 602 3430 nullo
618 3366 664 3444 fit,
682 3369 790 3429 necin
806 3367 930 3448 aliquid
947 3368 1174 3450 corrumpitur,
1190 3377 1223 3430 et
1240 3368 1316 3431 ideo
1334 3369 1505 3449 dependet

349 3469 479 3534 iteratio
495 3471 632 3534 effectus
647 3473 690 3534 ab
706 3472 879 3534 iteratione
894 3472 1033 3535 actionis
1049 3484 1083 3535 et
1101 3492 1168 3535 non
1192 3482 1304 3555 potest
1327 3492 1398 3535 esse
1418 3491 1507 3535 unus

349 3596 496 3652 numero,
518 3578 602 3640 sicut
633 3596 693 3639 nec
723 3585 824 3639 actus.
871 3575 907 3639 Si
935 3576 1071 3655 dicatur,
1097 3576 1186 3658 quod
1217 3588 1298 3641 tunc
1329 3576 1507 3657 productio

348 3680 486 3746 actionis
505 3690 539 3743 et
560 3680 750 3763 hujusmodi
770 3680 1028 3744 successivorum
1048 3680 1110 3743 erit
1128 3681 1260 3757 creatio,
1276 3691 1311 3743 et
1333 3681 1380 3743 ita
1401 3700 1508 3762 agens

347 3795 494 3849 creatum
520 3786 583 3849 erit
609 3794 745 3861 creator,
770 3784 947 3847 dicendum
975 3795 1027 3846 est
1052 3785 1141 3865 quod
1168 3784 1243 3848 licet
1265 3784 1336 3865 ipsa
1358 3784 1446 3847 actio
1468 3794 1506 3848 et

348 3900 459 3953 motus
483 3899 516 3953 et
542 3900 674 3971 tempus
700 3900 734 3952 et
758 3888 876 3969 passi0‚
899 3907 986 3969 quae
1011 3895 1089 3950 sunt
1112 3889 1166 3951 via
1192 3888 1224 3950 in
1250 3886 1414 3965 effectum,
1437 3908 1507 3953 non

347 3998 470 4061 cedunt
492 3996 525 4058 in
548 3996 698 4080 potentia
721 3993 885 4072 materiae,
909 4013 969 4056 nec
992 4014 1036 4055 ex
1062 4013 1102 4056 ea
1126 3994 1351 4075 producuntur
1374 4014 1436 4057 nec
1459 4014 1508 4059 ex

346 4101 468 4182 aliqu0,
483 4111 597 4165 tamen
613 4098 787 4180 productio
804 4098 940 4160 istorum
956 4117 1023 4159 non
1039 4108 1089 4161 est
1105 4098 1235 4163 creatio.
1275 4095 1363 4161 Nam
1380 4099 1507 4163 creatio

348 4225 414 4268 non
428 4214 480 4268 est
495 4202 759 4279 successivorum,
777 4202 957 4265 secundum
981 4203 1071 4283 quod
1095 4202 1233 4265 sumitur
1258 4202 1291 4265 in
1314 4223 1395 4280 usu;
1426 4204 1509 4285 quia

347 4330 414 4373 non
438 4309 598 4392 accipitur
620 4307 742 4372 creatio
769 4307 830 4369 nisi
857 4317 1007 4389 respectu
1032 4308 1296 4387 permanentium
1326 4316 1361 4369 et
1393 4325 1506 4372 rerum

345 4414 488 4478 fixarum
512 4414 545 4475 in
570 4432 644 4476 esse
668 4411 710 4474 de
735 4410 846 4487 nihilo,
869 4419 904 4473 et
927 4410 1002 4472 ideo
1029 4410 1115 4473 bene
1141 4420 1251 4494 potest
1277 4410 1504 4476 successivum

346 4517 493 4602 produci,
508 4538 573 4579 non
589 4538 633 4580 ex
648 4516 761 4598 aliquo
777 4536 836 4579 nec
851 4517 894 4577 de
911 4514 1058 4598 potentia
1075 4515 1241 4589 materiae,
1252 4524 1285 4578 et
1300 4525 1412 4579 tamen
1428 4518 1506 4600 ejus

343 4623 518 4704 productio
557 4641 623 4685 non
661 4632 712 4683 est
745 4618 879 4697 creatio,
912 4639 971 4682 nec
1007 4620 1115 4703 ipsum
1148 4640 1251 4704 agens
1281 4629 1332 4685 est
1361 4633 1508 4706 creator,
