3542 5359
182 794 238 845 'I'lre
250 797 315 845 rain·

180 862 236 910 bow
249 877 307 912 eon·

180 927 238 976 sists
249 927 279 977 ol

180 991 295 1044 reflected

179 1074 243 1122 ruys.

177 2660 202 2711 lt
213 2660 234 2711 is
245 2667 290 2710 not

179 2728 228 2777 due
239 2735 266 2777 to

178 2793 317 2845 retraction.

355 614 412 675 188
590 618 745 679 OPERIS
771 619 959 691 MAJORIS
983 623 1100 684 PARS
1124 624 1275 685 SEXTA.

351 779 432 843 solis
451 779 603 860 reflexos,
618 782 697 865 quia
715 783 743 847 si
764 803 823 867 per
839 785 948 850 radios
968 785 1157 868 incidentes,
1172 799 1251 852 tunc
1270 797 1358 852 esset
1378 787 1434 852 iris
1455 806 1507 851 res

352 882 422 947 fixa
437 884 469 947 in
486 905 551 949 uno
571 885 646 950 loco
667 887 773 962 nubis,
789 909 876 971 quae
897 911 963 953 non
977 891 1159 956 variaretur
1173 893 1355 956 secundum
1377 902 1506 957 motum

352 988 551 1071 aspicientis,
575 1011 682 1074 neque
703 995 885 1058 secundum
909 1015 1083 1059 numerum
1105 1016 1240 1073 eorum;
1270 1016 1347 1060 nam
1371 997 1508 1079 quando

351 1093 434 1155 radii
455 1092 579 1157 solares
602 1104 772 1161 transeunt
796 1097 917 1162 nubem
940 1098 1087 1182 aliquam
1107 1120 1225 1176 raram,
1241 1109 1382 1184 apparet
1402 1099 1507 1164 nubes

351 1194 408 1259 illa
431 1197 580 1264 colorata
606 1197 717 1264 colore
742 1200 829 1278 alb0,
854 1202 940 1266 etsi
967 1223 1026 1285 per
1053 1202 1193 1267 multum
1221 1205 1372 1286 spissam,
1396 1204 1508 1267 colore

351 1301 455 1383 nigro,
479 1311 513 1365 et
542 1301 571 1365 si
597 1324 657 1386 per
681 1304 890 1384 mediocrem,
915 1306 1026 1371 colore
1054 1308 1165 1392 aliquo
1191 1311 1235 1373 de
1265 1307 1391 1372 mediis.
1439 1306 1506 1371 Sed

351 1405 438 1470 idem
461 1407 553 1470 color
571 1408 668 1472 nubis
690 1408 828 1474 diversis
850 1420 990 1494 apparet
1012 1412 1258 1494 aspicientibus,
1277 1431 1337 1476 nec
1360 1409 1508 1494 sequitur

352 1519 479 1573 motum
503 1511 701 1594 aspicientis,
719 1513 797 1596 quia
821 1533 886 1577 non
909 1515 1041 1579 videtur
1062 1536 1121 1600 per
1144 1516 1254 1580 radios
1276 1514 1430 1590 reflexos
1448 1513 1507 1578 sed

352 1633 411 1694 per
437 1614 620 1680 incidentes
646 1616 699 1680 vel
734 1616 864 1682 fractos.
920 1617 1076 1683 Similiter
1100 1621 1235 1702 quando
1264 1620 1304 1683 fit
1332 1617 1424 1684 color
1448 1637 1509 1702 per

351 1717 462 1781 radios
483 1719 665 1784 incidentes
686 1740 745 1804 per
760 1721 905 1806 lapidem
926 1723 1165 1806 crystallinum,
1181 1724 1227 1788 ibi
1248 1723 1285 1787 fit
1306 1721 1433 1800 iracti0,
1447 1721 1508 1786 sed

352 1821 441 1884 idem
472 1823 564 1887 color
589 1824 622 1886 in
652 1825 770 1888 eodem
801 1825 867 1891 situ
893 1827 1024 1890 videtur
1050 1848 1070 1891 a
1100 1827 1247 1891 diversis.
1293 1825 1506 1890 Manifestum

352 1945 431 2009 ergo
457 1928 624 2010 estquod
651 1949 717 1993 non
744 1928 783 1995 fit
810 1930 865 1994 iris
892 1951 951 2014 per
974 1939 1082 1995 rectos
1112 1932 1221 1995 radios
1247 1930 1430 1994 incidentes
1453 1928 1506 1992 vel

350 2029 481 2095 fractos.
528 2031 619 2115 Ergo
638 2054 697 2117 per
712 2033 873 2115 reflexos,
897 2035 974 2119 quia
996 2055 1065 2098 non
1087 2044 1138 2099 est
1160 2035 1223 2100 nisi
1246 2034 1370 2117 triplex
1393 2033 1505 2098 radius

351 2135 548 2218 principalis.
593 2136 665 2202 Nec
688 2157 748 2220 per
768 2139 879 2203 radios
901 2139 1124 2203 accidentales
1144 2139 1319 2214 videbitur,
1334 2158 1437 2222 quum
1460 2134 1507 2200 illi

350 2239 451 2303 situm
482 2261 547 2305 non
577 2252 708 2306 mutant
738 2243 800 2308 nisi
827 2253 1003 2308 causentur
1023 2264 1044 2307 a
1072 2242 1262 2307 reflexione.
1305 2243 1431 2306 Verum
1461 2260 1507 2304 ex

350 2344 553 2425 proprietate
574 2344 763 2410 reflexionis
786 2356 879 2429 patet
902 2347 1011 2425 idem;
1043 2367 1121 2410 nam
1144 2347 1236 2411 locus
1259 2345 1449 2412 reflexionis
1471 2354 1506 2409 et

351 2447 502 2528 imaginis
525 2458 671 2512 mutatur
686 2452 868 2515 secundum
886 2452 1104 2515 mutationem
1126 2451 1325 2533 aspicientis.
1370 2448 1439 2514 Sed
1459 2448 1506 2513 sic

350 2561 400 2614 est
423 2549 496 2627 hic3
524 2571 603 2634 ergo
625 2551 663 2616 fit
686 2573 744 2635 per
766 2553 991 2618 reflexionem.

394 2655 467 2718 Nec
500 2665 611 2738 potest
643 2657 708 2722 dici
738 2660 828 2742 quod
860 2659 1048 2723 substantia
1077 2658 1168 2723 iridis
1201 2667 1324 2735 manet,
1351 2666 1385 2722 et
1414 2655 1506 2721 locus

347 2758 501 2843 imaginis
525 2761 669 2825 variatur
694 2761 728 2826 in
758 2761 917 2826 fractione
944 2763 1121 2840 radiorum,
1142 2783 1245 2846 quum
1273 2761 1336 2825 loci
1363 2761 1505 2826 mutatio

347 2864 380 2927 in
406 2864 487 2930 iride
515 2873 566 2930 est
592 2867 775 2931 secundum
802 2867 996 2932 distantiam
1025 2867 1215 2931 sensibilem
1239 2865 1347 2943 valde,
1371 2876 1408 2931 ut
1434 2866 1504 2948 pari

347 2967 523 3033 velocitate
544 2990 611 3053 qua
636 2970 739 3034 homo
765 2981 910 3036 curreret
931 2969 986 3034 vel
1010 2971 1175 3054 equitaret
1199 2980 1361 3052 quantum
1389 2979 1503 3051 posset

347 3072 554 3138 velocissime
566 3073 587 3136 ¹.
633 3072 702 3139 Sed
723 3075 813 3139 locus
837 3074 990 3157 imaginis
1007 3076 1054 3138 rei
1071 3075 1212 3156 quietae,
1227 3073 1378 3157 quamvis
1391 3071 1497 3136 varie-

349 3188 411 3255 tur,
430 3187 544 3242 tamen
567 3199 633 3242 non
655 3179 774 3243 eadem
794 3180 972 3243 velocitate
994 3199 1061 3260 qua
1082 3178 1144 3255 iris,
1163 3179 1244 3260 quia
1263 3187 1335 3242 tota
1359 3176 1503 3241 varietas

348 3280 501 3364 imaginis
523 3291 575 3346 est
598 3283 630 3345 in
652 3281 728 3347 loco
750 3302 818 3346 uno
841 3283 1020 3358 communi,
1035 3292 1069 3346 et
1094 3285 1169 3347 ideo
1188 3292 1328 3346 vocatur
1346 3281 1504 3345 transitus

348 3385 456 3467 spatii.
503 3385 591 3451 Item
618 3386 731 3469 imago
762 3387 808 3451 rei
833 3388 925 3451 visae
954 3407 1013 3470 per
1037 3385 1231 3451 fractionem
1261 3406 1327 3450 non
1355 3385 1505 3468 sequitur

348 3489 518 3553 videntem
546 3490 573 3554 si
604 3491 792 3568 retrocedit,
818 3511 925 3575 neque
950 3491 1037 3575 sugit
1065 3491 1093 3554 si
1119 3489 1373 3573 appropinquat,
1397 3507 1505 3571 neque

348 3603 500 3658 movetur
522 3596 552 3659 ei
574 3595 853 3678 aequidistanter;
880 3596 972 3677 quod
997 3603 1092 3677 patet
1113 3614 1189 3658 curn
1207 3593 1358 3658 videmus
1380 3593 1503 3675 piscem

345 3699 496 3781 quietum
523 3699 555 3762 in
581 3720 679 3781 aqua,
702 3709 761 3765 aut
786 3699 942 3765 baculum
967 3699 1073 3763 fixum
1101 3699 1134 3762 in
1160 3717 1209 3774 ea,
1232 3708 1290 3762 aut
1314 3697 1418 3760 solem
1445 3706 1504 3760 aut

346 3802 460 3866 lunam
487 3823 547 3886 per
570 3804 715 3867 medium
739 3823 912 3888 vaporum,
936 3811 995 3867 aut
1018 3803 1130 3866 literas
1156 3802 1324 3866 mediante
1347 3799 1505 3882 crystallo

346 3906 401 3970 vel
415 3907 510 3970 vitro.
555 3905 625 3971 Sed
647 3917 758 3991 potest
773 3906 881 3991 objici,
897 3907 988 3989 quod
1008 3926 1074 3970 non
1095 3905 1139 3970 sit
1158 3905 1220 3970 nisi
1241 3904 1333 3967 locus
1353 3903 1504 3986 imaginis

347 4018 468 4090 motus,
488 4020 523 4073 et
553 4010 629 4075 ideo
659 4020 772 4092 potest
802 4009 871 4075 fieri
901 4030 961 4092 per
990 4008 1217 4074 refractionem
1248 4008 1332 4072 sicut
1362 4027 1423 4089 per
1452 4027 1504 4071 re·

347 4114 537 4179 flexionem.
591 4113 694 4198 Quod
718 4124 831 4180 autem
856 4134 923 4178 non
946 4115 990 4178 sit
1013 4115 1075 4177 nisi
1099 4113 1241 4178 mutatio
1264 4113 1328 4177 loci
1349 4113 1504 4196 imaginis

346 4219 484 4296 videtur,
500 4219 578 4302 quia
596 4218 767 4302 speculum
778 4217 800 4297 ²,
816 4228 853 4283 ut
874 4219 1015 4283 materia
1040 4227 1120 4300 apta
1142 4216 1225 4295 iridi,
1240 4227 1291 4282 est
1313 4216 1503 4295 immobile;

346 4350 400 4399 will
419 4351 451 4400 be
466 4366 531 4400 seen
547 4352 629 4401 when
647 4347 759 4401 Bacon‘s
774 4349 941 4413 explanation
958 4350 989 4400 ol
1002 4351 1048 4399 the
1065 4349 1130 4399 form
1145 4350 1196 4399 and
1209 4349 1239 4398 oi
1250 4350 1296 4398 tlre
1312 4349 1403 4398 colour
1416 4348 1447 4397 of
1458 4350 1504 4399 the

346 4429 407 4479 bow
420 4429 441 4480 is
453 4429 617 4479 considered.

378 4512 387 4541 ¹
404 4512 577 4571 velocissime,
590 4512 640 4571 U.;
656 4529 671 4560 a
684 4512 771 4562 better
781 4511 891 4573 reading
901 4512 965 4560 then
977 4511 1101 4561 velocius.

377 4590 388 4619 ¹
404 4590 462 4640 'l'lre
479 4591 604 4640 inirrorie
621 4590 666 4639 the
684 4590 902 4640 cloud-materia
912 4597 973 4652 apte
989 4589 1113 4640 iridi-or
1123 4590 1218 4653 rather,
1230 4603 1260 4638 es
1273 4589 1364 4638 Bncon
1375 4586 1501 4650 exphins,

346 4667 399 4717 itis
410 4683 426 4718 a
437 4668 574 4718 collection
588 4667 619 4717 oi
626 4668 741 4731 minore,
753 4669 818 4720 each
830 4669 953 4732 raindrop
964 4668 1043 4732 being
1053 4683 1114 4720 one.
