3542 5359
400 606 462 687 434

662 608 996 668 MULTIPLICATIO
1020 608 1275 669 SPECJERUM.

232 794 292 842 And
303 794 359 843 also
446 773 492 837 Et
518 773 604 838 ratio
630 774 673 836 ad
699 772 764 837 hoc
793 784 855 849 est,
881 792 958 835 curn
983 772 1111 854 species
1135 772 1223 836 veuit
1248 773 1293 835 ad
1320 771 1498 855 speculum,
1521 772 1545 834 si

231 860 266 922 by
276 875 377 908 reason-

231 925 292 989 ing;
309 925 334 973 iu
346 923 389 974 the

401 879 554 941 transiret
571 879 601 940 in
614 877 685 960 ejus
701 876 910 959 profundum,
924 875 1046 940 faceret
1057 875 1198 959 angulos
1214 877 1385 941 interiores
1400 875 1546 959 aequales

232 990 393 1041 casebothof
401 983 620 1047 exterioribus
640 1002 740 1063 super
760 1001 971 1046 communem
992 980 1209 1044 differentiam
1229 978 1420 1061 superficiei,
1435 982 1468 1043 in
1488 1000 1547 1061 qua

231 1056 307 1119 plane
317 1057 367 1105 and

232 1121 361 1172 oscurved
401 1096 452 1151 est
470 1088 581 1151 radius
599 1087 756 1164 incidens
771 1096 805 1149 et
823 1084 1006 1167 superficiei
1027 1085 1152 1168 speculi
1173 1085 1274 1168 plani,
1294 1096 1352 1149 aut
1373 1082 1546 1167 superficiei
1649 1154 1650 1171 χ

232 1187 347 1238 suriaooe.
400 1193 621 1275 contingentis
642 1191 814 1274 speculum
841 1210 1029 1253 convexum
1055 1190 1108 1253 vel
1135 1210 1325 1267 concavum,
1347 1190 1426 1273 quia
1449 1190 1547 1253 omnis
1649 1176 1650 1197 ³

401 1298 489 1360 linea
504 1307 594 1362 recta
608 1306 700 1359 stans
715 1316 814 1379 super
828 1295 927 1359 aliam
944 1294 1022 1359 lacit
1045 1294 1184 1378 angulos
1205 1304 1313 1359 rectos
1327 1295 1377 1357 vel
1399 1294 1546 1377 aequales

400 1402 531 1466 duobus
543 1401 650 1481 rectis,
662 1412 695 1464 et
712 1401 757 1463 ita
773 1421 817 1463 ex
834 1409 975 1481 utraque
986 1408 1080 1481 parte
1096 1399 1195 1463 laciet
1210 1409 1317 1463 rectos
1331 1400 1383 1462 vel
1400 1398 1547 1482 aequales

400 1507 517 1582 rectis3
538 1506 598 1570 sed
616 1524 731 1569 omnes
752 1504 833 1568 recti
853 1514 933 1567 sunt
951 1502 1116 1585 aequales,
1132 1512 1166 1567 et
1186 1524 1300 1567 omnes
1316 1504 1384 1568 duo
1399 1503 1548 1585 aequales
1649 1494 1650 1537 l

465 2708 526 2757 Fre.
539 2708 579 2757 81.

667 1609 764 1673 rectis
798 1618 875 1672 sunt
907 1608 1064 1689 aequales
1100 1608 1266 1689 conjuncti
1308 1606 1380 1671 aliis
1423 1609 1548 1673 duobus

665 1712 859 1795 aequalibus
895 1713 1013 1788 rectis;
1050 1724 1255 1796 quapropter
1276 1696 1389 1797 anguli
1412 1714 1482 1777 duo
1503 1713 1547 1775 in-

665 1818 801 1883 teriores
827 1839 850 1880 a
873 1816 913 1882 bl
949 1828 1026 1882 sunt
1063 1818 1218 1901 aequales
1256 1818 1384 1901 angulis
1421 1818 1548 1881 duobus

664 1923 927 1989 exterioribusc
958 1933 992 1987 et
1023 1923 1049 1985 d
1058 1944 1066 2001 ;
1101 1934 1135 1987 et
1158 1921 1270 2005 anguli
1302 1933 1418 1986 contra
1450 1920 1547 2006 positi

665 2027 820 2109 aequales
835 2036 933 2104 sunt;
951 2038 1154 2111 quapropter
1168 2027 1309 2111 angulus
1324 2048 1346 2090 a
1362 2038 1395 2092 et
1411 2026 1548 2109 angulus
1649 2016 1650 2031 ³

663 2153 681 2194 c
703 2143 779 2195 sunt
800 2130 976 2212 aequales;
998 2132 1057 2195 sed
1073 2140 1184 2194 tamen
1205 2151 1271 2194 non
1293 2140 1403 2212 potest
1423 2131 1547 2213 species
1649 2132 1650 2137 ’

664 2237 804 2299 transire
823 2234 1029 2316 superficiem
1049 2234 1175 2317 speculi
1191 2234 1395 2309 sensibiliter,
1413 2246 1450 2299 ut
1465 2256 1548 2299 nunc

665 2354 716 2403 est
727 2339 875 2414 intentio,
885 2339 1017 2421 qualem
1029 2339 1189 2421 angulum
1204 2339 1326 2403 faceret
1337 2340 1424 2403 intra
1435 2360 1550 2421 specu·

666 2442 744 2517 lum,
760 2453 798 2507 ut
812 2452 863 2507 est
877 2465 909 2521 a,
921 2442 1023 2507 talem
1038 2443 1136 2507 faciet
1148 2444 1181 2507 in
1196 2464 1257 2507 suo
1272 2445 1378 2508 reditu
1394 2443 1549 2508 citissimo

664 2570 685 2612 a
717 2547 892 2630 superficie
921 2547 1056 2632 speculi,
1083 2549 1142 2630 qui
1167 2558 1306 2611 vocatur
1330 2548 1475 2629 angulus
1505 2568 1551 2610 re·

665 2652 824 2730 flexionis,
848 2662 885 2716 ut
913 2661 963 2716 est
990 2674 1015 2727 e,
1037 2673 1112 2734 pars
1129 2652 1231 2735 ipsius
1253 2652 1296 2728 ἐς
1329 2653 1408 2734 quia
1429 2654 1548 2717 eodem
1649 2716 1650 2741 ,

665 2757 766 2820 modo
793 2777 829 2819 se
858 2756 960 2820 habet
987 2758 1031 2820 ad
1060 2755 1266 2840 superficiem
1299 2756 1425 2840 speculi
1454 2766 1552 2820 extra

399 2869 433 2925 et
463 2860 568 2938 intra3
599 2882 681 2943 ergo
710 2881 786 2926 curn
816 2860 957 2944 angulus
992 2861 1201 2939 incidentiae,
1232 2861 1355 2926 scilicet
1383 2884 1411 2938 c,
1437 2872 1473 2925 et
1501 2862 1551 2925 hic

399 2966 540 3047 angulus
561 2965 759 3041 reflexionis‚
781 2965 907 3030 scilicet
929 2988 954 3039 e,
976 2966 1042 3030 sint
1068 2965 1223 3048 aequales
1246 2965 1369 3048 angulo
1392 2967 1553 3039 interiori,

509 3129 533 3170 a

406 3700 432 3742 ‘ll

528 3801 549 3863 9

480 3898 542 3948 F1e.
554 3900 594 3949 aa.

708 3068 834 3133 scilicet
857 3070 919 3153 ipsi
941 3091 972 3147 a,
989 3080 1024 3133 ut
1041 3070 1192 3134 habiturn
1210 3080 1270 3150 est,
1283 3082 1381 3135 erunt
1394 3072 1550 3155 aequales

707 3173 793 3237 iuter
807 3196 852 3248 se,
870 3185 906 3237 ut
923 3185 1015 3256 patet
1032 3176 1065 3238 in
1084 3173 1189 3258 ligura
1204 3175 1400 3258 subscripta.

755 3278 831 3343 Hoc
860 3280 962 3342 etiam
991 3281 1239 3343 demonstratur
1269 3280 1303 3341 in
1328 3279 1412 3344 libro
1433 3279 1552 3361 Jacobi

707 3380 849 3446 Alkindi
876 3384 918 3447 de
941 3383 1158 3466 AspectibuS,
1181 3395 1215 3447 et
1245 3385 1353 3465 primo
1379 3384 1412 3447 in
1442 3383 1552 3467 planis

707 3486 850 3568 speculis
866 3487 933 3561 sic;
949 3488 977 3551 si
993 3509 1047 3569 aq
1063 3488 1148 3551 linea
1160 3498 1332 3553 moveatur
1343 3509 1443 3570 super
1456 3490 1553 3572 polos

707 3612 786 3653 suos
803 3612 826 3653 a
844 3599 879 3654 et
898 3613 919 3673 q
940 3591 1134 3668 immobiles,
1150 3593 1248 3657 cadet
1267 3593 1323 3656 dn
1341 3590 1428 3656 linea
1452 3612 1554 3677 super

706 3694 733 3757 d
740 3718 766 3771 c,
781 3698 916 3778 quando
932 3717 991 3778 per
1011 3707 1138 3759 motum
1156 3718 1210 3778 aq
1229 3697 1335 3761 lineae
1356 3697 1416 3760 dn
1439 3700 1555 3762 veniet

706 3801 750 3863 ad
772 3810 900 3882 partem
924 3799 1062 3864 alteram
1086 3801 1118 3864 iu
1139 3802 1286 3879 circuitu,
1305 3810 1339 3865 et
1363 3802 1438 3865 ideo
1464 3804 1554 3865 idem

707 3903 850 3988 angulus
870 3905 1087 3968 constituetur
1105 3926 1149 3969 ex
1171 3906 1197 3968 d
1204 3926 1221 3967 e
1242 3915 1277 3970 et
1298 3905 1325 3968 d
1332 3926 1353 3986 q
1374 3925 1413 3969 ac
1434 3926 1482 3969 ex
1498 3906 1526 3969 d
1533 3926 1555 3966 n
1649 3898 1650 3909 ’

305 4026 311 4036 ·
396 4019 430 4073 et
444 4010 470 4072 d
480 4030 510 4091 q,
533 4018 712 4092 postquam
732 4030 790 4090 aq
815 4008 995 4072 revolvitur
1017 4018 1149 4074 tantum
1173 4010 1206 4073 in
1231 4009 1306 4075 loco
1331 4030 1402 4087 suo,
1424 4018 1459 4073 et
1486 4010 1556 4094 poli

396 4114 468 4197 ejus
485 4125 563 4178 sunt
586 4109 793 4192 immobiles;
815 4114 875 4175 sed
896 4113 1036 4195 angulus
1043 4135 1074 4195 g
1086 4112 1113 4175 d
1120 4136 1142 4177 a
1157 4124 1191 4178 et
1211 4114 1351 4197 angulus
1367 4114 1456 4197 ndq
1475 4126 1558 4181 sunt

396 4219 561 4302 aequales,
582 4219 660 4300 quia
682 4225 760 4281 sunt
786 4226 903 4280 contra
929 4217 1037 4299 positi,
1059 4238 1162 4300 quare
1178 4218 1243 4300 gd
1250 4239 1272 4280 a
1294 4229 1328 4281 et
1350 4218 1403 4282 ed
1409 4240 1430 4300 q
1452 4229 1558 4285 erunt

397 4324 561 4406 aequales.
608 4323 654 4387 Et
676 4322 761 4385 hanc
785 4322 1016 4406 probationem
1038 4324 1180 4387 eandem
1202 4322 1298 4388 affert
1325 4324 1487 4389 Euclides
1514 4328 1559 4391 ad

340 4418 343 4423 ¹
396 4430 545 4510 quintam
561 4428 822 4510 propositionem
838 4426 889 4488 sui
905 4425 988 4490 libri.

426 4590 434 4620 ¹
445 4590 503 4638 The
514 4587 604 4650 angles
614 4604 631 4636 a
642 4588 694 4636 and
705 4588 720 4635 b
730 4602 775 4637 are
787 4587 850 4636 here
862 4588 945 4637 called
957 4589 1033 4637 inner
1043 4589 1142 4651 angles,
1152 4604 1181 4639 as
1193 4590 1273 4653 being
1284 4590 1381 4641 behind
1394 4590 1439 4640 the
1450 4593 1560 4645 mirmr.

393 4668 451 4716 The
463 4667 578 4716 incident
586 4666 638 4714 and
647 4666 769 4715 reflected
781 4681 841 4727 ruys
851 4682 896 4715 are
908 4669 1077 4729 represented
1088 4683 1117 4719 es
1128 4683 1162 4719 on
1175 4669 1220 4721 the
1230 4669 1300 4733 right
1310 4668 1340 4719 os
1348 4668 1393 4719 the
1406 4670 1514 4725 mir-ror.
