3542 5359
574 584 689 644 runs
714 584 875 643 Purus:
903 585 990 645 cna
1018 587 1059 645 ll.
1343 603 1405 665 4²3

254 748 408 813 trarietas
419 757 470 812 est
480 748 620 812 duarum
636 747 814 814 formarum
824 750 910 816 circa
921 749 1109 833 subjectum
1124 771 1183 815 ens
1199 751 1232 815 in
1248 753 1405 835 potentia,

255 854 346 935 quod
371 863 422 916 est
448 872 501 916 res
523 852 662 936 alicujus
682 854 821 937 generis,
835 874 902 920 non
927 854 1066 936 alicujus
1089 855 1220 938 speciei,
1240 864 1278 918 ut
1299 853 1405 920 forma

255 958 366 1039 gravis
391 967 426 1021 et
451 957 533 1021 levis
558 958 645 1021 circs
671 958 760 1021 idem
787 978 902 1041 genus,
928 957 1023 1040 cujus
1045 960 1187 1023 essentia
1213 969 1264 1024 est
1286 962 1403 1024 eadem

255 1061 395 1124 materia
410 1061 595 1126 communis
609 1062 701 1145 gravi
716 1072 751 1126 et
766 1061 840 1137 levi,
860 1062 893 1126 in
913 1083 980 1145 qua
1000 1064 1256 1140 communicant,
1270 1075 1305 1130 et
1319 1065 1405 1128 circa

254 1184 356 1246 quam
384 1174 501 1229 mutuo
524 1185 561 1228 se
586 1175 810 1232 transmutant
834 1175 869 1230 et
892 1166 1077 1248 expellunt,
1097 1186 1174 1230 cum
1193 1167 1236 1231 de
1258 1176 1345 1232 terra
1368 1167 1406 1231 fit

255 1270 351 1352 ignis,
381 1279 415 1334 et
444 1291 464 1334 e
493 1270 663 1346 contrario,
693 1280 727 1334 et
755 1270 932 1354 quodlibet
967 1269 1168 1335 elementum
1202 1274 1245 1336 de
1274 1272 1349 1350 alio,
1372 1281 1406 1336 et

255 1373 398 1438 mixtum
414 1376 457 1438 de
470 1373 646 1453 elemento,
655 1385 690 1439 et
705 1375 916 1450 econtrario,
925 1375 979 1439 vel
994 1395 1094 1440 unum
1111 1376 1256 1440 mixtum
1271 1377 1314 1440 de
1329 1377 1405 1452 alio,

253 1488 390 1560 propter
413 1498 589 1543 commune
614 1498 720 1561 genus
745 1490 779 1544 et
803 1480 973 1543 materiam
1000 1480 1087 1543 circa
1112 1501 1214 1563 quam
1237 1481 1407 1547 variantur

253 1593 287 1646 et
310 1581 571 1648 diversificantur
584 1592 620 1646 et
641 1583 893 1660 contradantur,
914 1593 952 1648 ut
974 1586 1189 1648 contrarietas
1211 1585 1355 1668 exigitur
1373 1587 1405 1648 in

254 1687 449 1753 substantia.
511 1687 557 1751 Et
586 1687 663 1752 ideo
692 1685 799 1752 forma
834 1687 1059 1752 substantialis
1089 1688 1173 1771 ignis
1202 1689 1282 1753 facit
1311 1709 1404 1754 suam

253 1792 399 1874 speciem
416 1791 669 1856 substantialem
689 1793 723 1855 in
738 1811 876 1875 corpore
891 1803 1000 1857 terrae
1013 1791 1067 1856 vel
1089 1792 1176 1875 ligni,
1191 1793 1244 1857 vel
1262 1791 1405 1870 alterius

251 1906 287 1958 et
307 1897 489 1979 corrumpit
509 1896 648 1960 sormam
670 1895 921 1960 substantialem
942 1905 1050 1960 terrae
1064 1895 1118 1960 vel
1140 1897 1228 1980 ligni,
1243 1907 1404 1982 tanquam

252 1999 313 2062 sibi
335 2001 532 2065 contrariam
552 2021 593 2064 ea
613 2002 847 2066 contrarietate
869 2020 956 2083 quae
979 2000 1011 2063 in
1034 2001 1227 2066 substantiis
1247 2002 1406 2084 reperitur

252 2114 287 2169 et
302 2106 486 2188 requiritur.

295 2209 410 2274 Tertio
425 2210 700 2275 considerandum
715 2219 765 2274 est
785 2210 876 2292 quod
898 2210 1026 2293 species
1043 2209 1250 2274 substantiae
1271 2231 1335 2274 non
1352 2219 1403 2276 est
1415 2235 1437 2283 3.
1451 2221 1507 2297 The

251 2322 382 2378 tantum
399 2314 501 2396 ipsius
521 2314 648 2380 formae
665 2334 723 2377 seu
744 2313 912 2388 materiae,
932 2315 991 2378 sed
1013 2313 1116 2379 totius
1133 2314 1330 2398 compositi;
1361 2335 1402 2378 eo
1415 2302 1510 2352 ’Μ
1522 2287 1551 2337 ⁰s

251 2420 343 2499 quod
369 2416 568 2482 Aristoteles
591 2417 662 2482 vult
688 2419 796 2502 primo
820 2418 864 2482 de
883 2417 1009 2481 Anima
1029 2418 1119 2500 quod
1146 2437 1263 2482 omnes
1287 2439 1401 2502 opera·
1414 2354 1571 2469 fflss‘m

250 2521 357 2584 tiones
380 2530 459 2584 sunt
483 2520 585 2603 ipsius
610 2521 775 2603 conjuncti
811 2531 844 2585 et
877 2521 1057 2603 compositi
1069 2519 1089 2584 ¹.
1147 2521 1259 2585 Etiam
1286 2522 1402 2586 nititur
1414 2484 1541 2601 3ῗῇξὲ

250 2626 435 2703 ostendere,
465 2627 557 2708 quod
596 2625 779 2707 intelligere
819 2622 895 2689 est²
936 2626 1037 2709 ipsius
1085 2627 1272 2708 compositi,
1313 2629 1402 2692 unde
1414 2631 1481 2666 eom·
1482 2682 1500 2730 d
1501 2683 1531 2733 ed

251 2728 355 2793 homo
375 2730 540 2813 intelligit,
555 2729 632 2794 licet
647 2749 707 2813 per
720 2729 885 2806 animam3
908 2739 942 2793 et
962 2730 1067 2812 magis
1088 2731 1221 2812 proprie
1244 2739 1278 2793 et
1295 2731 1403 2797 verius
1415 2697 1560 2800 hoiffltorm.

250 2834 298 2897 sic
313 2835 542 2916 diciturquam
558 2835 648 2917 quod
659 2833 773 2898 anima
783 2832 947 2917 intelligat
962 2833 994 2896 in
1011 2833 1154 2897 homine.
1190 2832 1403 2918 Quapropter

251 2939 421 3022 generatio
450 2939 571 3021 speciei
602 2938 664 3002 erit
692 2937 795 3022 ipsius
824 2937 1008 3020 compositi,
1031 2946 1066 3001 et
1095 2937 1173 3001 ideo
1203 2939 1327 3020 species
1353 2949 1403 3004 est

137 3111 142 3118 ,
250 3043 434 3108 similitudo
448 3045 550 3108 totius
565 3041 752 3125 compositi.
797 3042 973 3107 Praeterea
993 3062 1033 3105 ea
1056 3041 1162 3106 iorrna
1184 3043 1317 3124 proprie
1332 3063 1402 3107 esse

250 3167 317 3212 non
339 3158 451 3231 potest
473 3149 535 3212 nisi
557 3148 590 3212 in
612 3147 751 3212 materia
771 3147 926 3232 propria3
948 3157 1152 3230 quapropter
1176 3146 1203 3209 si
1227 3147 1402 3212 innovatur

250 3253 283 3316 in
307 3253 397 3338 ligno
411 3251 465 3316 vel
487 3253 520 3316 in
541 3272 740 3337 quocunque
762 3253 829 3316 alio
851 3252 957 3316 torma
977 3251 1070 3335 ignis,
1086 3259 1220 3334 oportet
1242 3253 1333 3334 quod
1357 3251 1402 3316 ibi

248 3358 424 3422 innovetur
438 3357 576 3421 materia
591 3356 671 3438 ejus.
718 3357 765 3421 Et
780 3357 844 3421 hoc
863 3365 957 3440 patet
978 3376 1038 3438 per
1052 3355 1228 3439 praedicta,
1244 3356 1401 3437 quoniam

225 3463 276 3526 ⁴si
314 3463 467 3527 accidens
505 3482 570 3525 non
607 3470 721 3546 potest
755 3461 903 3526 innovari
941 3461 1000 3524 nisi
1034 3480 1111 3523 cum
1151 3459 1302 3542 subjecto
1340 3481 1401 3524 suo

248 3568 391 3649 proprio,
413 3565 572 3650 oportet³
597 3566 676 3649 poni
702 3566 847 3649 speciem
870 3563 1013 3646 subjecti
1037 3564 1185 3647 generari
1210 3565 1243 3626 in
1265 3564 1401 3630 materia

249 3671 280 3733 in
297 3691 364 3751 qua
375 3671 502 3753 species
516 3670 695 3735 accidentis
709 3670 759 3733 sui
778 3669 913 3752 proprii,
928 3678 962 3732 et
977 3668 1184 3733 essentialior
1199 3677 1250 3733 est
1265 3688 1401 3752 compa·

247 3775 332 3838 ratio
354 3775 480 3839 tonnae
506 3775 549 3838 ad
575 3774 747 3838 materiam
772 3792 874 3854 quam
897 3772 1075 3837 accidentis
1099 3773 1141 3836 ad
1168 3772 1401 3849 substantiam,

248 3898 381 3943 necesse
403 3887 454 3940 est
476 3878 533 3941 ubi
554 3887 732 3962 generatur
752 3874 857 3941 forma
870 3877 924 3956 vel
944 3877 1069 3958 species
1093 3874 1226 3953 formae,
1242 3878 1331 3959 quod
1356 3877 1399 3940 ibi

246 3992 421 4066 generetur
437 3981 575 4045 materia
589 3980 642 4044 vel
664 3981 793 4064 species
816 3980 983 4059 materiae,
1001 3991 1036 4044 et
1060 3980 1137 4043 ideo
1159 3981 1286 4061 species
1308 4000 1399 4043 com·

279 4101 287 4131 ¹
304 4102 426 4164 oppositi,
437 4099 463 4161 J.
498 4101 642 4164 compositi,
661 4101 684 4149 is
697 4101 743 4149 the
757 4101 866 4163 reading
880 4102 912 4151 oi
924 4101 957 4150 Ο.
973 4101 1024 4150 and
1043 4100 1073 4148 oi
1089 4100 1155 4162 Reg.
1188 4099 1245 4148 The
1265 4099 1399 4148 reference

245 4180 334 4229 would
353 4196 426 4230 seem
443 4188 471 4228 to
489 4179 521 4228 be
539 4180 628 4228 rather
644 4187 672 4229 to
689 4181 735 4229 the
753 4180 809 4229 first
825 4181 933 4241 chapter
944 4179 973 4227 oi
984 4180 1030 4227 the
1044 4178 1143 4227 second
1157 4178 1233 4239 hook,
1249 4178 1399 4240 containing

245 4256 394 4308 Aristotle's
404 4258 550 4308 celebrated
565 4258 700 4308 delinition
712 4259 743 4308 oi
753 4259 798 4308 the
815 4258 916 4321 Psyche.
950 4257 1021 4306 Such
1039 4257 1207 4318 expressions
1223 4272 1253 4305 as
1269 4255 1318 4304 πᾶν
1329 4256 1399 4315 σῶμα

243 4337 349 4399 owenh
364 4336 471 4399 μετέχον
489 4335 548 4400 (orire
565 4335 636 4386 einh
651 4336 682 4386 b
698 4336 744 4402 alp,
756 4335 826 4386 odeis
844 4335 864 4385 δ’
881 4334 957 4385 eires
975 4336 1007 4384 irs
1025 4333 1138 4396 σννθέτη,
1154 4349 1225 4384 were
1242 4335 1268 4383 in
1289 4335 1399 4384 Bacon's

244 4419 324 4467 mind.
357 4417 396 4466 As
406 4433 422 4465 a
433 4416 564 4466 Christian
576 4417 746 4480 philosopher
761 4417 796 4465 he
807 4417 928 4466 attached
939 4413 1039 4463 infinite
1056 4413 1215 4476 importance
1227 4421 1255 4462 to
1272 4415 1317 4463 the
1329 4429 1398 4462 corn·

243 4498 329 4560 posite
340 4504 433 4546 nature
444 4496 474 4544 oi
480 4510 540 4545 man
551 4511 558 4557 ;
574 4510 605 4544 as
614 4511 674 4558 may
684 4497 717 4544 be
727 4511 793 4545 seen
804 4495 832 4543 in
843 4495 884 4543 his
896 4492 976 4542 moral
988 4491 1153 4556 philosophy.

277 4575 288 4604 ³
303 4575 450 4636 intelligere
461 4581 502 4622 est
512 4574 595 4636 magis
606 4575 720 4638 proprie,
733 4574 766 4623 Ο.
804 4573 870 4634 Reg.
883 4573 960 4621 omits
971 4572 1054 4634 magis
1066 4571 1181 4634 proprie.

276 4654 287 4684 ³
303 4655 373 4717 quod
385 4669 438 4703 non
451 4659 563 4716 oportet,
576 4653 609 4704 Ο.
644 4652 701 4701 The
712 4652 823 4713 reading
832 4651 860 4700 in
871 4652 917 4699 the
929 4659 986 4700 text
997 4651 1019 4700 is
1029 4650 1086 4699 that
1097 4649 1128 4699 oi
1138 4649 1206 4712 Reg.
