3542 5359
400 582 463 660 496
673 582 1008 641 MULTIPLICATIO
1032 580 1288 640 SPECIERUM.

400 755 533 827 oportet
553 746 643 827 quod
665 745 707 809 sit
729 764 750 807 a
772 744 922 827 pluribus
945 764 1010 808 una
1033 756 1067 808 et
1089 744 1228 823 duabus,
1250 743 1312 807 sed
1337 763 1409 825 qua
1436 740 1576 803 ratione

400 871 421 914 a
443 851 556 924 tribus,
573 860 606 913 et
629 870 649 913 a
669 859 813 930 quatuor
831 859 866 913 et
888 847 932 913 ab
954 849 1129 923 omnibus;
1151 858 1289 930 propter
1305 846 1402 929 quod
1427 852 1574 927 oportet

400 954 490 1036 quod
506 954 550 1017 sit
563 954 608 1016 ab
623 952 775 1017 omnibus
790 962 824 1016 et
839 974 860 1015 a
874 963 946 1016 tota
961 952 1134 1035 superficie
1148 952 1278 1033 agentis
1292 948 1313 1011 ¹.

444 1056 492 1120 Et·
515 1056 614 1138 hujus
636 1076 769 1120 causam
793 1068 925 1140 praeter
946 1057 1035 1120 dicta
1060 1056 1120 1119 dat
1141 1056 1289 1136 Jacobus
1312 1053 1347 1117 in
1371 1053 1448 1130 hoc,
1473 1052 1573 1133 quod

398 1180 502 1242 agens
520 1171 572 1225 est
590 1159 765 1224 consimilis
786 1160 819 1223 in
841 1170 916 1224 toto
939 1172 973 1223 et
996 1160 1029 1221 in
1046 1158 1194 1241 qualibet
1217 1170 1326 1240 parte,
1350 1167 1390 1220 ut
1414 1157 1574 1220 lucidum

398 1274 433 1327 et
451 1264 643 1339 coloratum,
657 1272 693 1327 et
710 1264 756 1326 sic
775 1265 818 1328 de
835 1263 917 1341 aliis,
935 1264 1004 1327 sive
1026 1264 1068 1327 sit
1090 1262 1290 1338 substantia,
1307 1262 1380 1325 sive
1395 1262 1573 1335 accidens,

398 1368 582 1431 dummodo
597 1368 639 1431 sit
654 1368 909 1448 homogeneum.
952 1366 986 1431 Si
1002 1388 1080 1431 vero
1096 1367 1140 1431 sit
1156 1367 1436 1451 heterogeneum,
1452 1364 1574 1429 adhuc

397 1472 607 1554 componitur
630 1491 674 1533 ex
701 1470 850 1552 partibus
873 1471 1096 1553 homogeneis.
1143 1470 1189 1535 Et
1215 1482 1352 1552 praeter
1376 1471 1442 1533 hoc
1469 1480 1574 1551 patet

398 1597 442 1639 ex
458 1576 554 1640 dietis
569 1596 589 1638 a
603 1575 759 1657 principio
771 1576 860 1657 quod
877 1576 985 1638 omnis
1000 1587 1120 1640 natura
1135 1574 1370 1639 substantialis
1384 1584 1436 1637 est
1453 1574 1574 1638 activa

397 1689 528 1761 praeter
553 1678 734 1753 materiam,
760 1690 794 1742 et
824 1680 899 1742 ideo
929 1678 1097 1761 quaelibet
1129 1699 1204 1761 pars
1237 1678 1454 1743 substantiae
1487 1677 1575 1744 facit

397 1783 548 1864 speciem,
578 1784 636 1847 sed
674 1782 853 1865 aliquando
890 1793 969 1846 sunt
1005 1782 1208 1847 diversarum
1247 1794 1460 1847 naturarum.
1524 1783 1574 1845 Et

395 1886 547 1951 similiter
580 1887 624 1950 de
657 1888 805 1969 partibus
843 1886 1045 1950 habentibus
1080 1886 1227 1950 diversas
1267 1885 1398 1951 formas
1433 1888 1574 1950 activas

701 1988 928 2066 accidentales,
956 2000 993 2054 ut
1022 1991 1169 2054 diversos
1199 1989 1334 2054 colores
1362 1990 1416 2054 vel
1447 1990 1573 2073 hujus-

703 2094 813 2169 m0di;
845 2093 1018 2174 quodlibet
1047 2103 1159 2156 tamen
1193 2093 1315 2157 talium
1357 2095 1403 2157 de
1439 2094 1573 2176 quibus

700 2196 851 2259 habitum
867 2206 918 2260 est
933 2197 1029 2279 prius,
1042 2198 1131 2278 quod
1148 2207 1266 2261 natum
1283 2209 1339 2261 est
1356 2218 1470 2279 agere,
1486 2210 1572 2280 aget

699 2301 854 2382 speciem,
873 2300 943 2363 sive
965 2310 1036 2364 tota
1059 2300 1252 2382 superficies
1276 2302 1414 2385 agentis
1438 2302 1571 2365 habeat
1660 2288 1663 2293 ¹

655 2396 663 2423 '
700 2402 838 2484 alicujus
867 2401 997 2466 illorum
1027 2414 1188 2477 naturam,
1221 2403 1293 2467 sive
1329 2406 1447 2487 aliqua
1488 2426 1572 2488 pars

427 2407 640 2864 ἳῖ
698 2506 881 2589 superficiei
898 2506 1018 2570 habeat
1034 2527 1146 2584 unum,
1161 2516 1196 2570 et
1211 2507 1278 2571 alia
1297 2508 1427 2573 habeat
1445 2509 1554 2573 aliud.

472 2867 588 3100 ὓ

397 2386 418 2427 a

224 2599 278 2649 'l’he
288 2600 343 2650 axis
354 2600 383 2650 oi

220 2666 283 2716 each
294 2682 357 2716 cone

221 2730 252 2780 ol
259 2747 316 2795 ruys
328 2732 350 2780 is

222 2796 265 2845 the
277 2796 356 2860 really

221 2862 334 2911 effective

222 2938 287 2990 part.

743 2610 812 2673 Sed
837 2625 947 2673 tamen
974 2612 1117 2673 secundo
1142 2612 1440 2687 considerandum,
1469 2616 1572 2695 quod

699 2713 780 2777 radii
798 2714 919 2796 quibus
935 2724 1072 2777 utuntur
1090 2716 1277 2778 astronomi
1303 2727 1340 2780 et
1360 2718 1572 2801 perspectivi
1682 2726 1683 2729 ’

699 2827 734 2879 et
756 2816 884 2892 caeteri,
907 2818 964 2899 qui
987 2837 1044 2899 per
1067 2815 1231 2881 foramina
1256 2819 1572 2885 instrumentorum

699 2921 909 2984 considerant
932 2921 1048 2996 radios,
1076 2932 1209 3003 oportet
1231 2926 1330 3004 quod
1359 2938 1573 2991 concurrant

700 3024 732 3086 in
759 3034 907 3087 centrum
935 3025 962 3086 si
991 3024 1212 3107 imaginentur
1242 3027 1336 3091 trahi
1370 3028 1405 3092 in
1440 3050 1573 3112 corpus

477 3171 539 3221 HG·
551 3185 591 3235 9¹·
698 3126 914 3210 sphaericum,
945 3137 979 3190 et
1013 3138 1091 3190 sunt
1127 3130 1432 3210 perpendiculares
1465 3155 1574 3218 super

698 3230 880 3312 sphaeram,
903 3240 937 3293 et
964 3230 1101 3311 quilibet
1127 3251 1244 3295 eorum
1273 3247 1327 3299 est
1356 3238 1436 3301 axis
1470 3240 1573 3303 unius

392 3330 574 3412 pyramidis
599 3330 789 3412 luminosae,
812 3332 906 3413 cujus
928 3352 1033 3395 conus
1058 3333 1146 3397 cadit
1172 3335 1206 3397 in
1228 3336 1373 3419 aliquod
1399 3352 1573 3423 punctum
1674 3366 1675 3375 ¹

390 3434 536 3515 corporis
573 3434 745 3515 patientis3
784 3444 818 3498 et
855 3444 927 3497 tota
963 3434 1019 3497 illa
1053 3437 1199 3518 pyramis
1236 3439 1491 3508 denominatur
1526 3445 1574 3508 ab
1673 3434 1674 3454 ¹

390 3534 447 3598 illo
470 3536 577 3610 radio;
599 3536 686 3600 unde
708 3547 779 3600 tota
799 3546 936 3600 vocatur
959 3538 1091 3601 nomine
1114 3538 1203 3603 illius
1226 3541 1262 3603 in
1288 3546 1575 3613 consideratione

389 3637 704 3722 philosophantium.
751 3639 796 3702 Et
821 3660 921 3701 causa
944 3638 1042 3721 hujus
1069 3651 1128 3717 est,
1150 3643 1230 3723 quia
1259 3643 1438 3714 fortitudo
1467 3674 1576 3736 pyra·

389 3742 488 3805 midis
505 3752 555 3805 est
569 3742 614 3805 ab
629 3743 692 3806 hoc
707 3742 809 3805 radio.
855 3742 944 3803 Nam
959 3741 1011 3806 hic
1032 3745 1143 3807 radius
1163 3756 1216 3808 est
1237 3746 1379 3814 brevior
1395 3756 1576 3829 omnibus,

387 3845 472 3907 sicut
483 3853 576 3925 patet
591 3865 651 3926 per
669 3844 945 3909 undevisesimam
960 3846 1056 3926 primi
1074 3844 1225 3910 Euclidis
1236 3848 1259 3925 ²,
1270 3861 1311 3915 ut
1324 3854 1359 3917 in
1374 3854 1445 3920 hac
1459 3858 1577 3941 figura

387 3956 507 4028 patens
528 3958 589 4010 est.
628 3949 717 4011 Nam
737 3946 814 4010 facit
837 3945 978 4027 angulos
1002 3960 1109 4012 rectos
1132 3969 1209 4013 cum
1234 3953 1371 4021 chorda
1397 3966 1578 4043 portionis

386 4048 557 4132 sphaerae,
601 4052 647 4115 Et
661 4053 737 4115 ideo
753 4069 812 4131 per
827 4050 1104 4113 undevisesimam
1122 4052 1228 4117 latera
1244 4056 1401 4125 duorum
1416 4066 1578 4152 triangu.

388 4152 493 4215 lorum
509 4154 635 4234 reliquo
651 4163 729 4216 sunt
741 4150 900 4231 longiora.
931 4150 1018 4214 Item
1030 4153 1103 4233 plus
1116 4155 1159 4218 de
1174 4158 1304 4225 virtute
1317 4167 1439 4231 activa
1450 4183 1579 4237 causat

387 4252 478 4315 illum
492 4258 628 4335 radium,
638 4256 716 4339 quia
729 4265 836 4317 totum
850 4250 1049 4334 profundum
1061 4257 1223 4337 sphaerae
1233 4283 1348 4345 usque
1362 4274 1411 4335 ad
1423 4274 1581 4341 alteram

387 4359 632 4421 extremitatem
654 4355 818 4429 diametri,
833 4355 922 4435 quod
942 4366 993 4419 est
1009 4358 1116 4438 majus
1137 4362 1296 4441 quolibet
1313 4369 1475 4456 illorum,
1497 4384 1583 4465 quia

386 4457 513 4537 perficit
543 4461 617 4525 illas
647 4462 750 4524 lineas
775 4456 967 4538 pyramidis
993 4467 1029 4521 ut
1056 4471 1150 4542 patet
1176 4485 1238 4546 per
1270 4484 1447 4544 octavam
1485 4488 1584 4551 tertii

728 4604 738 4635 ¹
755 4606 794 4655 Cl'.
809 4604 858 4656 vol.
869 4605 886 4656 i.
898 4620 923 4667 p.
937 4620 991 4669 119.
1091 4608 1101 4638 ¹
1116 4626 1158 4675 29,
1169 4613 1196 4673 J.
