<?xml version="1.0" encoding="UTF-8"?>
<!DOCTYPE html PUBLIC "-//W3C//DTD XHTML 1.0 Transitional//EN"
    "http://www.w3.org/TR/xhtml1/DTD/xhtml1-transitional.dtd">
<html xmlns="http://www.w3.org/1999/xhtml" xml:lang="en" lang="en">
 <head>
  <title>
</title>
<meta http-equiv="Content-Type" content="text/html;charset=utf-8" />
  <meta name='ocr-system' content='tesseract 3.04.00' />
  <meta name='ocr-capabilities' content='ocr_page ocr_carea ocr_par ocr_line ocrx_word'/>
</head>
<body>
  <div class='ocr_page' id='page_1' title='image "./opusmajusrogerb02bridgoog/opusmajusrogerb02bridgoog_0228.png"; bbox 0 0 3542 5359; ppageno 0'>
   <div class='ocr_carea' id='block_1_1' title="bbox 531 587 1416 665">
    <p class='ocr_par' dir='ltr' id='par_1_1' title="bbox 531 587 1416 665">
     <span class='ocr_line' id='line_1_1' title="bbox 531 587 1416 665; baseline -0.001 -16"><span class='ocrx_word' id='word_1_1' title='bbox 531 588 733 649; x_wconf 83' lang='lat' dir='ltr'><em>SCIENTIA</em></span> <span class='ocrx_word' id='word_1_2' title='bbox 758 587 1149 649; x_wconf 82' lang='lat' dir='ltr'><em>EXPERIMENTALIS.</em></span> <span class='ocrx_word' id='word_1_3' title='bbox 1354 607 1416 665; x_wconf 85' lang='lat'><strong>209</strong></span> 
     </span>
    </p>
   </div>
   <div class='ocr_carea' id='block_1_2' title="bbox 263 750 1428 3968">
    <p class='ocr_par' dir='ltr' id='par_1_2' title="bbox 263 750 1415 1461">
     <span class='ocr_line' id='line_1_2' title="bbox 263 750 1415 834; baseline 0.004 -22"><span class='ocrx_word' id='word_1_4' title='bbox 263 750 405 834; x_wconf 89' lang='lat' dir='ltr'><strong>plenum,</strong></span> <span class='ocrx_word' id='word_1_5' title='bbox 422 771 509 833; x_wconf 90' lang='lat' dir='ltr'><strong>quae</strong></span> <span class='ocrx_word' id='word_1_6' title='bbox 531 751 652 817; x_wconf 90' lang='lat' dir='ltr'><strong>dicitur</strong></span> <span class='ocrx_word' id='word_1_7' title='bbox 667 753 799 816; x_wconf 89' lang='lat' dir='ltr'><strong>inventa</strong></span> <span class='ocrx_word' id='word_1_8' title='bbox 821 754 864 816; x_wconf 92' lang='lat' dir='ltr'><strong>ab</strong></span> <span class='ocrx_word' id='word_1_9' title='bbox 887 752 1002 817; x_wconf 89' lang='lat' dir='ltr'><strong>Adam</strong></span> <span class='ocrx_word' id='word_1_10' title='bbox 1017 753 1068 816; x_wconf 93' lang='lat' dir='ltr'><strong>vel</strong></span> <span class='ocrx_word' id='word_1_11' title='bbox 1092 753 1136 816; x_wconf 91' lang='lat' dir='ltr'><strong>ab</strong></span> <span class='ocrx_word' id='word_1_12' title='bbox 1158 751 1285 832; x_wconf 84' lang='lat' dir='ltr'>Enoch,</span> <span class='ocrx_word' id='word_1_13' title='bbox 1301 752 1415 817; x_wconf 87' lang='lat' dir='ltr'><strong>habita</strong></span> 
     </span>
     <span class='ocr_line' id='line_1_3' title="bbox 263 855 1413 938; baseline 0 -20"><span class='ocrx_word' id='word_1_14' title='bbox 263 876 323 938; x_wconf 91' lang='lat' dir='ltr'><strong>per</strong></span> <span class='ocrx_word' id='word_1_15' title='bbox 336 856 509 934; x_wconf 85' lang='lat' dir='ltr'>visionem,</span> <span class='ocrx_word' id='word_1_16' title='bbox 523 856 606 920; x_wconf 90' lang='lat' dir='ltr'><strong>sicut</strong></span> <span class='ocrx_word' id='word_1_17' title='bbox 622 857 762 937; x_wconf 85' lang='lat' dir='ltr'>ipsemet</span> <span class='ocrx_word' id='word_1_18' title='bbox 778 855 884 933; x_wconf 78' lang='lat' dir='ltr'>refert,</span> <span class='ocrx_word' id='word_1_19' title='bbox 901 856 976 920; x_wconf 90' lang='lat' dir='ltr'><strong>licet</strong></span> <span class='ocrx_word' id='word_1_20' title='bbox 995 877 1062 919; x_wconf 91' lang='lat' dir='ltr'><strong>non</strong></span> <span class='ocrx_word' id='word_1_21' title='bbox 1079 856 1176 920; x_wconf 90' lang='lat' dir='ltr'><strong>fuerit</strong></span> <span class='ocrx_word' id='word_1_22' title='bbox 1196 856 1413 921; x_wconf 83' lang='lat' dir='ltr'><strong>certificatum</strong></span> 
     </span>
     <span class='ocr_line' id='line_1_4' title="bbox 263 958 1415 1044; baseline 0.003 -23"><span class='ocrx_word' id='word_1_23' title='bbox 263 959 305 1022; x_wconf 93' lang='lat' dir='ltr'><strong>ad</strong></span> <span class='ocrx_word' id='word_1_24' title='bbox 326 958 470 1041; x_wconf 90' lang='lat' dir='ltr'><strong>plenum,</strong></span> <span class='ocrx_word' id='word_1_25' title='bbox 487 960 560 1042; x_wconf 90' lang='lat' dir='ltr'><strong>quis</strong></span> <span class='ocrx_word' id='word_1_26' title='bbox 582 981 696 1026; x_wconf 89' lang='lat' dir='ltr'><strong>eorum</strong></span> <span class='ocrx_word' id='word_1_27' title='bbox 720 981 793 1025; x_wconf 89' lang='lat' dir='ltr'><strong>eam</strong></span> <span class='ocrx_word' id='word_1_28' title='bbox 817 961 926 1043; x_wconf 92' lang='lat' dir='ltr'><strong>primo</strong></span> <span class='ocrx_word' id='word_1_29' title='bbox 947 963 1141 1044; x_wconf 85' lang='lat' dir='ltr'><strong>perceperit.</strong></span> <span class='ocrx_word' id='word_1_30' title='bbox 1187 961 1254 1026; x_wconf 87' lang='lat' dir='ltr'><strong>Sed</strong></span> <span class='ocrx_word' id='word_1_31' title='bbox 1278 961 1359 1025; x_wconf 90' lang='lat' dir='ltr'><strong>haec</strong></span> <span class='ocrx_word' id='word_1_32' title='bbox 1381 971 1415 1024; x_wconf 92' lang='lat' dir='ltr'><strong>et</strong></span> 
     </span>
     <span class='ocr_line' id='line_1_5' title="bbox 264 1063 1415 1149; baseline 0.002 -23"><span class='ocrx_word' id='word_1_33' title='bbox 264 1063 453 1146; x_wconf 87' lang='lat' dir='ltr'><strong>hujusmodi</strong></span> <span class='ocrx_word' id='word_1_34' title='bbox 480 1075 677 1129; x_wconf 87' lang='lat' dir='ltr'><strong>secretorum</strong></span> <span class='ocrx_word' id='word_1_35' title='bbox 702 1065 920 1129; x_wconf 89' lang='lat' dir='ltr'><strong>secretissima</strong></span> <span class='ocrx_word' id='word_1_36' title='bbox 942 1086 1073 1149; x_wconf 87' lang='lat' dir='ltr'><strong>semper</strong></span> <span class='ocrx_word' id='word_1_37' title='bbox 1094 1065 1226 1129; x_wconf 90' lang='lat' dir='ltr'><strong>fuerunt</strong></span> <span class='ocrx_word' id='word_1_38' title='bbox 1248 1065 1415 1129; x_wconf 90' lang='lat' dir='ltr'><strong>occultata</strong></span> 
     </span>
     <span class='ocr_line' id='line_1_6' title="bbox 264 1167 1415 1253; baseline 0.001 -22"><span class='ocrx_word' id='word_1_39' title='bbox 264 1189 285 1231; x_wconf 86' lang='lat' dir='ltr'><strong>a</strong></span> <span class='ocrx_word' id='word_1_40' title='bbox 316 1167 415 1251; x_wconf 89' lang='lat' dir='ltr'><strong>vulgo</strong></span> <span class='ocrx_word' id='word_1_41' title='bbox 452 1168 766 1253; x_wconf 91' lang='lat' dir='ltr'><strong>philosophantium,</strong></span> <span class='ocrx_word' id='word_1_42' title='bbox 797 1180 831 1234; x_wconf 90' lang='lat' dir='ltr'><strong>et</strong></span> <span class='ocrx_word' id='word_1_43' title='bbox 865 1170 1014 1233; x_wconf 86' lang='lat' dir='ltr'><strong>maxime</strong></span> <span class='ocrx_word' id='word_1_44' title='bbox 1051 1182 1228 1252; x_wconf 79' lang='lat' dir='ltr'><strong>postquam</strong></span> <span class='ocrx_word' id='word_1_45' title='bbox 1264 1170 1415 1233; x_wconf 90' lang='lat' dir='ltr'><strong>homines</strong></span> 
     </span>
     <span class='ocr_line' id='line_1_7' title="bbox 265 1273 1414 1357; baseline 0 -21"><span class='ocrx_word' id='word_1_46' title='bbox 265 1283 443 1353; x_wconf 87' lang='lat' dir='ltr'><strong>coeperunt</strong></span> <span class='ocrx_word' id='word_1_47' title='bbox 465 1274 558 1338; x_wconf 91' lang='lat' dir='ltr'><strong>abuti</strong></span> <span class='ocrx_word' id='word_1_48' title='bbox 580 1275 747 1355; x_wconf 85' lang='lat' dir='ltr'><strong>sapientia,</strong></span> <span class='ocrx_word' id='word_1_49' title='bbox 763 1275 976 1356; x_wconf 89' lang='lat' dir='ltr'><strong>disponentes</strong></span> <span class='ocrx_word' id='word_1_50' title='bbox 998 1274 1040 1337; x_wconf 93' lang='lat' dir='ltr'><strong>ad</strong></span> <span class='ocrx_word' id='word_1_51' title='bbox 1065 1273 1189 1338; x_wconf 91' lang='lat' dir='ltr'><strong>malum</strong></span> <span class='ocrx_word' id='word_1_52' title='bbox 1206 1274 1298 1357; x_wconf 91' lang='lat' dir='ltr'><strong>quod</strong></span> <span class='ocrx_word' id='word_1_53' title='bbox 1323 1275 1414 1338; x_wconf 90' lang='lat' dir='ltr'><strong>Deus</strong></span> 
     </span>
     <span class='ocr_line' id='line_1_8' title="bbox 265 1375 1220 1461; baseline 0.004 -22"><span class='ocrx_word' id='word_1_54' title='bbox 265 1377 297 1439; x_wconf 90' lang='lat' dir='ltr'><strong>in</strong></span> <span class='ocrx_word' id='word_1_55' title='bbox 313 1375 454 1442; x_wconf 89' lang='lat' dir='ltr'><strong>salutem</strong></span> <span class='ocrx_word' id='word_1_56' title='bbox 471 1378 642 1441; x_wconf 90' lang='lat' dir='ltr'><strong>hominum</strong></span> <span class='ocrx_word' id='word_1_57' title='bbox 659 1389 693 1442; x_wconf 92' lang='lat' dir='ltr'><strong>et</strong></span> <span class='ocrx_word' id='word_1_58' title='bbox 709 1379 884 1441; x_wconf 85' lang='lat' dir='ltr'><strong>utilitatem</strong></span> <span class='ocrx_word' id='word_1_59' title='bbox 901 1377 1034 1461; x_wconf 88' lang='lat' dir='ltr'><strong>plenam</strong></span> <span class='ocrx_word' id='word_1_60' title='bbox 1050 1378 1220 1443; x_wconf 90' lang='lat' dir='ltr'><strong>concessit.</strong></span> 
     </span>
    </p>

    <p class='ocr_par' dir='ltr' id='par_1_3' title="bbox 266 1479 1428 3968">
     <span class='ocr_line' id='line_1_9' title="bbox 311 1479 1416 1566; baseline 0.003 -24"><span class='ocrx_word' id='word_1_61' title='bbox 311 1479 440 1543; x_wconf 92' lang='lat' dir='ltr'><strong>Horum</strong></span> <span class='ocrx_word' id='word_1_62' title='bbox 464 1491 576 1546; x_wconf 89' lang='lat' dir='ltr'><strong>autem</strong></span> <span class='ocrx_word' id='word_1_63' title='bbox 599 1481 756 1565; x_wconf 89' lang='lat' dir='ltr'><strong>exempla</strong></span> <span class='ocrx_word' id='word_1_64' title='bbox 779 1481 966 1546; x_wconf 88' lang='lat' dir='ltr'><strong>scribuntur</strong></span> <span class='ocrx_word' id='word_1_65' title='bbox 988 1481 1102 1544; x_wconf 91' lang='lat' dir='ltr'><strong>multa.</strong></span> <span class='ocrx_word' id='word_1_66' title='bbox 1147 1482 1339 1564; x_wconf 89' lang='lat' dir='ltr'><strong>Artephius‚</strong></span> <span class='ocrx_word' id='word_1_67' title='bbox 1359 1483 1416 1566; x_wconf 93' lang='lat' dir='ltr'><strong>qui</strong></span> 
     </span>
     <span class='ocr_line' id='line_1_10' title="bbox 266 1584 1417 1671; baseline 0.002 -23"><span class='ocrx_word' id='word_1_68' title='bbox 266 1605 381 1649; x_wconf 88' lang='lat' dir='ltr'><strong>omnes</strong></span> <span class='ocrx_word' id='word_1_69' title='bbox 411 1584 561 1668; x_wconf 84' lang='lat' dir='ltr'><strong>regiones</strong></span> <span class='ocrx_word' id='word_1_70' title='bbox 596 1586 730 1650; x_wconf 92' lang='lat' dir='ltr'><strong>orientis</strong></span> <span class='ocrx_word' id='word_1_71' title='bbox 761 1588 947 1668; x_wconf 87' lang='lat' dir='ltr'><strong>peragravit</strong></span> <span class='ocrx_word' id='word_1_72' title='bbox 977 1597 1112 1670; x_wconf 90' lang='lat' dir='ltr'><strong>propter</strong></span> <span class='ocrx_word' id='word_1_73' title='bbox 1141 1588 1337 1671; x_wconf 90' lang='lat' dir='ltr'><strong>sapientiam</strong></span> <span class='ocrx_word' id='word_1_74' title='bbox 1369 1587 1417 1650; x_wconf 91' lang='lat' dir='ltr'><strong>in·</strong></span> 
     </span>
     <span class='ocr_line' id='line_1_11' title="bbox 266 1690 1418 1774; baseline 0.003 -23"><span class='ocrx_word' id='word_1_75' title='bbox 266 1690 471 1772; x_wconf 88' lang='lat' dir='ltr'><strong>quirendam,</strong></span> <span class='ocrx_word' id='word_1_76' title='bbox 482 1690 663 1754; x_wconf 88' lang='lat' dir='ltr'><strong>Tantalum</strong></span> <span class='ocrx_word' id='word_1_77' title='bbox 684 1692 877 1773; x_wconf 86' lang='lat' dir='ltr'><strong>magistmm</strong></span> <span class='ocrx_word' id='word_1_78' title='bbox 900 1693 983 1774; x_wconf 85' lang='lat' dir='ltr'><strong>regis</strong></span> <span class='ocrx_word' id='word_1_79' title='bbox 1000 1693 1115 1756; x_wconf 90' lang='lat' dir='ltr'><strong>Indiae</strong></span> <span class='ocrx_word' id='word_1_80' title='bbox 1133 1692 1254 1755; x_wconf 90' lang='lat' dir='ltr'><strong>invenit</strong></span> <span class='ocrx_word' id='word_1_81' title='bbox 1270 1693 1304 1755; x_wconf 96' lang='lat' dir='ltr'><strong>in</strong></span> <span class='ocrx_word' id='word_1_82' title='bbox 1319 1712 1418 1755; x_wconf 88' lang='lat' dir='ltr'><strong>aureo</strong></span> 
     </span>
     <span class='ocr_line' id='line_1_12' title="bbox 266 1794 1418 1872; baseline 0.002 -16"><span class='ocrx_word' id='word_1_83' title='bbox 266 1794 387 1856; x_wconf 90' lang='lat' dir='ltr'><strong>throno</strong></span> <span class='ocrx_word' id='word_1_84' title='bbox 402 1795 581 1872; x_wconf 85' lang='lat' dir='ltr'><strong>sedentem,</strong></span> <span class='ocrx_word' id='word_1_85' title='bbox 598 1795 640 1858; x_wconf 93' lang='lat' dir='ltr'><strong>de</strong></span> <span class='ocrx_word' id='word_1_86' title='bbox 655 1807 773 1860; x_wconf 90' lang='lat' dir='ltr'><strong>natura</strong></span> <span class='ocrx_word' id='word_1_87' title='bbox 792 1804 826 1859; x_wconf 92' lang='lat' dir='ltr'><strong>et</strong></span> <span class='ocrx_word' id='word_1_88' title='bbox 847 1796 994 1860; x_wconf 89' lang='lat' dir='ltr'><strong>motibus</strong></span> <span class='ocrx_word' id='word_1_89' title='bbox 1014 1795 1213 1861; x_wconf 90' lang='lat' dir='ltr'><strong>coelestibus</strong></span> <span class='ocrx_word' id='word_1_90' title='bbox 1233 1797 1418 1870; x_wconf 88' lang='lat' dir='ltr'><strong>docentem,</strong></span> 
     </span>
     <span class='ocr_line' id='line_1_13' title="bbox 266 1897 1419 1985; baseline 0.002 -24"><span class='ocrx_word' id='word_1_91' title='bbox 266 1898 317 1961; x_wconf 91' lang='lat' dir='ltr'><strong>cui</strong></span> <span class='ocrx_word' id='word_1_92' title='bbox 329 1897 493 1981; x_wconf 86' lang='lat' dir='ltr'><strong>Artephio</strong></span> <span class='ocrx_word' id='word_1_93' title='bbox 507 1899 596 1962; x_wconf 89' lang='lat' dir='ltr'><strong>idem</strong></span> <span class='ocrx_word' id='word_1_94' title='bbox 606 1899 768 1963; x_wconf 89' lang='lat' dir='ltr'><strong>Tantalus</strong></span> <span class='ocrx_word' id='word_1_95' title='bbox 779 1899 965 1965; x_wconf 89' lang='lat' dir='ltr'><strong>humiliavit</strong></span> <span class='ocrx_word' id='word_1_96' title='bbox 980 1922 1016 1964; x_wconf 92' lang='lat' dir='ltr'><strong>se</strong></span> <span class='ocrx_word' id='word_1_97' title='bbox 1032 1901 1063 1964; x_wconf 92' lang='lat' dir='ltr'><strong>in</strong></span> <span class='ocrx_word' id='word_1_98' title='bbox 1078 1901 1274 1985; x_wconf 89' lang='lat' dir='ltr'><strong>discipulum</strong></span> <span class='ocrx_word' id='word_1_99' title='bbox 1284 1900 1306 1974; x_wconf 91' lang='lat'><strong>¹,</strong></span> <span class='ocrx_word' id='word_1_100' title='bbox 1318 1902 1419 1964; x_wconf 83' lang='lat' dir='ltr'><strong>fertur</strong></span> 
     </span>
     <span class='ocr_line' id='line_1_14' title="bbox 268 2001 1420 2088; baseline 0.003 -23"><span class='ocrx_word' id='word_1_101' title='bbox 268 2003 300 2066; x_wconf 93' lang='lat' dir='ltr'><strong>in</strong></span> <span class='ocrx_word' id='word_1_102' title='bbox 316 2001 400 2065; x_wconf 91' lang='lat' dir='ltr'><strong>libro</strong></span> <span class='ocrx_word' id='word_1_103' title='bbox 418 2022 498 2066; x_wconf 90' lang='lat' dir='ltr'><strong>suae</strong></span> <span class='ocrx_word' id='word_1_104' title='bbox 518 2003 750 2088; x_wconf 89' lang='lat' dir='ltr'><strong>philosophiae</strong></span> <span class='ocrx_word' id='word_1_105' title='bbox 765 2005 890 2068; x_wconf 89' lang='lat' dir='ltr'><strong>vixisse</strong></span> <span class='ocrx_word' id='word_1_106' title='bbox 911 2003 1023 2069; x_wconf 91' lang='lat' dir='ltr'><strong>multis</strong></span> <span class='ocrx_word' id='word_1_107' title='bbox 1042 2025 1202 2068; x_wconf 91' lang='lat' dir='ltr'><strong>annorum</strong></span> <span class='ocrx_word' id='word_1_108' title='bbox 1224 2005 1420 2068; x_wconf 87' lang='lat' dir='ltr'><strong>centenariis</strong></span> 
     </span>
     <span class='ocr_line' id='line_1_15' title="bbox 266 2107 1420 2192; baseline 0.002 -23"><span class='ocrx_word' id='word_1_109' title='bbox 266 2128 326 2192; x_wconf 94' lang='lat' dir='ltr'><strong>per</strong></span> <span class='ocrx_word' id='word_1_110' title='bbox 341 2115 483 2171; x_wconf 90' lang='lat' dir='ltr'><strong>secretas</strong></span> <span class='ocrx_word' id='word_1_111' title='bbox 500 2108 726 2192; x_wconf 84' lang='lat' dir='ltr'><strong>experientias</strong></span> <span class='ocrx_word' id='word_1_112' title='bbox 763 2107 913 2173; x_wconf 82' lang='lat' dir='ltr'><strong>Verum²</strong></span> <span class='ocrx_word' id='word_1_113' title='bbox 927 2118 963 2173; x_wconf 88' lang='lat' dir='ltr'><strong>et</strong></span> <span class='ocrx_word' id='word_1_114' title='bbox 974 2108 1097 2171; x_wconf 92' lang='lat' dir='ltr'><strong>Plinius</strong></span> <span class='ocrx_word' id='word_1_115' title='bbox 1107 2110 1263 2171; x_wconf 92' lang='lat' dir='ltr'><strong>vicesimo</strong></span> <span class='ocrx_word' id='word_1_116' title='bbox 1274 2109 1420 2172; x_wconf 91' lang='lat' dir='ltr'><strong>secundo</strong></span> 
     </span>
     <span class='ocr_line' id='line_1_16' title="bbox 268 2211 1421 2294; baseline 0.003 -20"><span class='ocrx_word' id='word_1_117' title='bbox 268 2211 350 2274; x_wconf 91' lang='lat' dir='ltr'><strong>libro</strong></span> <span class='ocrx_word' id='word_1_118' title='bbox 384 2212 555 2274; x_wconf 87' lang='lat' dir='ltr'><strong>Naturalis</strong></span> <span class='ocrx_word' id='word_1_119' title='bbox 587 2212 756 2278; x_wconf 88' lang='lat' dir='ltr'><strong>Historiae</strong></span> <span class='ocrx_word' id='word_1_120' title='bbox 780 2233 892 2278; x_wconf 91' lang='lat' dir='ltr'><strong>coram</strong></span> <span class='ocrx_word' id='word_1_121' title='bbox 924 2212 1111 2278; x_wconf 88' lang='lat' dir='ltr'><strong>Octaviano</strong></span> <span class='ocrx_word' id='word_1_122' title='bbox 1137 2212 1294 2294; x_wconf 86' lang='lat' dir='ltr'><strong>Augusto</strong></span> <span class='ocrx_word' id='word_1_123' title='bbox 1321 2211 1421 2277; x_wconf 78' lang='lat' dir='ltr'><strong>refert</strong></span> 
     </span>
     <span class='ocr_line' id='line_1_17' title="bbox 268 2316 1420 2400; baseline 0.002 -22"><span class='ocrx_word' id='word_1_124' title='bbox 268 2316 434 2379; x_wconf 91' lang='lat' dir='ltr'><strong>hominem</strong></span> <span class='ocrx_word' id='word_1_125' title='bbox 452 2316 592 2394; x_wconf 86' lang='lat' dir='ltr'><strong>stetisse,</strong></span> <span class='ocrx_word' id='word_1_126' title='bbox 608 2318 664 2399; x_wconf 93' lang='lat' dir='ltr'><strong>qui</strong></span> <span class='ocrx_word' id='word_1_127' title='bbox 683 2319 769 2382; x_wconf 86' lang='lat' dir='ltr'><strong>ultra</strong></span> <span class='ocrx_word' id='word_1_128' title='bbox 784 2327 918 2382; x_wconf 91' lang='lat' dir='ltr'><strong>centum</strong></span> <span class='ocrx_word' id='word_1_129' title='bbox 935 2337 1039 2381; x_wconf 89' lang='lat' dir='ltr'><strong>annos</strong></span> <span class='ocrx_word' id='word_1_130' title='bbox 1055 2318 1159 2382; x_wconf 90' lang='lat' dir='ltr'><strong>vitam</strong></span> <span class='ocrx_word' id='word_1_131' title='bbox 1174 2337 1269 2381; x_wconf 90' lang='lat' dir='ltr'><strong>suam</strong></span> <span class='ocrx_word' id='word_1_132' title='bbox 1286 2317 1420 2400; x_wconf 90' lang='lat' dir='ltr'><strong>prolon-</strong></span> 
     </span>
     <span class='ocr_line' id='line_1_18' title="bbox 268 2419 1421 2506; baseline 0.003 -24"><span class='ocrx_word' id='word_1_133' title='bbox 268 2431 388 2503; x_wconf 85' lang='lat' dir='ltr'><strong>gasset,</strong></span> <span class='ocrx_word' id='word_1_134' title='bbox 404 2419 495 2484; x_wconf 89' lang='lat' dir='ltr'><strong>fortis</strong></span> <span class='ocrx_word' id='word_1_135' title='bbox 514 2429 548 2484; x_wconf 91' lang='lat' dir='ltr'><strong>et</strong></span> <span class='ocrx_word' id='word_1_136' title='bbox 568 2421 723 2484; x_wconf 90' lang='lat' dir='ltr'><strong>robustus</strong></span> <span class='ocrx_word' id='word_1_137' title='bbox 743 2432 777 2486; x_wconf 90' lang='lat' dir='ltr'><strong>et</strong></span> <span class='ocrx_word' id='word_1_138' title='bbox 800 2431 954 2486; x_wconf 89' lang='lat' dir='ltr'><strong>strenuus</strong></span> <span class='ocrx_word' id='word_1_139' title='bbox 976 2423 1009 2484; x_wconf 92' lang='lat' dir='ltr'><strong>in</strong></span> <span class='ocrx_word' id='word_1_140' title='bbox 1032 2431 1201 2506; x_wconf 90' lang='lat' dir='ltr'><strong>stuporem</strong></span> <span class='ocrx_word' id='word_1_141' title='bbox 1223 2422 1421 2486; x_wconf 87' lang='lat' dir='ltr'><strong>astantium:</strong></span> 
     </span>
     <span class='ocr_line' id='line_1_19' title="bbox 269 2524 1422 2608; baseline 0.003 -22"><span class='ocrx_word' id='word_1_142' title='bbox 269 2524 380 2607; x_wconf 91' lang='lat' dir='ltr'><strong>itaque</strong></span> <span class='ocrx_word' id='word_1_143' title='bbox 395 2525 574 2608; x_wconf 90' lang='lat' dir='ltr'><strong>imperator</strong></span> <span class='ocrx_word' id='word_1_144' title='bbox 588 2526 770 2589; x_wconf 89' lang='lat' dir='ltr'><strong>admiratus</strong></span> <span class='ocrx_word' id='word_1_145' title='bbox 786 2527 950 2607; x_wconf 89' lang='lat' dir='ltr'><strong>quaesivit</strong></span> <span class='ocrx_word' id='word_1_146' title='bbox 965 2526 1008 2589; x_wconf 90' lang='lat' dir='ltr'><strong>ab</strong></span> <span class='ocrx_word' id='word_1_147' title='bbox 1022 2547 1075 2604; x_wconf 88' lang='lat' dir='ltr'><strong>eo,</strong></span> <span class='ocrx_word' id='word_1_148' title='bbox 1087 2527 1167 2608; x_wconf 91' lang='lat' dir='ltr'><strong>quid</strong></span> <span class='ocrx_word' id='word_1_149' title='bbox 1184 2525 1307 2591; x_wconf 90' lang='lat' dir='ltr'><strong>faceret</strong></span> <span class='ocrx_word' id='word_1_150' title='bbox 1322 2536 1360 2590; x_wconf 95' lang='lat' dir='ltr'><strong>ut</strong></span> <span class='ocrx_word' id='word_1_151' title='bbox 1376 2527 1422 2589; x_wconf 88' lang='lat' dir='ltr'><strong>ita</strong></span> 
     </span>
     <span class='ocr_line' id='line_1_20' title="bbox 270 2630 1420 2713; baseline 0.003 -22"><span class='ocrx_word' id='word_1_152' title='bbox 270 2630 410 2705; x_wconf 86' lang='lat' dir='ltr'><strong>viveret3</strong></span> <span class='ocrx_word' id='word_1_153' title='bbox 437 2640 469 2694; x_wconf 91' lang='lat' dir='ltr'><strong>et</strong></span> <span class='ocrx_word' id='word_1_154' title='bbox 494 2631 565 2712; x_wconf 91' lang='lat' dir='ltr'><strong>ipse</strong></span> <span class='ocrx_word' id='word_1_155' title='bbox 589 2631 758 2713; x_wconf 90' lang='lat' dir='ltr'><strong>respondit</strong></span> <span class='ocrx_word' id='word_1_156' title='bbox 781 2631 813 2693; x_wconf 94' lang='lat' dir='ltr'><strong>in</strong></span> <span class='ocrx_word' id='word_1_157' title='bbox 836 2631 1031 2712; x_wconf 84' lang='lat' dir='ltr'><strong>aenigmate,</strong></span> <span class='ocrx_word' id='word_1_158' title='bbox 1054 2640 1090 2693; x_wconf 92' lang='lat' dir='ltr'><strong>ut</strong></span> <span class='ocrx_word' id='word_1_159' title='bbox 1112 2633 1160 2694; x_wconf 92' lang='lat' dir='ltr'><strong>ait</strong></span> <span class='ocrx_word' id='word_1_160' title='bbox 1184 2631 1315 2709; x_wconf 87' lang='lat' dir='ltr'><strong>Plinius,</strong></span> <span class='ocrx_word' id='word_1_161' title='bbox 1330 2632 1420 2713; x_wconf 91' lang='lat' dir='ltr'><strong>quod</strong></span> 
     </span>
     <span class='ocr_line' id='line_1_21' title="bbox 270 2733 1423 2816; baseline 0.001 -21"><span class='ocrx_word' id='word_1_162' title='bbox 270 2743 425 2816; x_wconf 87' lang='lat' dir='ltr'><strong>posuerat</strong></span> <span class='ocrx_word' id='word_1_163' title='bbox 448 2734 559 2797; x_wconf 91' lang='lat' dir='ltr'><strong>oleum</strong></span> <span class='ocrx_word' id='word_1_164' title='bbox 583 2734 738 2808; x_wconf 86' lang='lat' dir='ltr'><strong>exterius,</strong></span> <span class='ocrx_word' id='word_1_165' title='bbox 762 2744 795 2797; x_wconf 93' lang='lat' dir='ltr'><strong>et</strong></span> <span class='ocrx_word' id='word_1_166' title='bbox 819 2735 964 2798; x_wconf 91' lang='lat' dir='ltr'><strong>mulsum</strong></span> <span class='ocrx_word' id='word_1_167' title='bbox 988 2733 1132 2797; x_wconf 91' lang='lat' dir='ltr'><strong>interius.</strong></span> <span class='ocrx_word' id='word_1_168' title='bbox 1180 2733 1311 2798; x_wconf 90' lang='lat' dir='ltr'><strong>Deinde</strong></span> <span class='ocrx_word' id='word_1_169' title='bbox 1332 2733 1423 2816; x_wconf 92' lang='lat' dir='ltr'><strong>quod</strong></span> 
     </span>
     <span class='ocr_line' id='line_1_22' title="bbox 272 2836 1425 2919; baseline -0.002 -18"><span class='ocrx_word' id='word_1_170' title='bbox 272 2838 400 2901; x_wconf 90' lang='lat' dir='ltr'><strong>dicitur</strong></span> <span class='ocrx_word' id='word_1_171' title='bbox 429 2836 514 2902; x_wconf 93' lang='lat' dir='ltr'><strong>libro</strong></span> <span class='ocrx_word' id='word_1_172' title='bbox 546 2840 588 2903; x_wconf 92' lang='lat' dir='ltr'><strong>de</strong></span> <span class='ocrx_word' id='word_1_173' title='bbox 610 2839 851 2903; x_wconf 88' lang='lat' dir='ltr'><strong>Accidentibus</strong></span> <span class='ocrx_word' id='word_1_174' title='bbox 874 2838 1094 2914; x_wconf 80' lang='lat' dir='ltr'><strong>Senectutis³,</strong></span> <span class='ocrx_word' id='word_1_175' title='bbox 1119 2859 1140 2902; x_wconf 91' lang='lat' dir='ltr'><strong>a</strong></span> <span class='ocrx_word' id='word_1_176' title='bbox 1165 2849 1315 2919; x_wconf 90' lang='lat' dir='ltr'><strong>tempore</strong></span> <span class='ocrx_word' id='word_1_177' title='bbox 1338 2838 1425 2919; x_wconf 89' lang='lat' dir='ltr'><strong>regis</strong></span> 
     </span>
     <span class='ocr_line' id='line_1_23' title="bbox 271 2941 1424 3025; baseline -0.001 -20"><span class='ocrx_word' id='word_1_178' title='bbox 271 2941 438 3006; x_wconf 88' lang='lat' dir='ltr'><strong>Guillelmi</strong></span> <span class='ocrx_word' id='word_1_179' title='bbox 467 2941 598 3007; x_wconf 87' lang='lat' dir='ltr'><strong>Siciliae</strong></span> <span class='ocrx_word' id='word_1_180' title='bbox 624 2944 776 3007; x_wconf 90' lang='lat' dir='ltr'><strong>inventus</strong></span> <span class='ocrx_word' id='word_1_181' title='bbox 800 2952 851 3006; x_wconf 92' lang='lat' dir='ltr'><strong>est</strong></span> <span class='ocrx_word' id='word_1_182' title='bbox 876 2942 987 3020; x_wconf 89' lang='lat' dir='ltr'><strong>homo,</strong></span> <span class='ocrx_word' id='word_1_183' title='bbox 1010 2943 1067 3025; x_wconf 90' lang='lat' dir='ltr'><strong>qui</strong></span> <span class='ocrx_word' id='word_1_184' title='bbox 1094 2951 1217 3007; x_wconf 87' lang='lat' dir='ltr'><strong>statum</strong></span> <span class='ocrx_word' id='word_1_185' title='bbox 1241 2941 1424 3023; x_wconf 89' lang='lat' dir='ltr'><strong>juventutis</strong></span> 
     </span>
     <span class='ocr_line' id='line_1_24' title="bbox 271 3046 1424 3130; baseline 0.001 -21"><span class='ocrx_word' id='word_1_186' title='bbox 271 3047 303 3109; x_wconf 92' lang='lat' dir='ltr'><strong>in</strong></span> <span class='ocrx_word' id='word_1_187' title='bbox 334 3047 454 3112; x_wconf 89' lang='lat' dir='ltr'><strong>robore</strong></span> <span class='ocrx_word' id='word_1_188' title='bbox 484 3059 518 3112; x_wconf 91' lang='lat' dir='ltr'><strong>et</strong></span> <span class='ocrx_word' id='word_1_189' title='bbox 548 3069 645 3112; x_wconf 91' lang='lat' dir='ltr'><strong>sensu</strong></span> <span class='ocrx_word' id='word_1_190' title='bbox 676 3057 709 3112; x_wconf 90' lang='lat' dir='ltr'><strong>et</strong></span> <span class='ocrx_word' id='word_1_191' title='bbox 739 3048 916 3130; x_wconf 90' lang='lat' dir='ltr'><strong>prudentia</strong></span> <span class='ocrx_word' id='word_1_192' title='bbox 949 3046 1141 3112; x_wconf 81' lang='lat' dir='ltr'><strong>renovavit⁴</strong></span> <span class='ocrx_word' id='word_1_193' title='bbox 1171 3046 1258 3110; x_wconf 89' lang='lat' dir='ltr'><strong>ultra</strong></span> <span class='ocrx_word' id='word_1_194' title='bbox 1288 3066 1424 3111; x_wconf 91' lang='lat' dir='ltr'><strong>omnem</strong></span> 
     </span>
     <span class='ocr_line' id='line_1_25' title="bbox 274 3151 1426 3234; baseline 0.002 -20"><span class='ocrx_word' id='word_1_195' title='bbox 274 3153 536 3217; x_wconf 87' lang='lat' dir='ltr'><strong>aestimationem</strong></span> <span class='ocrx_word' id='word_1_196' title='bbox 572 3151 750 3217; x_wconf 88' lang='lat' dir='ltr'><strong>humanam</strong></span> <span class='ocrx_word' id='word_1_197' title='bbox 785 3153 916 3216; x_wconf 91' lang='lat' dir='ltr'><strong>circiter</strong></span> <span class='ocrx_word' id='word_1_198' title='bbox 944 3154 1120 3234; x_wconf 85' lang='lat' dir='ltr'><strong>sexaginta</strong></span> <span class='ocrx_word' id='word_1_199' title='bbox 1153 3171 1276 3227; x_wconf 84' lang='lat' dir='ltr'><strong>annos3</strong></span> <span class='ocrx_word' id='word_1_200' title='bbox 1315 3160 1349 3215; x_wconf 92' lang='lat' dir='ltr'><strong>et</strong></span> <span class='ocrx_word' id='word_1_201' title='bbox 1383 3152 1426 3216; x_wconf 89' lang='lat' dir='ltr'><strong>de</strong></span> 
     </span>
     <span class='ocr_line' id='line_1_26' title="bbox 276 3257 1425 3341; baseline -0.001 -20"><span class='ocrx_word' id='word_1_202' title='bbox 276 3257 397 3321; x_wconf 89' lang='lat' dir='ltr'><strong>rustico</strong></span> <span class='ocrx_word' id='word_1_203' title='bbox 413 3259 557 3323; x_wconf 91' lang='lat' dir='ltr'><strong>bubulco</strong></span> <span class='ocrx_word' id='word_1_204' title='bbox 573 3258 679 3321; x_wconf 87' lang='lat' dir='ltr'><strong>factus</strong></span> <span class='ocrx_word' id='word_1_205' title='bbox 695 3267 745 3321; x_wconf 88' lang='lat' dir='ltr'><strong>est</strong></span> <span class='ocrx_word' id='word_1_206' title='bbox 761 3259 847 3340; x_wconf 89' lang='lat' dir='ltr'><strong>regis</strong></span> <span class='ocrx_word' id='word_1_207' title='bbox 863 3257 1001 3340; x_wconf 84' lang='lat' dir='ltr'><strong>bajulus.</strong></span> <span class='ocrx_word' id='word_1_208' title='bbox 1040 3257 1108 3340; x_wconf 85' lang='lat' dir='ltr'><strong>Qui</strong></span> <span class='ocrx_word' id='word_1_209' title='bbox 1124 3258 1249 3341; x_wconf 90' lang='lat' dir='ltr'><strong>recepit</strong></span> <span class='ocrx_word' id='word_1_210' title='bbox 1264 3257 1425 3340; x_wconf 89' lang='lat' dir='ltr'><strong>liquorem</strong></span> 
     </span>
     <span class='ocr_line' id='line_1_27' title="bbox 276 3362 1426 3446; baseline -0.002 -20"><span class='ocrx_word' id='word_1_211' title='bbox 276 3363 438 3446; x_wconf 89' lang='lat' dir='ltr'><strong>optimum</strong></span> <span class='ocrx_word' id='word_1_212' title='bbox 461 3383 561 3427; x_wconf 90' lang='lat' dir='ltr'><strong>aureo</strong></span> <span class='ocrx_word' id='word_1_213' title='bbox 576 3383 652 3426; x_wconf 90' lang='lat' dir='ltr'><strong>vase</strong></span> <span class='ocrx_word' id='word_1_214' title='bbox 673 3363 704 3425; x_wconf 95' lang='lat' dir='ltr'><strong>in</strong></span> <span class='ocrx_word' id='word_1_215' title='bbox 726 3365 853 3446; x_wconf 90' lang='lat' dir='ltr'><strong>campis</strong></span> <span class='ocrx_word' id='word_1_216' title='bbox 873 3362 1040 3426; x_wconf 89' lang='lat' dir='ltr'><strong>occultato</strong></span> <span class='ocrx_word' id='word_1_217' title='bbox 1060 3363 1121 3425; x_wconf 91' lang='lat' dir='ltr'><strong>sub</strong></span> <span class='ocrx_word' id='word_1_218' title='bbox 1142 3373 1239 3436; x_wconf 90' lang='lat' dir='ltr'><strong>terra,</strong></span> <span class='ocrx_word' id='word_1_219' title='bbox 1254 3362 1344 3445; x_wconf 90' lang='lat' dir='ltr'><strong>quod</strong></span> <span class='ocrx_word' id='word_1_220' title='bbox 1359 3381 1426 3438; x_wconf 89' lang='lat' dir='ltr'><strong>vas,</strong></span> 
     </span>
     <span class='ocr_line' id='line_1_28' title="bbox 277 3465 1426 3550; baseline -0.002 -20"><span class='ocrx_word' id='word_1_221' title='bbox 277 3475 386 3530; x_wconf 88' lang='lat' dir='ltr'><strong>aratro</strong></span> <span class='ocrx_word' id='word_1_222' title='bbox 401 3476 524 3530; x_wconf 87' lang='lat' dir='ltr'><strong>terram</strong></span> <span class='ocrx_word' id='word_1_223' title='bbox 540 3467 717 3542; x_wconf 90' lang='lat' dir='ltr'><strong>dividente,</strong></span> <span class='ocrx_word' id='word_1_224' title='bbox 733 3468 863 3550; x_wconf 88' lang='lat' dir='ltr'><strong>reperit,</strong></span> <span class='ocrx_word' id='word_1_225' title='bbox 880 3477 915 3531; x_wconf 91' lang='lat' dir='ltr'><strong>et</strong></span> <span class='ocrx_word' id='word_1_226' title='bbox 930 3467 1107 3531; x_wconf 88' lang='lat' dir='ltr'><strong>aestimans</strong></span> <span class='ocrx_word' id='word_1_227' title='bbox 1128 3486 1232 3529; x_wconf 89' lang='lat' dir='ltr'><strong>rorem</strong></span> <span class='ocrx_word' id='word_1_228' title='bbox 1249 3465 1426 3530; x_wconf 89' lang='lat' dir='ltr'><strong>coelestem</strong></span> 
     </span>
     <span class='ocr_line' id='line_1_29' title="bbox 277 3569 1427 3652; baseline -0.001 -19"><span class='ocrx_word' id='word_1_229' title='bbox 277 3570 370 3649; x_wconf 92' lang='lat' dir='ltr'><strong>bibit,</strong></span> <span class='ocrx_word' id='word_1_230' title='bbox 388 3581 422 3634; x_wconf 88' lang='lat' dir='ltr'><strong>et</strong></span> <span class='ocrx_word' id='word_1_231' title='bbox 437 3569 553 3634; x_wconf 91' lang='lat' dir='ltr'><strong>faciem</strong></span> <span class='ocrx_word' id='word_1_232' title='bbox 568 3569 657 3644; x_wconf 86' lang='lat' dir='ltr'><strong>lavit,</strong></span> <span class='ocrx_word' id='word_1_233' title='bbox 674 3582 709 3635; x_wconf 90' lang='lat' dir='ltr'><strong>et</strong></span> <span class='ocrx_word' id='word_1_234' title='bbox 725 3581 901 3635; x_wconf 88' lang='lat' dir='ltr'><strong>renovatus</strong></span> <span class='ocrx_word' id='word_1_235' title='bbox 916 3581 966 3635; x_wconf 90' lang='lat' dir='ltr'><strong>est</strong></span> <span class='ocrx_word' id='word_1_236' title='bbox 988 3580 1099 3634; x_wconf 93' lang='lat' dir='ltr'><strong>mente</strong></span> <span class='ocrx_word' id='word_1_237' title='bbox 1120 3579 1155 3633; x_wconf 94' lang='lat' dir='ltr'><strong>et</strong></span> <span class='ocrx_word' id='word_1_238' title='bbox 1173 3589 1311 3651; x_wconf 89' lang='lat' dir='ltr'><strong>corpore</strong></span> <span class='ocrx_word' id='word_1_239' title='bbox 1326 3589 1427 3652; x_wconf 89' lang='lat' dir='ltr'><strong>supra</strong></span> 
     </span>
     <span class='ocr_line' id='line_1_30' title="bbox 274 3673 1427 3757; baseline -0.001 -18"><span class='ocrx_word' id='word_1_240' title='bbox 274 3676 421 3739; x_wconf 93' lang='lat' dir='ltr'><strong>modum.</strong></span> <span class='ocrx_word' id='word_1_241' title='bbox 468 3673 514 3737; x_wconf 90' lang='lat' dir='ltr'><strong>Et</strong></span> <span class='ocrx_word' id='word_1_242' title='bbox 537 3676 571 3738; x_wconf 89' lang='lat' dir='ltr'><strong>in</strong></span> <span class='ocrx_word' id='word_1_243' title='bbox 594 3675 678 3738; x_wconf 94' lang='lat' dir='ltr'><strong>libro</strong></span> <span class='ocrx_word' id='word_1_244' title='bbox 700 3695 787 3738; x_wconf 92' lang='lat' dir='ltr'><strong>nunc</strong></span> <span class='ocrx_word' id='word_1_245' title='bbox 811 3685 903 3740; x_wconf 87' lang='lat' dir='ltr'><strong>tacto</strong></span> <span class='ocrx_word' id='word_1_246' title='bbox 925 3674 1084 3751; x_wconf 87' lang='lat' dir='ltr'><strong>scribitur,</strong></span> <span class='ocrx_word' id='word_1_247' title='bbox 1099 3676 1188 3757; x_wconf 93' lang='lat' dir='ltr'><strong>quod</strong></span> <span class='ocrx_word' id='word_1_248' title='bbox 1212 3674 1313 3737; x_wconf 92' lang='lat' dir='ltr'><strong>homo</strong></span> <span class='ocrx_word' id='word_1_249' title='bbox 1335 3683 1427 3738; x_wconf 90' lang='lat' dir='ltr'><strong>totus</strong></span> 
     </span>
     <span class='ocr_line' id='line_1_31' title="bbox 274 3779 1428 3863; baseline -0.002 -21"><span class='ocrx_word' id='word_1_250' title='bbox 274 3789 453 3861; x_wconf 90' lang='lat' dir='ltr'><strong>pemnctus</strong></span> <span class='ocrx_word' id='word_1_251' title='bbox 482 3790 654 3863; x_wconf 86' lang='lat' dir='ltr'><strong>unguento</strong></span> <span class='ocrx_word' id='word_1_252' title='bbox 691 3781 833 3861; x_wconf 90' lang='lat' dir='ltr'><strong>optim0,</strong></span> <span class='ocrx_word' id='word_1_253' title='bbox 863 3789 994 3862; x_wconf 89' lang='lat' dir='ltr'><strong>praeter</strong></span> <span class='ocrx_word' id='word_1_254' title='bbox 1023 3779 1154 3862; x_wconf 87' lang='lat' dir='ltr'><strong>plantas</strong></span> <span class='ocrx_word' id='word_1_255' title='bbox 1183 3780 1316 3862; x_wconf 90' lang='lat' dir='ltr'><strong>pedum,</strong></span> <span class='ocrx_word' id='word_1_256' title='bbox 1342 3779 1428 3841; x_wconf 91' lang='lat' dir='ltr'><strong>vixit</strong></span> 
     </span>
     <span class='ocr_line' id='line_1_32' title="bbox 273 3882 1428 3968; baseline 0 -22"><span class='ocrx_word' id='word_1_257' title='bbox 273 3884 422 3966; x_wconf 88' lang='lat' dir='ltr'><strong>pluribus</strong></span> <span class='ocrx_word' id='word_1_258' title='bbox 449 3904 609 3948; x_wconf 90' lang='lat' dir='ltr'><strong>annorum</strong></span> <span class='ocrx_word' id='word_1_259' title='bbox 636 3885 831 3949; x_wconf 90' lang='lat' dir='ltr'><strong>centenariis</strong></span> <span class='ocrx_word' id='word_1_260' title='bbox 861 3884 1077 3968; x_wconf 87' lang='lat' dir='ltr'><strong>incorruptus,</strong></span> <span class='ocrx_word' id='word_1_261' title='bbox 1105 3893 1249 3964; x_wconf 89' lang='lat' dir='ltr'><strong>excepto</strong></span> <span class='ocrx_word' id='word_1_262' title='bbox 1274 3883 1364 3965; x_wconf 93' lang='lat' dir='ltr'><strong>quod</strong></span> <span class='ocrx_word' id='word_1_263' title='bbox 1395 3882 1428 3946; x_wconf 95' lang='lat' dir='ltr'><strong>in</strong></span> 
     </span>
    </p>
   </div>
   <div class='ocr_carea' id='block_1_3' title="bbox 274 4083 1433 4698">
    <p class='ocr_par' dir='ltr' id='par_1_4' title="bbox 305 4083 537 4146">
     <span class='ocr_line' id='line_1_33' title="bbox 305 4083 537 4146; baseline -0.004 -12"><span class='ocrx_word' id='word_1_264' title='bbox 305 4084 314 4113; x_wconf 91' lang='lat'><strong>¹</strong></span> <span class='ocrx_word' id='word_1_265' title='bbox 332 4083 502 4146; x_wconf 77' lang='lat' dir='ltr'><strong>disciplinam,</strong></span> <span class='ocrx_word' id='word_1_266' title='bbox 513 4085 537 4145; x_wconf 93' lang='lat' dir='ltr'><strong>J.</strong></span> 
     </span>
    </p>

    <p class='ocr_par' dir='ltr' id='par_1_5' title="bbox 306 4162 1243 4228">
     <span class='ocr_line' id='line_1_34' title="bbox 306 4162 1243 4228; baseline 0 -17"><span class='ocrx_word' id='word_1_267' title='bbox 306 4162 318 4196; x_wconf 88' lang='lat'><strong>¹</strong></span> <span class='ocrx_word' id='word_1_268' title='bbox 334 4164 360 4224; x_wconf 91' lang='lat' dir='ltr'><strong>J.</strong></span> <span class='ocrx_word' id='word_1_269' title='bbox 372 4163 420 4212; x_wconf 80' lang='lat' dir='ltr'><strong>has</strong></span> <span class='ocrx_word' id='word_1_270' title='bbox 431 4179 522 4227; x_wconf 86' lang='lat' dir='ltr'><strong>rerum,</strong></span> <span class='ocrx_word' id='word_1_271' title='bbox 536 4165 629 4213; x_wconf 73' lang='lat' dir='ltr'><strong>nffixed</strong></span> <span class='ocrx_word' id='word_1_272' title='bbox 641 4170 668 4213; x_wconf 91' lang='lat' dir='ltr'><strong>to</strong></span> <span class='ocrx_word' id='word_1_273' title='bbox 679 4164 817 4228; x_wconf 75' lang='lat' dir='ltr'><strong>foregoing</strong></span> <span class='ocrx_word' id='word_1_274' title='bbox 828 4171 961 4216; x_wconf 84' lang='lat' dir='ltr'><strong>sentence.</strong></span> <span class='ocrx_word' id='word_1_275' title='bbox 997 4163 1037 4214; x_wconf 89' lang='lat' dir='ltr'><strong>Cf.</strong></span> <span class='ocrx_word' id='word_1_276' title='bbox 1051 4163 1116 4212; x_wconf 88' lang='lat' dir='ltr'><strong>Plin.</strong></span> <span class='ocrx_word' id='word_1_277' title='bbox 1127 4163 1188 4212; x_wconf 82' lang='lat' dir='ltr'><strong>xxii.</strong></span> <span class='ocrx_word' id='word_1_278' title='bbox 1202 4178 1243 4222; x_wconf 74' lang='lat'><strong>⁹4·</strong></span> 
     </span>
    </p>

    <p class='ocr_par' dir='ltr' id='par_1_6' title="bbox 274 4239 1433 4698">
     <span class='ocr_line' id='line_1_35' title="bbox 308 4239 1429 4292; baseline 0 -2"><span class='ocrx_word' id='word_1_279' title='bbox 308 4243 319 4272; x_wconf 83' lang='lat'><strong>¹</strong></span> <span class='ocrx_word' id='word_1_280' title='bbox 333 4241 399 4290; x_wconf 87' lang='lat' dir='ltr'><strong>This</strong></span> <span class='ocrx_word' id='word_1_281' title='bbox 409 4242 432 4290; x_wconf 89' lang='lat' dir='ltr'><strong>is</strong></span> <span class='ocrx_word' id='word_1_282' title='bbox 444 4240 555 4292; x_wconf 82' lang='lat' dir='ltr'><strong>Baeon&#39;s</strong></span> <span class='ocrx_word' id='word_1_283' title='bbox 572 4244 677 4292; x_wconf 82' lang='lat' dir='ltr'><strong>treatise</strong></span> <span class='ocrx_word' id='word_1_284' title='bbox 697 4243 779 4292; x_wconf 76' lang='lat' dir='ltr'><strong>above</strong></span> <span class='ocrx_word' id='word_1_285' title='bbox 796 4243 912 4292; x_wconf 79' lang='lat' dir='ltr'><strong>referred</strong></span> <span class='ocrx_word' id='word_1_286' title='bbox 931 4250 966 4292; x_wconf 93' lang='lat' dir='ltr'><strong>to.</strong></span> <span class='ocrx_word' id='word_1_287' title='bbox 1000 4242 1056 4290; x_wconf 87' lang='lat' dir='ltr'><strong>The</strong></span> <span class='ocrx_word' id='word_1_288' title='bbox 1072 4241 1207 4290; x_wconf 81' lang='lat' dir='ltr'><strong>reference</strong></span> <span class='ocrx_word' id='word_1_289' title='bbox 1218 4249 1246 4289; x_wconf 90' lang='lat' dir='ltr'><strong>to</strong></span> <span class='ocrx_word' id='word_1_290' title='bbox 1257 4239 1278 4290; x_wconf 88' lang='lat' dir='ltr'><strong>it</strong></span> <span class='ocrx_word' id='word_1_291' title='bbox 1288 4239 1352 4289; x_wconf 87' lang='lat' dir='ltr'><strong>here</strong></span> <span class='ocrx_word' id='word_1_292' title='bbox 1363 4239 1429 4290; x_wconf 69' lang='lat' dir='ltr'><strong>fixos</strong></span> 
     </span>
     <span class='ocr_line' id='line_1_36' title="bbox 277 4319 1431 4385; baseline -0.002 -15"><span class='ocrx_word' id='word_1_293' title='bbox 277 4321 323 4370; x_wconf 87' lang='lat' dir='ltr'><strong>the</strong></span> <span class='ocrx_word' id='word_1_294' title='bbox 335 4321 395 4370; x_wconf 81' lang='lat' dir='ltr'><strong>date</strong></span> <span class='ocrx_word' id='word_1_295' title='bbox 407 4319 438 4370; x_wconf 92' lang='lat' dir='ltr'><strong>of</strong></span> <span class='ocrx_word' id='word_1_296' title='bbox 452 4321 486 4370; x_wconf 87' lang='lat' dir='ltr'><strong>its</strong></span> <span class='ocrx_word' id='word_1_297' title='bbox 504 4322 675 4385; x_wconf 81' lang='lat' dir='ltr'><strong>composition</strong></span> <span class='ocrx_word' id='word_1_298' title='bbox 693 4321 781 4372; x_wconf 85' lang='lat' dir='ltr'><strong>before</strong></span> <span class='ocrx_word' id='word_1_299' title='bbox 803 4324 875 4382; x_wconf 79' lang='lat'><strong>1267,</strong></span> <span class='ocrx_word' id='word_1_300' title='bbox 886 4322 973 4370; x_wconf 88' lang='lat' dir='ltr'><strong>which</strong></span> <span class='ocrx_word' id='word_1_301' title='bbox 993 4335 1065 4369; x_wconf 87' lang='lat' dir='ltr'><strong>some</strong></span> <span class='ocrx_word' id='word_1_302' title='bbox 1086 4321 1151 4370; x_wconf 80' lang='lat' dir='ltr'><strong>have</strong></span> <span class='ocrx_word' id='word_1_303' title='bbox 1169 4320 1292 4368; x_wconf 88' lang='lat' dir='ltr'><strong>doubted.</strong></span> <span class='ocrx_word' id='word_1_304' title='bbox 1332 4319 1356 4368; x_wconf 92' lang='lat' dir='ltr'><strong>It</strong></span> <span class='ocrx_word' id='word_1_305' title='bbox 1373 4335 1431 4368; x_wconf 80' lang='lat' dir='ltr'><strong>was</strong></span> 
     </span>
     <span class='ocr_line' id='line_1_37' title="bbox 276 4398 1430 4463; baseline -0.002 -15"><span class='ocrx_word' id='word_1_306' title='bbox 276 4400 391 4463; x_wconf 80' lang='lat' dir='ltr'><strong>written,</strong></span> <span class='ocrx_word' id='word_1_307' title='bbox 413 4415 443 4448; x_wconf 79' lang='lat' dir='ltr'><strong>es</strong></span> <span class='ocrx_word' id='word_1_308' title='bbox 466 4399 555 4450; x_wconf 78' lang='lat' dir='ltr'><strong>Bacon</strong></span> <span class='ocrx_word' id='word_1_309' title='bbox 578 4415 640 4462; x_wconf 80' lang='lat' dir='ltr'><strong>says</strong></span> <span class='ocrx_word' id='word_1_310' title='bbox 661 4400 771 4458; x_wconf 86' lang='lat' dir='ltr'><strong>himself,</strong></span> <span class='ocrx_word' id='word_1_311' title='bbox 788 4401 815 4449; x_wconf 85' lang='lat' dir='ltr'><strong>in</strong></span> <span class='ocrx_word' id='word_1_312' title='bbox 832 4400 912 4450; x_wconf 80' lang='lat' dir='ltr'><strong>Paris.</strong></span> <span class='ocrx_word' id='word_1_313' title='bbox 955 4398 1050 4448; x_wconf 79' lang='lat' dir='ltr'><strong>‘Hane</strong></span> <span class='ocrx_word' id='word_1_314' title='bbox 1068 4399 1204 4461; x_wconf 79' lang='lat' dir='ltr'><strong>epistolam</strong></span> <span class='ocrx_word' id='word_1_315' title='bbox 1222 4413 1301 4447; x_wconf 84' lang='lat' dir='ltr'><strong>suasu</strong></span> <span class='ocrx_word' id='word_1_316' title='bbox 1321 4399 1430 4447; x_wconf 87' lang='lat' dir='ltr'><strong>duorum</strong></span> 
     </span>
     <span class='ocr_line' id='line_1_38' title="bbox 275 4477 1432 4542; baseline -0.001 -14"><span class='ocrx_word' id='word_1_317' title='bbox 275 4479 421 4542; x_wconf 77' lang='lat' dir='ltr'><strong>sapientum</strong></span> <span class='ocrx_word' id='word_1_318' title='bbox 435 4477 546 4526; x_wconf 81' lang='lat' dir='ltr'><strong>Parisius</strong></span> <span class='ocrx_word' id='word_1_319' title='bbox 557 4477 707 4540; x_wconf 70' lang='lat' dir='ltr'><strong>composui!</strong></span> <span class='ocrx_word' id='word_1_320' title='bbox 740 4478 797 4528; x_wconf 86' lang='lat' dir='ltr'><strong>The</strong></span> <span class='ocrx_word' id='word_1_321' title='bbox 807 4481 935 4528; x_wconf 78' lang='lat' dir='ltr'><strong>anecdote</strong></span> <span class='ocrx_word' id='word_1_322' title='bbox 946 4478 977 4527; x_wconf 90' lang='lat' dir='ltr'><strong>of</strong></span> <span class='ocrx_word' id='word_1_323' title='bbox 984 4479 1030 4526; x_wconf 87' lang='lat' dir='ltr'><strong>the</strong></span> <span class='ocrx_word' id='word_1_324' title='bbox 1037 4478 1228 4542; x_wconf 81' lang='lat' dir='ltr'><strong>countrynran&#39;s</strong></span> <span class='ocrx_word' id='word_1_325' title='bbox 1235 4484 1351 4526; x_wconf 81' lang='lat' dir='ltr'><strong>treasure</strong></span> <span class='ocrx_word' id='word_1_326' title='bbox 1359 4485 1432 4528; x_wconf 88' lang='lat' dir='ltr'><strong>trove</strong></span> 
     </span>
     <span class='ocr_line' id='line_1_39' title="bbox 274 4554 1433 4620; baseline 0 -15"><span class='ocrx_word' id='word_1_327' title='bbox 274 4557 297 4605; x_wconf 83' lang='lat' dir='ltr'><strong>is</strong></span> <span class='ocrx_word' id='word_1_328' title='bbox 309 4557 363 4606; x_wconf 86' lang='lat' dir='ltr'><strong>told</strong></span> <span class='ocrx_word' id='word_1_329' title='bbox 375 4557 402 4604; x_wconf 88' lang='lat' dir='ltr'><strong>in</strong></span> <span class='ocrx_word' id='word_1_330' title='bbox 414 4571 469 4618; x_wconf 74' lang='lat' dir='ltr'><strong>esp.</strong></span> <span class='ocrx_word' id='word_1_331' title='bbox 480 4556 504 4616; x_wconf 85' lang='lat'><strong>8,</strong></span> <span class='ocrx_word' id='word_1_332' title='bbox 516 4557 569 4605; x_wconf 78' lang='lat' dir='ltr'><strong>and</strong></span> <span class='ocrx_word' id='word_1_333' title='bbox 580 4558 601 4604; x_wconf 88' lang='lat' dir='ltr'><strong>it</strong></span> <span class='ocrx_word' id='word_1_334' title='bbox 613 4557 636 4605; x_wconf 82' lang='lat' dir='ltr'><strong>is</strong></span> <span class='ocrx_word' id='word_1_335' title='bbox 648 4557 770 4620; x_wconf 80' lang='lat' dir='ltr'><strong>repeated</strong></span> <span class='ocrx_word' id='word_1_336' title='bbox 783 4559 809 4606; x_wconf 89' lang='lat' dir='ltr'><strong>in</strong></span> <span class='ocrx_word' id='word_1_337' title='bbox 822 4558 867 4606; x_wconf 88' lang='lat' dir='ltr'><strong>the</strong></span> <span class='ocrx_word' id='word_1_338' title='bbox 880 4556 1000 4620; x_wconf 73' lang='lat' dir='ltr'><strong>Epistol·</strong></span> <span class='ocrx_word' id='word_1_339' title='bbox 1016 4557 1050 4604; x_wconf 86' lang='lat' dir='ltr'><strong>de</strong></span> <span class='ocrx_word' id='word_1_340' title='bbox 1066 4557 1175 4605; x_wconf 86' lang='lat' dir='ltr'><strong>secretis</strong></span> <span class='ocrx_word' id='word_1_341' title='bbox 1191 4555 1313 4619; x_wconf 86' lang='lat' dir='ltr'><strong>operibus</strong></span> <span class='ocrx_word' id='word_1_342' title='bbox 1324 4554 1395 4604; x_wconf 82' lang='lat' dir='ltr'><strong>Artis</strong></span> <span class='ocrx_word' id='word_1_343' title='bbox 1407 4564 1433 4605; x_wconf 87' lang='lat' dir='ltr'><strong>et</strong></span> 
     </span>
     <span class='ocr_line' id='line_1_40' title="bbox 276 4633 1398 4698; baseline 0.002 -15"><span class='ocrx_word' id='word_1_344' title='bbox 276 4635 392 4684; x_wconf 68' lang='lat' dir='ltr'><strong>Naturae</strong></span> <span class='ocrx_word' id='word_1_345' title='bbox 403 4634 459 4698; x_wconf 84' lang='lat' dir='ltr'><strong>(see</strong></span> <span class='ocrx_word' id='word_1_346' title='bbox 471 4633 587 4696; x_wconf 84' lang='lat' dir='ltr'><strong>Brewer,</strong></span> <span class='ocrx_word' id='word_1_347' title='bbox 599 4651 624 4698; x_wconf 91' lang='lat' dir='ltr'><strong>p.</strong></span> <span class='ocrx_word' id='word_1_348' title='bbox 636 4639 704 4697; x_wconf 73' lang='lat'>539).</span> <span class='ocrx_word' id='word_1_349' title='bbox 1194 4635 1204 4663; x_wconf 76' lang='lat'><strong>⁴</strong></span> <span class='ocrx_word' id='word_1_350' title='bbox 1221 4635 1360 4698; x_wconf 77' lang='lat' dir='ltr'><strong>revocavit,</strong></span> <span class='ocrx_word' id='word_1_351' title='bbox 1372 4634 1398 4696; x_wconf 90' lang='lat' dir='ltr'><strong>J.</strong></span> 
     </span>
    </p>
   </div>
   <div class='ocr_carea' id='block_1_4' title="bbox 315 4727 864 4778">
    <p class='ocr_par' dir='ltr' id='par_1_7' title="bbox 315 4727 864 4778">
     <span class='ocr_line' id='line_1_41' title="bbox 315 4727 864 4778; baseline 0.004 -2"><span class='ocrx_word' id='word_1_352' title='bbox 315 4727 400 4778; x_wconf 83' lang='lat' dir='ltr'><strong>VOL·</strong></span> <span class='ocrx_word' id='word_1_353' title='bbox 413 4727 451 4778; x_wconf 88' lang='lat'><strong>11.</strong></span> <span class='ocrx_word' id='word_1_354' title='bbox 844 4729 864 4778; x_wconf 84' lang='grc' dir='ltr'><strong><em>Ρ</em></strong></span> 
     </span>
    </p>
   </div>
   <div class='ocr_carea' id='block_1_5' title="bbox 0 0 1800 5359">
    <p class='ocr_par' dir='ltr' id='par_1_8' title="bbox 0 0 1800 5359">
     <span class='ocr_line' id='line_1_42' title="bbox 0 0 1800 5359; baseline 0 0"><span class='ocrx_word' id='word_1_355' title='bbox 0 0 1800 5359; x_wconf 95' lang='lat' dir='ltr'><strong> </strong></span> 
     </span>
    </p>
   </div>
  </div>
 </body>
</html>
