3542 5359
369 624 409 669 22
596 608 752 668 OPERIS
776 607 965 678 MAJORIS
989 608 1105 667 PARS
1129 605 1301 680 QUINTA.

370 790 535 837 concavae
567 770 752 855 superficiei
787 771 1046 837 consolidativae
1082 781 1115 835 et
1150 790 1289 835 corneae
1317 778 1395 834 sunt
1425 769 1523 843 idem,

371 883 506 959 propter
521 875 594 950 hoc,
615 876 705 959 quod
725 897 785 961 per
803 875 1021 941 elevationem
1043 895 1146 939 uveae
1166 896 1187 939 a
1207 874 1318 938 medio
1339 872 1524 938 consolida·

371 980 471 1044 tionis
486 980 632 1045 ostendit
649 1001 766 1044 uveam
780 980 903 1045 habere
918 980 1008 1044 aliud
1021 989 1170 1044 centrum
1183 998 1204 1041 a
1215 987 1329 1043 centro
1340 997 1479 1040 corneae
1489 985 1524 1039 et

372 1079 474 1144 totius
503 1080 601 1144 oculi.
656 1080 725 1145 Sed
754 1081 934 1145 dicendum
964 1089 1024 1155 est,
1055 1079 1147 1161 quod
1170 1080 1314 1143 exterior
1336 1077 1524 1162 superficies

372 1182 631 1249 consolidativae
643 1204 709 1248 non
722 1194 771 1249 est
784 1183 990 1249 concentrica
1005 1183 1160 1258 interiori,
1172 1194 1209 1247 ut
1221 1192 1316 1266 patet
1327 1204 1334 1262 ;
1350 1204 1409 1247 nec
1420 1184 1522 1247 etiam

372 1287 507 1354 interior
525 1298 574 1353 est
593 1288 765 1370 sphaerica
780 1288 887 1372 plene,
904 1288 982 1371 quia
997 1288 1103 1372 replet
1118 1288 1263 1371 spatium
1287 1287 1345 1350 ubi
1368 1308 1521 1369 separan-

373 1402 427 1455 tur
448 1412 568 1456 cornea
592 1401 625 1456 et
648 1413 741 1468 uvea,
765 1403 902 1475 propter
922 1395 1012 1476 quod
1036 1394 1205 1475 egreditur
1226 1414 1247 1455 a
1266 1401 1356 1455 recta
1378 1390 1523 1473 sphaeri-

372 1496 482 1576 citate,
499 1506 532 1560 et
547 1497 719 1561 descendit
734 1499 777 1562 ad
797 1498 930 1562 interius
945 1495 1031 1561 oculi
1049 1498 1083 1560 in
1098 1497 1155 1562 illa
1174 1506 1268 1579 parte
1291 1496 1398 1577 magis
1421 1515 1522 1578 quam

374 1598 461 1678 alibi,
483 1607 517 1664 et
539 1599 614 1663 ideo
637 1621 756 1665 cornea
779 1612 814 1666 et
835 1602 970 1666 interior
994 1600 1234 1665 consolidativa
1257 1620 1323 1664 non
1347 1609 1425 1665 sunt
1447 1619 1524 1664 con·

373 1704 547 1769 centricae.
606 1703 674 1771 Sed
718 1706 745 1768 si
788 1705 930 1789 sphaera
971 1717 1121 1790 utraque,
1158 1705 1283 1770 scilicet
1328 1724 1449 1770 cornea
1491 1713 1526 1768 et

375 1810 622 1889 consolidativa,
638 1811 869 1893 compleretur,
885 1822 965 1876 tunc
978 1811 1104 1894 jaceret
1123 1832 1242 1877 cornea
1263 1814 1296 1875 in
1319 1810 1525 1875 concavitate

375 1912 642 1991 consolidativae,
673 1926 706 1980 et
736 1925 848 1980 essent
878 1917 1013 1981 interior
1042 1917 1301 1982 consolidativae
1325 1926 1360 1980 et
1381 1915 1527 1979 exterior

375 2037 514 2082 corneae
530 2021 764 2085 concentricae.
811 2022 857 2085 Et
877 2042 954 2086 curn
975 2021 1165 2105 superficies
1180 2022 1325 2087 exterior
1343 2019 1525 2087 consolida·

376 2122 464 2187 tivae
489 2133 523 2187 et
539 2124 673 2189 interior
687 2145 753 2189 non
769 2136 845 2190 sunt
861 2128 1098 2204 concentricae,
1115 2128 1216 2192 etiam
1233 2128 1376 2191 exterior
1387 2144 1527 2189 corneae

376 2236 410 2291 et
429 2228 575 2291 exterior
599 2229 858 2295 consolidativae
877 2242 1055 2296 nonerunt
1073 2233 1310 2297 concentricae.
1356 2234 1403 2298 Et
1426 2234 1526 2297 etiam

375 2331 455 2414 quia
484 2332 723 2398 consolidativa
749 2355 815 2399 non
842 2334 945 2401 habet
971 2337 1149 2419 perfectam
1176 2339 1443 2422 sphaericitatem
1466 2360 1526 2402 ex·

376 2435 486 2511 terius,
516 2444 553 2499 ut
587 2437 670 2502 dicit
697 2437 858 2518 Alhazen,
884 2440 991 2504 tendit
1021 2442 1109 2505 enim
1140 2442 1173 2505 in
1202 2463 1265 2507 suo
1298 2444 1455 2507 anteriori
1484 2446 1526 2508 ad

376 2539 567 2619 acuitatem,
586 2549 621 2604 et
648 2541 723 2606 ideo
747 2563 812 2606 non
840 2555 929 2608 recte
952 2543 1053 2609 habet
1077 2557 1236 2621 centrum,
1266 2570 1287 2611 a
1313 2568 1381 2629 quo
1410 2568 1528 2612 omnes

377 2642 483 2708 lineae
512 2645 632 2711 ductae
662 2648 705 2711 ad
735 2648 1032 2714 circumferentiam
1065 2661 1142 2714 sunt
1172 2652 1338 2734 aequales,
1361 2655 1436 2717 ideo
1466 2674 1527 2716 nec

376 2757 472 2813 extra
503 2770 563 2814 nec
589 2749 674 2814 intra
697 2760 747 2815 est
770 2771 889 2834 corpus
912 2774 989 2817 vere
1011 2753 1230 2838 sphaericum,
1254 2766 1288 2820 et
1311 2758 1386 2822 ideo
1408 2760 1437 2822 ei
1461 2778 1527 2821 non

376 2854 564 2937 assignatur
593 2864 743 2919 centrum
774 2857 817 2920 ab
847 2856 1010 2924 Alhazen.
1057 2859 1113 2925 Sic
1135 2871 1247 2924 tamen
1271 2872 1383 2943 potest
1406 2864 1528 2928 habere

377 2966 537 3039 punctum
562 2958 668 3022 simile
691 2970 813 3039 centr0,
840 2962 931 3043 quod
955 2964 1017 3028 erit
1040 2963 1177 3028 ulterius
1199 2966 1233 3029 in
1256 2966 1421 3047 profundo
1442 2967 1527 3033 oculi

378 3062 485 3143 magis
508 3082 609 3144 quam
637 3074 787 3127 centrum
811 3065 952 3148 alicujus
974 3067 1117 3145 alterius,
1140 3080 1178 3135 ut
1199 3072 1328 3153 patebit
1351 3072 1384 3135 in
1413 3072 1527 3156 figura.

379 3162 417 3228 Si
448 3175 560 3228 tamen
591 3166 745 3231 volumus
774 3168 878 3233 vitare
902 3190 1037 3235 omnem
1064 3173 1320 3249 contentionem,
1352 3198 1528 3259 possumus

377 3268 488 3333 dicere
505 3270 595 3350 quod
611 3270 800 3351 superficies
816 3274 1076 3340 consolidativae
1091 3279 1236 3343 exterior
1251 3300 1318 3344 non
1329 3290 1380 3345 est
1392 3285 1529 3347 omnino

377 3371 557 3454 sphaerica,
584 3374 669 3438 sicut
699 3376 802 3440 totius
832 3377 928 3451 oculi,
954 3380 1032 3463 quia
1062 3382 1306 3464 aliquantulum
1336 3386 1466 3449 acuitur
1495 3388 1529 3449 in

377 3475 533 3540 anteriori
571 3487 673 3560 parte,
706 3489 741 3543 et
773 3480 819 3544 sic
850 3502 916 3545 uon
946 3482 1083 3549 habebit
1112 3498 1204 3551 totus
1231 3489 1348 3553 oculus
1377 3502 1528 3555 centrum

379 3578 547 3662 sphaerae,
577 3602 637 3647 nec
667 3584 856 3668 superficies
886 3589 1034 3652 exterior
1062 3590 1327 3657 consolidativae.
1383 3595 1419 3660 Si
1449 3618 1529 3661 vero

378 3683 515 3749 interior
543 3686 732 3770 superficies
762 3690 1021 3757 consolidativae
1049 3696 1092 3758 sit
1128 3697 1310 3780 sphaerica,
1342 3710 1425 3764 -tunc
1462 3722 1528 3765 non

378 3787 483 3871 replet
504 3790 595 3871 quod
618 3792 810 3874 replendum
833 3805 921 3859 esset
944 3797 1030 3861 inter
1051 3818 1205 3864 corneam
1228 3812 1263 3865 et
1285 3824 1415 3868 nvearn.
1461 3806 1529 3870 Sed

378 3891 428 3954 vel
446 3910 564 3958 cornea
584 3896 750 3963 contrahit
772 3918 808 3962 se
831 3900 873 3962 ad
899 3901 1106 3983 superficiem
1125 3925 1236 3983 uveae,
1251 3917 1287 3972 et
1310 3910 1530 3991 profundatur

380 3995 577 4062 declinando
592 4020 613 4064 a
627 4020 704 4065 vera
719 4003 961 4086 sphaericitate,
978 4018 1210 4091 praeterquam
1227 4012 1259 4074 in
1271 4013 1425 4077 anteriori
1436 4026 1530 4097 parte

378 4119 464 4182 quae
480 4101 633 4183 objicitur
647 4104 807 4187 foramini,
821 4106 874 4173 vel
890 4130 975 4173 uvea
989 4131 1027 4174 se
1045 4113 1174 4178 exaltat
1194 4126 1229 4180 et
1251 4117 1322 4181 exit
1337 4119 1370 4180 in
1386 4119 1531 4200 gibbosi·

378 4214 483 4270 tatem
521 4208 668 4273 exterius
710 4210 943 4295 derelinquens
977 4236 1090 4280 veram
1127 4218 1402 4300 sphaericitatem.
1461 4222 1529 4288 Sed

380 4308 530 4391 quamvis
554 4322 666 4377 centra
690 4314 755 4379 sint
778 4317 907 4381 diversa
925 4319 958 4381 in
980 4320 1129 4401 partibus
1149 4324 1246 4400 oculi,
1275 4334 1388 4389 tamen
1418 4330 1530 4392 omnia

379 4424 458 4478 sunt
484 4414 518 4478 in
544 4418 661 4480 eadem
690 4416 784 4499 linea,
807 4441 894 4503 quae
921 4432 974 4486 est
995 4427 1276 4506 perpendicularis
1297 4450 1399 4512 super
1419 4440 1531 4496 totum

381 4516 514 4581 oculum
538 4528 572 4584 et
598 4530 709 4604 partes
727 4544 853 4599 omnes,
873 4546 961 4608 quae
979 4529 1097 4593 transit
1116 4549 1176 4611 per
1195 4533 1343 4596 medium
1364 4534 1532 4601 foraminis

380 4640 493 4698 ureae,
516 4632 550 4687 et
576 4644 636 4709 per
659 4636 771 4693 centra
797 4629 956 4709 omnium,
979 4650 1020 4694 ac
1046 4654 1105 4716 per
1131 4636 1278 4701 medium
1305 4637 1474 4706 foraminis
1497 4642 1531 4706 in
