3542 5359
397 666 459 731 500
492 718 498 725 Ι
669 640 1006 704 MULTIPLICATIO
1034 636 1289 699 SPECIERUM.

398 816 441 878 ab
470 835 492 877 a
522 821 656 895 puncto,
687 831 744 893 per
774 807 953 872 secundam
984 813 1112 888 partem
1143 802 1293 866 decimae
1322 806 1443 861 sextae
1468 794 1562 859 tertii
1665 868 1666 871 Ἴ

400 916 557 982 Euclidis.
601 915 637 980 Si
653 915 740 979 enim
755 912 866 995 aliqua
885 911 972 975 linea
995 918 1085 973 recta
1107 906 1281 988 contingat
1300 900 1471 977 circulum,
1489 918 1559 961 non

400 1033 451 1087 est
465 1019 635 1105 possibile,
649 1029 687 1083 ut
706 1018 786 1082 dicit
804 1018 866 1081 iste
883 1013 1038 1096 jacobus,
1055 1023 1092 1077 ut
1107 1032 1128 1074 a
1142 1019 1229 1086 nota,
1244 1028 1345 1090 supra
1359 1025 1461 1088 quam
1476 1023 1560 1065 con·
1664 1008 1666 1053 ἐ

399 1128 508 1211 tingat
523 1124 691 1202 circulum,
705 1122 906 1205 producatur
926 1119 1013 1183 linea
1036 1128 1124 1181 recta
1147 1117 1180 1178 in
1203 1123 1334 1196 partem
1354 1108 1478 1179 circuli,
1495 1106 1559 1170 nisi

400 1231 485 1295 linea
496 1229 650 1294 circulum
663 1246 785 1304 secans,
797 1226 882 1289 sicut
898 1234 948 1290 est
966 1223 1051 1287 linea
1067 1243 1089 1285 a
1099 1242 1130 1301 n,
1143 1240 1228 1302 quae
1243 1214 1397 1282 circulum
1413 1222 1506 1277 secat
1520 1212 1557 1273 in

401 1345 563 1419 tpuncto.
608 1334 688 1397 Nou
710 1340 761 1395 est
781 1351 861 1414 ergo
879 1327 1036 1413 possibile
1054 1336 1092 1391 ut
1107 1324 1318 1409 protrahatur
1332 1321 1375 1385 ab
1390 1343 1412 1385 a
1428 1327 1558 1400 puncto

399 1440 486 1503 linea
501 1448 591 1503 recta
606 1438 649 1500 ad
665 1446 779 1499 notam
793 1456 827 1512 n,
841 1433 1025 1517 gibbositas
1041 1450 1184 1512 namque
1199 1450 1221 1491 a
1234 1438 1249 1491 t
1262 1426 1416 1510 prohibet
1432 1422 1556 1485 lineam

400 1542 650 1616 arectitudine3
674 1560 734 1603 uec
753 1539 796 1602 ad
820 1547 935 1603 notam
957 1536 1101 1618 aliquam
1124 1532 1232 1611 aliam,
1249 1551 1334 1614 quae
1355 1529 1397 1593 sit
1419 1528 1452 1589 in
1475 1546 1557 1590 arcu

400 1646 467 1710 len.
513 1647 560 1709 Et
574 1646 723 1709 similiter
738 1644 771 1706 in
787 1663 864 1707 areu
879 1664 947 1721 ez;
969 1642 1126 1724 quoniam
1142 1633 1345 1720 impossibile
1361 1643 1411 1697 est
1432 1632 1556 1693 lineam
1665 1678 1666 1693 ,

402 1760 525 1815 rectam
544 1751 662 1814 cadere
680 1750 766 1812 inter
787 1747 909 1811 lineam
932 1744 1178 1829 contingentiae
1201 1753 1235 1805 et
1258 1735 1557 1819 circumferentiam

951 1850 1072 1916 circuli.
1118 1846 1331 1929 Quapropter
1355 1861 1421 1904 non
1445 1838 1558 1902 veniet

950 1956 1077 2038 species
1103 1954 1146 2017 ab
1176 1973 1198 2014 a
1226 1958 1350 2033 puncto
1381 1963 1486 2025 usque
1509 1942 1556 2004 ad

951 2060 1024 2124 loca
1050 2064 1237 2141 quaesunt
1266 2054 1299 2116 in
1328 2049 1470 2115 arcubus
1498 2066 1558 2109 ea

952 2175 985 2228 et
1014 2164 1088 2239 lan,
1118 2162 1177 2226 sed
1211 2159 1318 2222 solum
1354 2156 1397 2219 ad
1431 2160 1557 2235 puncta

950 2288 1045 2333 arcus
1075 2266 1144 2343 hs,
1174 2274 1211 2329 ut
1241 2270 1336 2347 patet
1370 2262 1402 2324 in
1439 2258 1557 2340 figura.

896 2393 920 2463 d
952 2373 1060 2455 Igitur
1090 2392 1134 2434 ex
1165 2369 1217 2432 his
1248 2364 1472 2449 colligendum
1503 2370 1556 2424 est

951 2475 1107 2558 praecise,
1133 2474 1223 2556 quod
1258 2472 1301 2534 ad
1333 2467 1411 2532 nihil
1443 2466 1557 2549 spatii,

951 2581 1042 2663 quod
1076 2589 1128 2643 est
1159 2578 1244 2641 inter
1273 2573 1394 2639 lineam
1426 2572 1557 2636 contin-

951 2686 1083 2769 gentiae
1117 2693 1151 2747 et
1180 2700 1300 2764 corpus
1337 2676 1558 2761 sphaericum,

952 2798 1063 2873 potest
1080 2788 1190 2851 venire
1204 2785 1330 2870 species
1345 2804 1364 2846 a
1381 2792 1504 2865 puncto
1521 2782 1556 2844 in

951 2914 1019 2977 quo
1051 2892 1136 2957 linea
1167 2892 1342 2974 sphaeram
1372 2888 1559 2970 contingit;

952 2999 1010 3062 sed
1045 3000 1088 3062 ad
1122 2997 1235 3061 omnia
1265 2993 1321 3058 illa
1354 2994 1436 3065 loca,
1469 3012 1559 3075 quae

951 3112 1144 3186 separantur
1173 3121 1193 3162 a
1223 3119 1359 3181 corpore
1382 3097 1558 3181 sphaerico

952 3227 1012 3289 per
1035 3205 1154 3270 lineam
1178 3204 1431 3285 contingentiae,
1449 3201 1560 3284 possi-

952 3309 1017 3373 bile
1028 3318 1079 3373 est
1091 3319 1127 3372 ut
1139 3309 1247 3372 veniat
1259 3306 1394 3390 species,
1406 3315 1441 3369 et
1451 3305 1559 3369 virtus

403 3411 551 3493 corporis
573 3411 711 3493 agentis,
727 3432 793 3475 non
816 3411 924 3477 solum
946 3433 1050 3496 prope
1065 3413 1123 3476 sed
1140 3410 1251 3494 longe,
1267 3411 1448 3474 secundum
1464 3407 1560 3473 sorti-

403 3518 553 3579 tudinem
569 3516 698 3580 virtutis
713 3516 823 3599 ipsius.

235 3637 264 3684 111
276 3635 317 3685 the
450 3619 609 3684 Similiter
622 3640 697 3683 eum
714 3619 778 3683 hoc
793 3621 1069 3685 considerandum
1085 3632 1136 3685 est
1156 3622 1246 3703 quod
1267 3620 1387 3683 dicitur
1409 3618 1493 3683 libro
1514 3620 1561 3683 de

236 3700 384 3751 mutuatae-
405 3724 616 3807 Crepusculo
635 3744 711 3787 cum
732 3726 819 3789 duae
840 3724 1001 3807 sphaerae
1023 3736 1099 3789 sunt
1121 3723 1287 3807 aequales,
1306 3734 1385 3787 tunc
1407 3722 1488 3786 illud
1512 3724 1559 3786 de

235 3769 288 3817 tion
300 3766 330 3815 ol
339 3773 391 3816 two

235 3832 336 3897 sphera
403 3840 542 3912 utraque
557 3831 647 3912 quod
664 3830 795 3914 respicit
815 3829 914 3893 aliam
934 3841 985 3893 est
1005 3832 1165 3895 medietas
1185 3832 1365 3911 sphaerae;
1387 3848 1465 3895 cum
1480 3848 1562 3893 vero

235 3898 376 4012 ffiffi'n
403 3933 506 3997 altera
527 3945 578 3998 est
600 3935 714 4009 minor,
729 3944 808 3997 tunc
827 3933 908 3997 illud
930 3935 1019 4016 quod
1039 3956 1083 3999 ex
1103 3936 1227 3997 minore
1246 3934 1377 4015 respicit
1397 3934 1560 4015 majorem

235 4027 378 4144 {flgffife
379 4110 391 4140 r
403 4048 453 4101 est
479 4038 553 4121 plus
578 4039 757 4102 medietate
787 4038 931 4116 minoris,
947 4048 981 4102 et
1010 4040 1053 4102 de
1083 4037 1217 4120 majore,
1240 4039 1348 4101 minus
1378 4039 1562 4102 medietate

234 4159 389 4219 isinvolved,
403 4142 497 4206 illius.
544 4141 590 4206 Et
605 4163 649 4205 ex
665 4140 728 4205 hoc
743 4152 846 4224 patet,
862 4162 937 4204 curn
954 4143 1078 4224 species
1093 4142 1183 4206 venit
1202 4164 1223 4207 a
1245 4141 1362 4222 majori
1384 4141 1561 4223 sphaerico

236 4224 380 4339 ffi‘ffie
402 4267 501 4327 super
523 4247 639 4325 minus,
654 4247 764 4311 veniet
787 4267 806 4310 a
829 4248 955 4309 minore
977 4247 1048 4328 ejus
1070 4247 1232 4329 portione,
1249 4256 1283 4309 et
1306 4267 1381 4311 cum
1403 4246 1517 4309 veniat
1541 4268 1561 4312 a

236 4353 325 4419 luget.
404 4350 522 4413 minori
559 4349 699 4433 sphaera
736 4371 834 4433 super
870 4350 1037 4432 majorem,
1068 4351 1177 4414 veniet
1208 4372 1228 4414 a
1259 4350 1373 4433 majori
1403 4352 1562 4433 portione

402 4454 562 4538 sphaerae
595 4454 750 4529 minoris,
793 4463 827 4517 et
864 4475 940 4518 cum
969 4453 1124 4536 aequales
1153 4456 1220 4517 sint
1248 4455 1418 4537 sphaerae,
1448 4456 1561 4519 veniet

403 4560 564 4641 speciesa
583 4558 762 4622 medietate
776 4558 936 4641 sphaerae
952 4558 1131 4640 utriusque.
1176 4557 1223 4621 Et
1243 4557 1342 4639 juxta
1364 4558 1427 4621 hoc
1451 4560 1561 4623 mani-

403 4662 526 4726 festum
551 4671 600 4725 est
626 4670 787 4743 quantum
811 4664 855 4725 de
883 4660 1056 4744 superficie
1084 4662 1241 4746 patientis
1270 4663 1384 4746 recipit
1411 4664 1561 4747 speciem
