3542 5359
383 615 421 659 10
605 601 761 661 OPERIS
785 600 975 672 MAJORIS
998 601 1114 661 PARS
1138 602 1310 676 QUINYA.

215 768 333 845 nristptle
381 765 637 845 distinctionem,
665 786 742 829 nam
774 786 840 830 non
870 787 1029 850 expresse
1061 765 1099 829 fit
1128 766 1253 831 mentio
1279 765 1341 829 nisi
1366 769 1408 830 de
1434 788 1534 830 sensu

209 834 368 963 peqpqpsub-
381 870 559 946 communi,
575 880 609 935 et
625 871 874 951 imaginatione,
890 881 925 935 et
941 872 1108 935 memoria.
1153 869 1322 954 Quoniam
1341 881 1453 935 autern
1468 892 1535 935 non

210 966 354 1082 ffissffitgd
382 985 493 1055 potest
515 985 630 1038 textus
655 973 849 1039 Aristotelis
876 986 1014 1059 propter
1037 977 1288 1059 perversitatem
1312 976 1537 1040 translationis

382 1078 522 1160 intelligi
538 1079 583 1142 ibi
598 1080 685 1143 sicut
708 1100 768 1143 nec
786 1079 876 1157 alibi,
892 1090 926 1143 et
946 1082 1106 1162 quoniam
1129 1080 1251 1162 ubique
1274 1080 1449 1145 Avicenna
1473 1080 1536 1145 iuit

381 1182 545 1266 perlectus
583 1184 731 1248 imitator
770 1194 804 1248 et
840 1184 1014 1267 expositor
1042 1183 1235 1249 Aristotelis
1268 1196 1370 1267 atque
1399 1186 1472 1249 dux
1502 1195 1536 1249 et

382 1288 533 1369 princeps
557 1287 785 1370 philosophiae
808 1297 885 1370 post
907 1308 994 1359 eum,
1011 1297 1048 1351 ut
1075 1289 1156 1353 dicit
1176 1298 1419 1353 commentator
1438 1310 1537 1371 super

382 1402 484 1475 caput
499 1392 541 1455 de
559 1392 657 1469 Iride,
672 1403 809 1475 propter
829 1393 893 1456 hoc
914 1394 1099 1457 sententiae
1114 1392 1317 1470 Avicennae,
1333 1414 1420 1476 quae
1436 1395 1536 1476 plana

382 1505 415 1558 et
452 1494 599 1579 perfecta
631 1506 691 1571 est,
729 1496 977 1561 adhaerendum
1009 1507 1070 1561 est„
1125 1496 1171 1561 Et
1209 1497 1286 1561 licet
1323 1498 1536 1563 translatores

381 1596 539 1662 librorum
560 1599 762 1677 Avicennae,
778 1611 815 1663 ut
837 1601 869 1663 in
893 1601 950 1665 illo
969 1600 1052 1665 libro
1073 1601 1117 1665 de
1131 1601 1258 1665 Anima
1278 1611 1313 1667 et
1336 1604 1369 1667 in
1387 1603 1472 1667 libro
1493 1605 1537 1666 de

381 1704 633 1768 Animalibuset
643 1706 675 1767 in
685 1704 1075 1782 librismedicinae‚aliter
1083 1706 1322 1772 transtulerunt
1333 1717 1367 1771 et
1375 1707 1537 1772 vocabula

381 1818 605 1884 mutaverunt,
621 1809 668 1872 ita
685 1820 721 1872 ut
745 1809 868 1892 ubique
888 1830 952 1873 non
975 1810 1018 1874 sit
1043 1811 1161 1874 eadem
1186 1811 1327 1875 intentio
1343 1811 1537 1876 Avicennae

381 1913 554 1990 translata,
569 1913 729 1997 quoniam
744 1914 777 1977 in
793 1914 879 1977 libro
895 1915 937 1977 de
947 1914 1160 1978 Animalibus
1170 1913 1365 1979 Avicennae
1377 1917 1538 1998 reperitur

381 2019 472 2099 quod
494 2018 682 2081 aestimatio
701 2000 847 2083 est‘loco
874 2019 1013 2083 rationis
1039 2019 1072 2082 in
1094 2020 1210 2097 brutis,
1225 2030 1260 2085 et
1283 2019 1330 2085 sic
1356 2018 1536 2102 aliquando

382 2122 547 2186 invenitur
562 2122 641 2187 alibi
665 2124 881 2187 contrarietas
902 2134 1054 2206 respectu
1070 2124 1325 2207 praedictorum,
1341 2132 1453 2188 tamen
1469 2143 1537 2188 non

383 2233 433 2289 est
469 2225 519 2288 vis
549 2226 591 2289 de
622 2226 684 2289 hoc
715 2225 807 2307 quod
837 2226 955 2290 diversi
986 2228 1182 2309 interpretes
1213 2226 1475 2291 diversificantur
1504 2226 1537 2288 in

383 2327 562 2405 vocabulis,
584 2337 617 2389 et
639 2326 821 2409 aliquando
843 2348 864 2391 a
886 2338 982 2411 parte
1004 2329 1050 2393 rei
1073 2328 1199 2393 habent
1227 2329 1372 2412 aliquam
1402 2330 1538 2394 diversi·

384 2441 508 2507 tatem;
532 2431 591 2494 sed
607 2432 751 2495 tenenda
767 2441 817 2495 est
834 2431 906 2514 ejus
922 2434 1085 2497 sententia
1102 2433 1134 2496 in
1151 2433 1236 2496 libro
1252 2435 1295 2497 de
1309 2434 1444 2509 Anima,
1459 2434 1538 2514 quia

383 2536 428 2599 ibi
445 2557 488 2599 ex
510 2536 681 2619 principali
700 2537 883 2602 intentione
908 2538 1044 2602 discutit
1067 2540 1153 2602 vires
1173 2540 1314 2618 animae,
1329 2539 1408 2605 alibi
1424 2549 1537 2603 autem

385 2640 489 2722 magis
504 2660 549 2703 ex
565 2641 721 2704 incidenti
739 2640 817 2705 facit
832 2643 1045 2707 mentionem.
1085 2644 1172 2707 Item
1188 2641 1242 2705 ille
1258 2644 1340 2707 liber
1354 2653 1405 2707 est
1421 2644 1538 2706 melius

385 2776 461 2825 mode
473 2776 502 2825 oi
510 2778 666 2839 expressing
680 2794 696 2827 a
711 2776 853 2827 differente
865 2778 930 2827 from
941 2778 1075 2841 Aristode,
1087 2780 1149 2828 who
1166 2796 1232 2829 even
1250 2781 1313 2829 then
1324 2795 1381 2829 was
1397 2780 1539 2841 beginning

385 2863 412 2903 to
434 2861 517 2903 assert
536 2856 581 2904 the
598 2871 751 2919 supremacy
768 2857 853 2907 which
876 2857 904 2906 in
926 2858 971 2907 the
994 2865 1049 2907 two
1071 2858 1208 2921 following
1228 2860 1359 2909 centurias
1379 2860 1485 2907 became
1507 2873 1538 2906 so

384 2935 536 2995 danger-oua.

419 3012 448 3059 ln
461 3013 506 3059 the
519 3021 625 3073 present
637 3012 753 3062 instance
764 3014 808 3061 the
821 3014 961 3063 difference
978 3016 1097 3063 between
1111 3014 1237 3064 Aristotle
1251 3016 1303 3064 and
1319 3015 1363 3064 the
1380 3013 1537 3065 Schoolmen

385 3090 406 3138 is
418 3106 434 3138 a
445 3090 497 3139 real
510 3106 569 3140 one.
604 3091 686 3139 Their
701 3092 801 3141 studies
819 3094 849 3141 os
862 3093 977 3151 Arabian
993 3094 1120 3153 thiukers,
1133 3095 1185 3143 and
1202 3094 1344 3156 especially
1355 3094 1385 3142 oi
1396 3093 1537 3152 Avicenna‚

385 3168 435 3217 had
455 3169 536 3229 givenv
550 3170 620 3217 them
640 3168 679 3219 lar
698 3172 813 3218 souoder
833 3171 914 3219 views
934 3170 964 3218 os
982 3172 1075 3221 animal
1095 3172 1260 3235 intelligente
1278 3174 1340 3222 than
1359 3173 1435 3221 those
1452 3172 1538 3221 which

384 3246 507 3295 Aristotle
518 3247 570 3295 had
582 3248 651 3296 held.
695 3248 765 3297 Such
783 3264 948 3311 passagesas
960 3249 1118 3311 DeAm'ma,
1131 3251 1165 3301 iii.
1182 3267 1212 3299 10
1224 3251 1262 3309 (tv
1274 3250 1420 3299 τοΐςᾶλλαις
1432 3249 1499 3314 ζῴοις
1510 3251 1539 3299 οὗ

385 3324 466 3387 νόησις
477 3322 532 3372 οὐδὲ
544 3324 662 3387 λογισμός
675 3327 749 3382 ἐστιν,
760 3326 828 3375 ἀλλὰ
837 3327 982 3391 φαντασία),
994 3344 1024 3378 or
1034 3328 1107 3377 Pols't.
1119 3331 1162 3379 vii.
1178 3346 1207 3378 ra
1221 3330 1306 3395 (μόνον
1314 3329 1363 3393 γὰρ
1374 3330 1426 3392 ἔχει
1437 3328 1539 3393 λόγον),

385 3418 415 3453 or
426 3402 486 3452 Nat.
498 3403 615 3455 Auscull.
628 3405 654 3453 ii.
665 3406 682 3453 8
695 3404 821 3469 (Μάλιστα
833 3404 859 3454 δὲ
870 3406 978 3470 φανερὸν
990 3406 1030 3455 tet
1040 3408 1090 3455 τῶν
1100 3407 1185 3456 ἄλλων
1201 3408 1218 3458 d
1233 3408 1289 3458 οὔτε
1301 3408 1381 3472 τέχνῃ
1397 3407 1453 3457 olere
1466 3408 1539 3471 (qni-

385 3499 464 3530 σαντα
474 3478 532 3531 οὔτε
544 3480 730 3543 βαυλευαάμενα
743 3485 819 3549 sotei)
837 3486 913 3534 show
926 3487 1076 3547 systematis
1093 3487 1187 3537 refusal
1204 3494 1231 3536 to
1248 3488 1327 3537 admit
1344 3490 1473 3551 anything
1488 3488 1539 3536 like

384 3562 523 3622 reasoning
534 3576 625 3623 power
636 3562 662 3609 in
675 3562 789 3612 animals.
818 3563 937 3627 Memory
948 3580 977 3612 as
991 3564 1106 3628 (distinct
1116 3564 1181 3614 from
1193 3567 1371 3628 recollection)
1384 3568 1417 3615 he
1428 3568 1538 3615 allowed

384 3640 464 3698 them,
476 3655 570 3688 sensus
586 3640 737 3700 communis,
749 3642 801 3690 and
817 3643 961 3704 phantasia,
973 3645 1019 3691 but
1030 3651 1077 3692 not
1087 3645 1216 3706 anything
1225 3646 1313 3693 which
1325 3646 1401 3694 could
1412 3646 1445 3693 be
1457 3645 1539 3694 called

385 3718 529 3779 cogitativa,
544 3734 575 3767 or
586 3719 630 3767 the
641 3720 817 3781 rudimentary
827 3721 984 3783 syllogizing
994 3720 1024 3769 os
1030 3722 1117 3770 which
1130 3722 1218 3771 Bacon
1230 3725 1333 3785 speaks.

417 3797 536 3858 Tuming
554 3804 581 3845 to
599 3798 644 3847 the
661 3799 825 3861 psychology
841 3799 871 3847 os
886 3798 1003 3861 Aquinas
1021 3800 1061 3861 (S.
1078 3800 1107 3850 T.
1126 3801 1190 3850 Pars
1206 3802 1298 3864 Prima,
1318 3802 1425 3864 Quaest
1441 3803 1540 3850 lxxviii.

385 3875 442 3925 Art.
452 3876 488 3937 4),
502 3891 544 3923 we
556 3876 609 3924 find
620 3875 773 3925 substantial
784 3878 943 3927 accordauce
954 3879 1019 3928 with
1032 3877 1143 3928 Bacon’s
1153 3880 1229 3930 view.
1252 3880 1303 3929 For
1314 3881 1413 3943 though
1423 3880 1539 3943 Aquinas

387 3955 449 4003 does
461 3961 506 4002 not
517 3954 602 4015 specis
599 3970 617 4016 y
627 3954 755 4018 cogitativa
767 3971 819 4004 asa
830 3956 933 4004 distinct
942 3956 1037 4019 faculty
1046 3958 1075 4004 os
1077 3959 1185 4006 animala
1197 3974 1226 4007 as
1240 3959 1344 4008 distinct
1353 3960 1418 4007 from
1425 3962 1540 4008 aestuma-

387 4034 445 4091 riva,
453 4040 498 4093 yet
507 4035 540 4080 he
550 4048 612 4094 says
621 4049 626 4082 :
643 4032 731 4093 ‘Quae
740 4034 766 4081 in
775 4034 833 4082 aliis
842 4035 993 4083 animalibus
1001 4036 1093 4085 dicitur
1099 4038 1260 4085 aestimativa
1267 4039 1392 4087 naturalis
1399 4040 1425 4086 in
1435 4039 1539 4087 homine

387 4112 480 4159 dicitur
489 4112 634 4172 cogitativa,
648 4126 714 4173 quae
727 4127 774 4172 per
785 4112 948 4161 collationem
959 4115 1087 4174 quandam
1098 4115 1244 4176 hujusmodi
1256 4117 1420 4166 inventiones
1433 4118 1539 4166 invenit.

389 4190 465 4238 Unde
483 4190 559 4238 etiam
579 4190 670 4239 dicitur
687 4191 751 4239 ratio
772 4192 933 4252 particularis
950 4192 991 4240 cui
1014 4194 1107 4242 medici
1129 4196 1262 4256 assignant
1286 4196 1480 4245 determinatum
1500 4212 1540 4245 or-

387 4284 491 4330 ganum,
503 4268 602 4317 scilicet
615 4268 724 4317 mediam
737 4277 836 4330 partem
847 4271 946 4332 capitis.
983 4270 1031 4319 Est
1045 4272 1115 4320 enim
1130 4274 1249 4322 collativa
1262 4275 1434 4323 intentionum
1449 4276 1540 4323 indivi-

388 4348 506 4409 dualium,
518 4348 584 4397 sicut
596 4348 662 4396 ratio
674 4348 829 4397 intellectiva
843 4356 884 4398 est
900 4350 1019 4398 collativa
1030 4351 1202 4400 intentionum
1214 4352 1414 4403 universalium)
1438 4353 1478 4402 Cf.
1495 4354 1540 4402 the

389 4426 550 4488 Quaestiones
564 4426 699 4474 Naturales
710 4426 740 4474 ol
747 4426 861 4475 Adelard
873 4428 904 4476 oi
916 4428 991 4492 Bath,
1006 4444 1062 4490 cap.
1075 4429 1127 4486 xiv,
1141 4429 1235 4479 Utrum
1246 4431 1320 4479 bruta
1330 4432 1434 4481 animas
1442 4433 1539 4481 habent.

387 4506 444 4553 The
455 4506 606 4553 translation
624 4505 653 4552 os
665 4506 710 4554 the
724 4505 761 4554 De
771 4504 937 4555 Animalibus
950 4508 1063 4569 (printed
1081 4510 1154 4571 1500)
1173 4509 1203 4570 is,
1217 4524 1246 4557 as
1261 4509 1348 4558 Bacon
1365 4525 1432 4572 says,
1446 4511 1540 4559 stutied

387 4584 451 4633 with
460 4583 553 4633 Arabic
563 4584 658 4633 words.
683 4583 740 4632 The
751 4583 790 4633 De
800 4584 901 4634 Anima
912 4585 941 4635 os
948 4586 1084 4635 Avicenna
1097 4586 1198 4651 (newly
1208 4588 1360 4654 translated)
1370 4604 1427 4638 was
1439 4590 1540 4650 printed

390 4664 461 4724 154⁶·
