3542 5359
418 641 751 702 PERSPECTIVAE
775 645 890 704 PARS
915 646 1076 703 PRIMA:
1109 646 1218 705 DIST.
1249 646 1314 704 VII.
1405 659 1445 721 53

292 802 379 868 hanc
397 804 596 889 positionem
616 805 824 871 comitantur.
870 808 924 872 De
946 806 1221 891 multiplicatione
1240 820 1352 873 autem
1374 807 1446 889 ejus

291 908 541 991 intelligendum
570 912 732 993 estquod
753 913 842 995 jacet
868 912 902 976 in
928 912 1002 977 loco
1026 913 1145 977 eodem
1168 933 1245 976 cum
1269 914 1377 996 specie
1401 911 1445 975 rei

290 1011 382 1074 visae
403 1013 490 1076 inter
503 1013 609 1077 visum
637 1024 671 1079 et
694 1036 763 1079 rem
782 1015 895 1088 visam,
918 1026 952 1080 et
974 1016 1012 1081 fit
1034 1019 1216 1082 secundum
1239 1017 1445 1099 pyramidem

292 1116 387 1198 cujus
412 1138 515 1181 conus
539 1119 645 1182 estin
669 1119 765 1183 oculo
786 1130 820 1184 et
846 1120 934 1185 basis
958 1122 991 1184 in
1020 1141 1055 1186 re
1076 1120 1152 1185 visa
1199 1121 1245 1185 Et
1265 1121 1445 1185 secundum

291 1222 382 1302 quod
405 1221 530 1304 species
553 1222 599 1286 rei
621 1222 654 1287 in
680 1224 799 1288 eodem
830 1224 940 1290 medio
966 1235 1055 1289 recte
1081 1224 1202 1290 incedit
1228 1234 1262 1289 et
1287 1222 1447 1308 frangitur

292 1322 426 1389 diversis
452 1327 567 1401 modis,
590 1329 724 1409 quando
746 1328 885 1394 occurrit
915 1328 1060 1392 medium
1090 1328 1223 1394 alterius
1254 1328 1444 1411 diaphanei-

293 1430 381 1504 tatis,
404 1439 437 1493 et
461 1429 639 1495 reflectitur
661 1432 798 1513 quando
818 1433 909 1496 venit
931 1433 1141 1497 obstaculum
1164 1431 1257 1496 densi
1280 1433 1447 1514 corporis3

292 1532 339 1596 sic
354 1543 405 1598 est
420 1536 463 1598 de
478 1535 588 1616 specie
598 1536 696 1613 visuS,
706 1536 798 1619 quod
810 1536 946 1600 omnino
958 1536 1078 1601 incedit
1090 1538 1271 1601 secundum
1283 1536 1447 1599 incessum

292 1638 412 1719 speciei
438 1638 541 1721 ipsius
565 1638 713 1703 visibilis.
760 1639 806 1703 Et
836 1640 988 1721 quamvis
1017 1641 1144 1725 species
1170 1639 1255 1704 oculi
1278 1638 1388 1721 jaceat
1414 1639 1447 1701 in

293 1740 399 1805 forma
414 1742 604 1825 pyramidis,
621 1742 715 1824 cuius
730 1763 838 1806 conus
855 1754 906 1807 est
922 1744 955 1806 in
976 1742 1083 1822 oculo,
1098 1753 1132 1808 et
1152 1744 1243 1808 basis
1262 1752 1329 1807 stat
1349 1762 1447 1826 super

293 1864 409 1909 omnes
424 1854 534 1927 partes
549 1846 595 1909 rei
611 1847 710 1923 visae,
725 1857 837 1910 tamen
852 1868 873 1909 a
892 1847 1064 1929 superficie
1083 1846 1231 1930 glacialis
1247 1845 1331 1910 fiunt
1346 1866 1445 1928 pyra-

292 1948 398 2013 mides
419 1948 575 2023 infinitae,
591 1969 731 2033 quarum
752 1951 901 2014 omnium
921 1971 987 2014 una
1002 1951 1089 2016 basis
1110 1960 1170 2028 est,
1186 1961 1220 2015 et
1240 1969 1351 2015 earum
1372 1948 1447 2011 coni

292 2053 418 2117 cadunt
444 2054 477 2115 in
501 2054 632 2137 singula
657 2062 781 2136 puncta
807 2054 853 2117 rei
879 2056 978 2133 visae,
1000 2065 1038 2118 ut
1063 2054 1109 2118 sic
1134 2054 1308 2117 videantur
1332 2072 1448 2116 omnes

291 2166 405 2240 partes
422 2156 557 2220 visibilis
577 2158 611 2221 in
634 2178 674 2221 ea
693 2157 888 2222 fortitudine
908 2178 995 2240 quae
1012 2156 1081 2222 fieri
1102 2165 1224 2240 potest.
1270 2156 1317 2219 Et
1337 2165 1448 2220 tamen

292 2280 360 2322 una
385 2262 531 2345 pyramis
556 2271 607 2326 est
629 2262 825 2345 principalis,
843 2260 967 2326 scssicet
988 2261 1045 2325 illa
1070 2261 1165 2344 cujus
1190 2259 1264 2324 axis
1290 2271 1341 2324 est
1362 2258 1449 2323 linea

290 2364 454 2428 transiens
475 2386 534 2448 per
555 2377 705 2431 centrum
731 2364 879 2429 omnium
903 2366 1046 2448 partium
1070 2364 1164 2443 oculi,
1186 2386 1272 2448 quae
1299 2372 1350 2427 est
1376 2362 1449 2426 axis

290 2466 396 2532 totius
418 2467 523 2544 oculi;
553 2490 630 2533 nam
653 2469 709 2534 illa
730 2469 890 2535 certificat
910 2468 1028 2549 omnia,
1045 2470 1132 2533 sicut
1151 2468 1300 2552 superius
1321 2465 1449 2531 dictum

292 2581 355 2651 est,
370 2583 404 2637 et
421 2570 552 2637 uberius
572 2584 769 2656 exponetur.

340 2676 385 2740 Et
403 2676 479 2743 licet
500 2678 626 2760 species
640 2676 825 2756 visibilium,
840 2686 878 2742 ut
898 2676 979 2742 lucis
1001 2688 1035 2740 et
1055 2675 1181 2754 coloris,
1197 2675 1397 2740 misceantur
1416 2676 1449 2739 in
1463 2680 1581 2757 spingos

292 2780 413 2859 medio,
428 2782 554 2845 scilicet
567 2783 659 2864 quod
675 2782 785 2866 plures
800 2784 891 2846 luces
906 2782 940 2846 in
954 2801 1052 2845 unam
1068 2790 1275 2857 concurrant,
1290 2789 1324 2844 et
1339 2780 1449 2863 plures
1462 2745 1602 2873 ξ’,ἦῷξῗζο

292 2886 420 2948 colores
436 2886 640 2965 misceantur,
656 2896 693 2951 ut
708 2886 835 2951 dictum
854 2896 914 2965 est,
929 2896 962 2950 et
978 2886 1059 2949 hacc
1073 2885 1199 2969 species
1216 2883 1259 2947 rei
1276 2894 1310 2947 et
1325 2884 1449 2966 species
1460 2877 1618 2993 {wilm

290 2989 380 3053 visus
398 2990 510 3071 jacent
528 2991 561 3053 in
585 2992 704 3055 eodem
725 2989 798 3054 loco
818 2990 956 3055 indiviso
967 3014 976 3067 ;
1002 3001 1115 3053 tamen
1138 3007 1204 3051 non
1227 2996 1277 3052 est
1299 2986 1449 3051 conlusio
1461 3007 1526 3058 their
1541 3017 1618 3059 meet-

291 3094 430 3157 istarum
453 3094 642 3178 specierum,
657 3115 716 3159 nec
739 3095 867 3173 mixti0,
883 3114 944 3158 nec
967 3093 1004 3158 fit
1026 3112 1128 3156 unum
1151 3113 1195 3156 ex
1217 3091 1274 3171 eis,
1292 3091 1449 3174 quoniam
1461 3073 1512 3139 ³¹¹3·

291 3218 359 3261 non
390 3209 466 3262 sunt
498 3198 645 3280 ejusdem
675 3198 805 3281 speciei,
835 3218 895 3261 nec
929 3198 1077 3280 ejusdem
1106 3194 1254 3279 generis;
1292 3196 1448 3279 quoniam

290 3302 420 3386 pupilla
442 3302 588 3366 colorem
608 3322 674 3367 non
695 3302 806 3380 habet,
821 3322 881 3366 nec
903 3301 993 3366 color
1013 3312 1047 3367 et
1067 3302 1129 3365 lux
1150 3301 1272 3364 habent
1293 3301 1449 3366 virtutem

291 3407 431 3470 animae.
479 3406 614 3491 Species
634 3414 746 3471 autem
767 3407 854 3471 oculi
869 3416 921 3471 est
940 3408 1066 3489 species
1085 3404 1221 3469 animati
1242 3405 1398 3489 corporis,
1415 3406 1449 3467 in

290 3532 359 3593 qua
368 3510 470 3575 virtus
479 3514 609 3577 animae
618 3510 835 3590 dominatur¹‚
844 3518 878 3574 et
891 3511 966 3574 ideo
976 3532 1043 3575 non
1054 3509 1155 3573 habet
1166 3510 1449 3592 comparationem

290 3616 336 3679 ad
361 3616 506 3697 speciem
527 3616 726 3681 inanimatae
744 3618 799 3692 rei,
816 3625 853 3679 ut
874 3635 978 3677 unum
1000 3613 1057 3677 fiat
1078 3634 1123 3675 ex
1146 3611 1202 3691 eis,
1217 3614 1302 3677 sicut
1321 3633 1381 3677 nec
1404 3633 1449 3676 ex

289 3718 448 3783 albedine
463 3730 497 3785 ct
512 3720 686 3785 dulcedine
702 3721 735 3783 in
752 3720 858 3797 lacte3
881 3730 916 3783 et
932 3717 1037 3781 multo
1053 3717 1160 3780 minus
1174 3716 1236 3795 hic,
1251 3718 1329 3799 quia
1345 3716 1450 3801 magis

289 3823 395 3887 distat
409 3824 593 3888 animatum
610 3827 653 3889 ab
669 3825 856 3900 inanimato,
871 3843 972 3905 quam
988 3824 1055 3887 duo
1071 3821 1260 3885 inanimata.

326 3978 333 4006 ¹
352 3976 417 4025 This
427 3976 450 4026 is
462 3984 509 4026 not
520 3978 691 4026 inconsistent
701 3978 765 4026 with
777 3977 849 4025 what
866 3977 913 4025 has
929 3977 995 4026 been
1007 3976 1063 4025 said
1075 3974 1173 4036 before,
1182 3976 1238 4024 that
1253 3975 1298 4023 the
1313 3976 1407 4037 spen'es,
1420 3990 1451 4023 or

288 4072 347 4118 ray,
357 4058 380 4105 is
390 4056 417 4105 in
429 4057 463 4104 all
475 4071 549 4105 ceses
561 4056 590 4105 ol
598 4057 713 4106 material
725 4063 772 4105 not
784 4056 813 4105 ol
820 4056 938 4117 spiritual
951 4064 1049 4106 nature.
1083 4054 1241 4103 Aminatum
1253 4059 1341 4114 corpus
1349 4068 1414 4112 was,
1424 4052 1451 4101 in

288 4134 405 4186 Bacon⁰s
427 4136 503 4197 view,
530 4150 559 4183 ns
582 4136 698 4185 material
720 4150 749 4183 ns
772 4135 954 4183 unanimorum.
995 4134 1046 4183 His
1068 4134 1183 4196 peculim
1199 4132 1282 4181 views
1305 4147 1340 4180 as·
1357 4138 1385 4179 to
1405 4130 1451 4179 the

287 4215 419 4276 diversity
431 4214 463 4263 ol'
472 4220 572 4276 matter,
586 4213 615 4263 ol
623 4214 710 4263 which
721 4212 868 4275 something
878 4213 926 4261 hes
937 4212 1005 4261 been
1015 4213 1072 4262 said
1083 4213 1110 4261 in
1123 4214 1168 4263 the
1181 4209 1367 4272 Introduction,
1376 4207 1452 4258 made

287 4295 343 4345 this
355 4309 416 4356 way
426 4293 458 4341 oi
467 4293 587 4355 thinking
598 4308 661 4356 easy
672 4300 699 4342 to
710 4292 771 4341 him·
