<?xml version="1.0" encoding="UTF-8"?>
<!DOCTYPE html PUBLIC "-//W3C//DTD XHTML 1.0 Transitional//EN"
    "http://www.w3.org/TR/xhtml1/DTD/xhtml1-transitional.dtd">
<html xmlns="http://www.w3.org/1999/xhtml" xml:lang="en" lang="en">
 <head>
  <title>
</title>
<meta http-equiv="Content-Type" content="text/html;charset=utf-8" />
  <meta name='ocr-system' content='tesseract 3.04.00' />
  <meta name='ocr-capabilities' content='ocr_page ocr_carea ocr_par ocr_line ocrx_word'/>
</head>
<body>
  <div class='ocr_page' id='page_1' title='image "./opusmajusrogerb02bridgoog/opusmajusrogerb02bridgoog_0142.png"; bbox 0 0 3542 5359; ppageno 0'>
   <div class='ocr_carea' id='block_1_1' title="bbox 325 646 1402 735">
    <p class='ocr_par' dir='ltr' id='par_1_1' title="bbox 325 646 1402 735">
     <span class='ocr_line' id='line_1_1' title="bbox 325 646 1402 735; baseline 0.011 -31"><span class='ocrx_word' id='word_1_1' title='bbox 325 646 649 706; x_wconf 83' lang='lat' dir='ltr'><em>PERSPECTIVAE</em></span> <span class='ocrx_word' id='word_1_2' title='bbox 673 650 787 710; x_wconf 82' lang='lat' dir='ltr'><em>PARS</em></span> <span class='ocrx_word' id='word_1_3' title='bbox 812 652 1039 711; x_wconf 78' lang='lat' dir='ltr'><em>SECUNDA:</em></span> <span class='ocrx_word' id='word_1_4' title='bbox 1072 656 1182 715; x_wconf 89' lang='lat' dir='ltr'>DIST.</span> <span class='ocrx_word' id='word_1_5' title='bbox 1209 658 1267 715; x_wconf 89' lang='lat' dir='ltr'>III.</span> <span class='ocrx_word' id='word_1_6' title='bbox 1347 675 1402 735; x_wconf 83' lang='lat'>123</span> 
     </span>
    </p>
   </div>
   <div class='ocr_carea' id='block_1_2' title="bbox 248 810 1402 1530">
    <p class='ocr_par' dir='ltr' id='par_1_2' title="bbox 248 810 1402 1530">
     <span class='ocr_line' id='line_1_2' title="bbox 249 810 1402 904; baseline 0.011 -31"><span class='ocrx_word' id='word_1_7' title='bbox 249 810 293 874; x_wconf 88' lang='lat' dir='ltr'>ad</span> <span class='ocrx_word' id='word_1_8' title='bbox 315 812 475 895; x_wconf 89' lang='lat' dir='ltr'>majorem</span> <span class='ocrx_word' id='word_1_9' title='bbox 496 817 625 881; x_wconf 88' lang='lat' dir='ltr'>stellam</span> <span class='ocrx_word' id='word_1_10' title='bbox 646 819 731 882; x_wconf 90' lang='lat' dir='ltr'>sicut</span> <span class='ocrx_word' id='word_1_11' title='bbox 750 822 793 884; x_wconf 88' lang='lat' dir='ltr'>ad</span> <span class='ocrx_word' id='word_1_12' title='bbox 817 820 987 896; x_wconf 85' lang='lat' dir='ltr'>minorem,</span> <span class='ocrx_word' id='word_1_13' title='bbox 1003 828 1037 883; x_wconf 91' lang='lat' dir='ltr'>et</span> <span class='ocrx_word' id='word_1_14' title='bbox 1058 820 1102 884; x_wconf 94' lang='lat' dir='ltr'>ad</span> <span class='ocrx_word' id='word_1_15' title='bbox 1125 822 1293 904; x_wconf 87' lang='lat' dir='ltr'><strong>planetam</strong></span> <span class='ocrx_word' id='word_1_16' title='bbox 1317 824 1402 886; x_wconf 91' lang='lat' dir='ltr'>sicut</span> 
     </span>
     <span class='ocr_line' id='line_1_3' title="bbox 248 914 1402 997; baseline 0.011 -19"><span class='ocrx_word' id='word_1_17' title='bbox 248 914 292 978; x_wconf 91' lang='lat' dir='ltr'>ad</span> <span class='ocrx_word' id='word_1_18' title='bbox 314 917 444 981; x_wconf 89' lang='lat' dir='ltr'>stellam</span> <span class='ocrx_word' id='word_1_19' title='bbox 468 919 582 997; x_wconf 88' lang='lat' dir='ltr'>fixam,</span> <span class='ocrx_word' id='word_1_20' title='bbox 601 931 635 986; x_wconf 91' lang='lat' dir='ltr'>et</span> <span class='ocrx_word' id='word_1_21' title='bbox 658 922 700 986; x_wconf 94' lang='lat' dir='ltr'>ad</span> <span class='ocrx_word' id='word_1_22' title='bbox 724 923 854 986; x_wconf 90' lang='lat' dir='ltr'>stellam</span> <span class='ocrx_word' id='word_1_23' title='bbox 879 923 911 986; x_wconf 92' lang='lat' dir='ltr'>in</span> <span class='ocrx_word' id='word_1_24' title='bbox 934 923 1106 989; x_wconf 85' lang='lat' dir='ltr'>horizonte</span> <span class='ocrx_word' id='word_1_25' title='bbox 1127 926 1212 991; x_wconf 89' lang='lat' dir='ltr'>sicut</span> <span class='ocrx_word' id='word_1_26' title='bbox 1235 927 1267 989; x_wconf 90' lang='lat' dir='ltr'>in</span> <span class='ocrx_word' id='word_1_27' title='bbox 1291 927 1402 991; x_wconf 90' lang='lat' dir='ltr'>medio</span> 
     </span>
     <span class='ocr_line' id='line_1_4' title="bbox 249 1019 1401 1113; baseline 0.013 -33"><span class='ocrx_word' id='word_1_28' title='bbox 249 1019 333 1082; x_wconf 91' lang='lat' dir='ltr'>coeli</span> <span class='ocrx_word' id='word_1_29' title='bbox 346 1045 354 1094; x_wconf 91' lang='lat'>;</span> <span class='ocrx_word' id='word_1_30' title='bbox 390 1036 594 1108; x_wconf 90' lang='lat' dir='ltr'>quapropter</span> <span class='ocrx_word' id='word_1_31' title='bbox 623 1025 812 1109; x_wconf 86' lang='lat' dir='ltr'>hujusmodi</span> <span class='ocrx_word' id='word_1_32' title='bbox 846 1038 983 1092; x_wconf 88' lang='lat' dir='ltr'>conatus</span> <span class='ocrx_word' id='word_1_33' title='bbox 1022 1029 1102 1092; x_wconf 89' lang='lat' dir='ltr'>nihil</span> <span class='ocrx_word' id='word_1_34' title='bbox 1137 1042 1292 1113; x_wconf 86' lang='lat' dir='ltr'>operatur</span> <span class='ocrx_word' id='word_1_35' title='bbox 1325 1031 1401 1095; x_wconf 90' lang='lat' dir='ltr'>hic:</span> 
     </span>
     <span class='ocr_line' id='line_1_5' title="bbox 249 1123 1402 1212; baseline 0.013 -28"><span class='ocrx_word' id='word_1_36' title='bbox 249 1123 424 1190; x_wconf 90' lang='lat' dir='ltr'>dicendum</span> <span class='ocrx_word' id='word_1_37' title='bbox 456 1131 620 1212; x_wconf 92' lang='lat' dir='ltr'>estquod</span> <span class='ocrx_word' id='word_1_38' title='bbox 651 1131 704 1196; x_wconf 88' lang='lat' dir='ltr'>sic.</span> <span class='ocrx_word' id='word_1_39' title='bbox 751 1132 840 1196; x_wconf 88' lang='lat' dir='ltr'>Nam</span> <span class='ocrx_word' id='word_1_40' title='bbox 863 1134 951 1196; x_wconf 89' lang='lat' dir='ltr'>visus</span> <span class='ocrx_word' id='word_1_41' title='bbox 973 1153 1018 1196; x_wconf 88' lang='lat' dir='ltr'>ex</span> <span class='ocrx_word' id='word_1_42' title='bbox 1041 1136 1278 1199; x_wconf 89' lang='lat' dir='ltr'>consuetudine</span> <span class='ocrx_word' id='word_1_43' title='bbox 1299 1136 1402 1199; x_wconf 90' lang='lat' dir='ltr'>habet</span> 
     </span>
     <span class='ocr_line' id='line_1_6' title="bbox 249 1230 1400 1318; baseline 0.014 -30"><span class='ocrx_word' id='word_1_44' title='bbox 249 1230 339 1307; x_wconf 92' lang='lat' dir='ltr'>quod</span> <span class='ocrx_word' id='word_1_45' title='bbox 358 1244 497 1297; x_wconf 89' lang='lat' dir='ltr'>conatur</span> <span class='ocrx_word' id='word_1_46' title='bbox 519 1235 594 1318; x_wconf 91' lang='lat' dir='ltr'>plus</span> <span class='ocrx_word' id='word_1_47' title='bbox 616 1246 650 1298; x_wconf 91' lang='lat' dir='ltr'>et</span> <span class='ocrx_word' id='word_1_48' title='bbox 672 1236 778 1300; x_wconf 92' lang='lat' dir='ltr'>minus</span> <span class='ocrx_word' id='word_1_49' title='bbox 797 1237 980 1300; x_wconf 89' lang='lat' dir='ltr'>secundum</span> <span class='ocrx_word' id='word_1_50' title='bbox 998 1238 1191 1302; x_wconf 83' lang='lat' dir='ltr'>distantiam</span> <span class='ocrx_word' id='word_1_51' title='bbox 1206 1239 1350 1313; x_wconf 91' lang='lat' dir='ltr'>visibilis,</span> <span class='ocrx_word' id='word_1_52' title='bbox 1367 1250 1400 1304; x_wconf 90' lang='lat' dir='ltr'>et</span> 
     </span>
     <span class='ocr_line' id='line_1_7' title="bbox 248 1337 1401 1426; baseline 0.015 -34"><span class='ocrx_word' id='word_1_53' title='bbox 248 1337 432 1400; x_wconf 91' lang='lat' dir='ltr'>secundum</span> <span class='ocrx_word' id='word_1_54' title='bbox 453 1341 659 1405; x_wconf 85' lang='lat' dir='ltr'>debilitatem</span> <span class='ocrx_word' id='word_1_55' title='bbox 684 1343 786 1426; x_wconf 90' lang='lat' dir='ltr'>ipsius</span> <span class='ocrx_word' id='word_1_56' title='bbox 801 1343 899 1419; x_wconf 74' lang='lat' dir='ltr'>visuS,</span> <span class='ocrx_word' id='word_1_57' title='bbox 915 1353 948 1405; x_wconf 90' lang='lat' dir='ltr'>et</span> <span class='ocrx_word' id='word_1_58' title='bbox 967 1344 1147 1407; x_wconf 88' lang='lat' dir='ltr'>secundum</span> <span class='ocrx_word' id='word_1_59' title='bbox 1169 1345 1258 1425; x_wconf 92' lang='lat' dir='ltr'>quod</span> <span class='ocrx_word' id='word_1_60' title='bbox 1272 1344 1401 1409; x_wconf 85' lang='lat' dir='ltr'>visibile</span> 
     </span>
     <span class='ocr_line' id='line_1_8' title="bbox 249 1433 1399 1530; baseline 0.01 -31"><span class='ocrx_word' id='word_1_61' title='bbox 249 1433 351 1505; x_wconf 88' lang='lat' dir='ltr'>habet</span> <span class='ocrx_word' id='word_1_62' title='bbox 367 1467 484 1528; x_wconf 91' lang='lat' dir='ltr'>parum</span> <span class='ocrx_word' id='word_1_63' title='bbox 501 1451 544 1514; x_wconf 92' lang='lat' dir='ltr'>de</span> <span class='ocrx_word' id='word_1_64' title='bbox 560 1449 760 1514; x_wconf 87' lang='lat' dir='ltr'>visibilitate.</span> <span class='ocrx_word' id='word_1_65' title='bbox 801 1447 865 1511; x_wconf 90' lang='lat' dir='ltr'>Et¹</span> <span class='ocrx_word' id='word_1_66' title='bbox 881 1448 959 1530; x_wconf 94' lang='lat' dir='ltr'>quia</span> <span class='ocrx_word' id='word_1_67' title='bbox 976 1448 1007 1511; x_wconf 92' lang='lat' dir='ltr'>in</span> <span class='ocrx_word' id='word_1_68' title='bbox 1024 1448 1088 1511; x_wconf 93' lang='lat' dir='ltr'>hoc</span> <span class='ocrx_word' id='word_1_69' title='bbox 1103 1447 1192 1510; x_wconf 89' lang='lat' dir='ltr'>visus</span> <span class='ocrx_word' id='word_1_70' title='bbox 1208 1459 1258 1512; x_wconf 91' lang='lat' dir='ltr'>est</span> <span class='ocrx_word' id='word_1_71' title='bbox 1273 1449 1399 1513; x_wconf 88' lang='lat' dir='ltr'>exerci-</span> 
     </span>
    </p>
   </div>
   <div class='ocr_carea' id='block_1_3' title="bbox 245 1555 1516 4142">
    <p class='ocr_par' dir='ltr' id='par_1_3' title="bbox 245 1555 1516 4142">
     <span class='ocr_line' id='line_1_9' title="bbox 248 1555 1400 1633; baseline 0.002 -18"><span class='ocrx_word' id='word_1_72' title='bbox 248 1561 339 1618; x_wconf 87' lang='lat' dir='ltr'>tatus</span> <span class='ocrx_word' id='word_1_73' title='bbox 362 1567 396 1619; x_wconf 92' lang='lat' dir='ltr'>et</span> <span class='ocrx_word' id='word_1_74' title='bbox 418 1567 603 1633; x_wconf 90' lang='lat' dir='ltr'>consuetus,</span> <span class='ocrx_word' id='word_1_75' title='bbox 625 1566 659 1621; x_wconf 89' lang='lat' dir='ltr'>et</span> <span class='ocrx_word' id='word_1_76' title='bbox 681 1556 888 1621; x_wconf 88' lang='lat' dir='ltr'>consuetudo</span> <span class='ocrx_word' id='word_1_77' title='bbox 910 1561 961 1617; x_wconf 91' lang='lat' dir='ltr'>est</span> <span class='ocrx_word' id='word_1_78' title='bbox 983 1555 1087 1617; x_wconf 89' lang='lat' dir='ltr'>altera</span> <span class='ocrx_word' id='word_1_79' title='bbox 1111 1563 1238 1633; x_wconf 91' lang='lat' dir='ltr'>natura,</span> <span class='ocrx_word' id='word_1_80' title='bbox 1261 1565 1297 1618; x_wconf 94' lang='lat' dir='ltr'>ut</span> <span class='ocrx_word' id='word_1_81' title='bbox 1321 1555 1400 1620; x_wconf 88' lang='lat' dir='ltr'>dicit</span> 
     </span>
     <span class='ocr_line' id='line_1_10' title="bbox 248 1657 1400 1742; baseline 0.003 -21"><span class='ocrx_word' id='word_1_82' title='bbox 248 1657 459 1738; x_wconf 88' lang='lat' dir='ltr'>Aristoteles,</span> <span class='ocrx_word' id='word_1_83' title='bbox 482 1671 515 1726; x_wconf 90' lang='lat' dir='ltr'>et</span> <span class='ocrx_word' id='word_1_84' title='bbox 543 1663 689 1726; x_wconf 89' lang='lat' dir='ltr'>maxime</span> <span class='ocrx_word' id='word_1_85' title='bbox 712 1663 744 1724; x_wconf 94' lang='lat' dir='ltr'>in</span> <span class='ocrx_word' id='word_1_86' title='bbox 766 1662 847 1735; x_wconf 91' lang='lat' dir='ltr'>visu,</span> <span class='ocrx_word' id='word_1_87' title='bbox 871 1667 908 1722; x_wconf 92' lang='lat' dir='ltr'>ut</span> <span class='ocrx_word' id='word_1_88' title='bbox 930 1660 1053 1723; x_wconf 88' lang='lat' dir='ltr'>docent</span> <span class='ocrx_word' id='word_1_89' title='bbox 1075 1668 1226 1722; x_wconf 87' lang='lat' dir='ltr'>auctores</span> <span class='ocrx_word' id='word_1_90' title='bbox 1247 1679 1400 1742; x_wconf 88' lang='lat' dir='ltr'>perspec-</span> 
     </span>
     <span class='ocr_line' id='line_1_11' title="bbox 249 1762 1398 1852; baseline 0 -24"><span class='ocrx_word' id='word_1_91' title='bbox 249 1767 344 1830; x_wconf 90' lang='lat' dir='ltr'>tivae.</span> <span class='ocrx_word' id='word_1_92' title='bbox 392 1766 490 1831; x_wconf 88' lang='lat' dir='ltr'>Unde</span> <span class='ocrx_word' id='word_1_93' title='bbox 506 1788 571 1830; x_wconf 92' lang='lat' dir='ltr'>non</span> <span class='ocrx_word' id='word_1_94' title='bbox 590 1767 730 1852; x_wconf 86' lang='lat' dir='ltr'>percipit</span> <span class='ocrx_word' id='word_1_95' title='bbox 751 1786 786 1830; x_wconf 90' lang='lat' dir='ltr'>se</span> <span class='ocrx_word' id='word_1_96' title='bbox 807 1766 918 1829; x_wconf 90' lang='lat' dir='ltr'>videre</span> <span class='ocrx_word' id='word_1_97' title='bbox 941 1784 1000 1848; x_wconf 90' lang='lat' dir='ltr'>per</span> <span class='ocrx_word' id='word_1_98' title='bbox 1023 1762 1237 1826; x_wconf 87' lang='lat' dir='ltr'>reflexionem</span> <span class='ocrx_word' id='word_1_99' title='bbox 1262 1773 1295 1826; x_wconf 90' lang='lat' dir='ltr'>et</span> <span class='ocrx_word' id='word_1_100' title='bbox 1317 1764 1398 1828; x_wconf 86' lang='lat' dir='ltr'>frac-</span> 
     </span>
     <span class='ocr_line' id='line_1_12' title="bbox 247 1869 1400 1954; baseline -0.001 -22"><span class='ocrx_word' id='word_1_101' title='bbox 247 1869 382 1948; x_wconf 89' lang='lat' dir='ltr'>tionem,</span> <span class='ocrx_word' id='word_1_102' title='bbox 397 1871 455 1934; x_wconf 90' lang='lat' dir='ltr'>sed</span> <span class='ocrx_word' id='word_1_103' title='bbox 472 1893 530 1954; x_wconf 92' lang='lat' dir='ltr'>per</span> <span class='ocrx_word' id='word_1_104' title='bbox 546 1871 646 1935; x_wconf 85' lang='lat' dir='ltr'>lineas</span> <span class='ocrx_word' id='word_1_105' title='bbox 661 1879 767 1935; x_wconf 88' lang='lat' dir='ltr'>rectas</span> <span class='ocrx_word' id='word_1_106' title='bbox 783 1879 926 1942; x_wconf 88' lang='lat' dir='ltr'>tantum,</span> <span class='ocrx_word' id='word_1_107' title='bbox 940 1869 1017 1953; x_wconf 91' lang='lat' dir='ltr'>quia</span> <span class='ocrx_word' id='word_1_108' title='bbox 1032 1869 1203 1932; x_wconf 91' lang='lat' dir='ltr'>consuevit</span> <span class='ocrx_word' id='word_1_109' title='bbox 1216 1869 1326 1933; x_wconf 91' lang='lat' dir='ltr'>videre</span> <span class='ocrx_word' id='word_1_110' title='bbox 1340 1890 1400 1952; x_wconf 90' lang='lat' dir='ltr'>per</span> 
     </span>
     <span class='ocr_line' id='line_1_13' title="bbox 247 1973 1400 2056; baseline 0 -20"><span class='ocrx_word' id='word_1_111' title='bbox 247 1973 351 2038; x_wconf 76' lang='lat' dir='ltr'>lineas</span> <span class='ocrx_word' id='word_1_112' title='bbox 367 1985 481 2050; x_wconf 77' lang='lat' dir='ltr'>rectaS,</span> <span class='ocrx_word' id='word_1_113' title='bbox 496 1977 580 2039; x_wconf 91' lang='lat' dir='ltr'>sicut</span> <span class='ocrx_word' id='word_1_114' title='bbox 596 1975 727 2039; x_wconf 78' lang='lat' dir='ltr'>inferius</span> <span class='ocrx_word' id='word_1_115' title='bbox 743 1975 972 2039; x_wconf 87' lang='lat' dir='ltr'>declarabitur.</span> <span class='ocrx_word' id='word_1_116' title='bbox 1019 1974 1064 2037; x_wconf 92' lang='lat' dir='ltr'>Et</span> <span class='ocrx_word' id='word_1_117' title='bbox 1088 1974 1163 2038; x_wconf 92' lang='lat' dir='ltr'>ideo</span> <span class='ocrx_word' id='word_1_118' title='bbox 1180 1974 1212 2036; x_wconf 91' lang='lat' dir='ltr'>in</span> <span class='ocrx_word' id='word_1_119' title='bbox 1233 1982 1400 2056; x_wconf 90' lang='lat' dir='ltr'>potestate</span> 
     </span>
     <span class='ocr_line' id='line_1_14' title="bbox 247 2078 1399 2157; baseline 0.001 -18"><span class='ocrx_word' id='word_1_120' title='bbox 247 2078 380 2143; x_wconf 88' lang='lat' dir='ltr'>animae</span> <span class='ocrx_word' id='word_1_121' title='bbox 411 2080 575 2144; x_wconf 87' lang='lat' dir='ltr'>rationalis</span> <span class='ocrx_word' id='word_1_122' title='bbox 606 2101 671 2145; x_wconf 93' lang='lat' dir='ltr'>non</span> <span class='ocrx_word' id='word_1_123' title='bbox 704 2092 754 2145; x_wconf 91' lang='lat' dir='ltr'>est</span> <span class='ocrx_word' id='word_1_124' title='bbox 783 2089 922 2145; x_wconf 89' lang='lat' dir='ltr'>conatus</span> <span class='ocrx_word' id='word_1_125' title='bbox 946 2080 1046 2157; x_wconf 88' lang='lat' dir='ltr'>visus,</span> <span class='ocrx_word' id='word_1_126' title='bbox 1071 2079 1158 2142; x_wconf 89' lang='lat' dir='ltr'>sicut</span> <span class='ocrx_word' id='word_1_127' title='bbox 1183 2098 1243 2143; x_wconf 93' lang='lat' dir='ltr'>nec</span> <span class='ocrx_word' id='word_1_128' title='bbox 1269 2087 1399 2143; x_wconf 84' lang='lat' dir='ltr'>caetera</span> 
     </span>
     <span class='ocr_line' id='line_1_15' title="bbox 245 2182 1398 2269; baseline 0.002 -24"><span class='ocrx_word' id='word_1_129' title='bbox 245 2182 369 2265; x_wconf 90' lang='lat' dir='ltr'>judicia</span> <span class='ocrx_word' id='word_1_130' title='bbox 391 2194 559 2262; x_wconf 89' lang='lat' dir='ltr'>consueta,</span> <span class='ocrx_word' id='word_1_131' title='bbox 580 2186 731 2269; x_wconf 89' lang='lat' dir='ltr'>quamvis</span> <span class='ocrx_word' id='word_1_132' title='bbox 753 2185 805 2250; x_wconf 94' lang='lat' dir='ltr'>hic</span> <span class='ocrx_word' id='word_1_133' title='bbox 829 2187 974 2249; x_wconf 89' lang='lat' dir='ltr'>nitantur</span> <span class='ocrx_word' id='word_1_134' title='bbox 999 2184 1098 2266; x_wconf 92' lang='lat' dir='ltr'>aliqui</span> <span class='ocrx_word' id='word_1_135' title='bbox 1124 2203 1183 2267; x_wconf 91' lang='lat' dir='ltr'>per</span> <span class='ocrx_word' id='word_1_136' title='bbox 1208 2182 1398 2266; x_wconf 91' lang='lat' dir='ltr'>hujusmodi</span> 
     </span>
     <span class='ocr_line' id='line_1_16' title="bbox 248 2287 1400 2374; baseline 0.003 -24"><span class='ocrx_word' id='word_1_137' title='bbox 248 2287 487 2352; x_wconf 85' lang='lat' dir='ltr'>cavillationem</span> <span class='ocrx_word' id='word_1_138' title='bbox 503 2300 659 2354; x_wconf 87' lang='lat' dir='ltr'>conatum</span> <span class='ocrx_word' id='word_1_139' title='bbox 676 2289 773 2364; x_wconf 88' lang='lat' dir='ltr'>hunc,</span> <span class='ocrx_word' id='word_1_140' title='bbox 790 2301 822 2355; x_wconf 94' lang='lat' dir='ltr'>et</span> <span class='ocrx_word' id='word_1_141' title='bbox 846 2292 1011 2374; x_wconf 87' lang='lat' dir='ltr'>quaedam</span> <span class='ocrx_word' id='word_1_142' title='bbox 1031 2288 1215 2354; x_wconf 89' lang='lat' dir='ltr'>consimilia</span> <span class='ocrx_word' id='word_1_143' title='bbox 1238 2288 1400 2353; x_wconf 90' lang='lat' dir='ltr'>naturalia</span> 
     </span>
     <span class='ocr_line' id='line_1_17' title="bbox 247 2392 1399 2478; baseline 0.002 -24"><span class='ocrx_word' id='word_1_144' title='bbox 247 2392 330 2455; x_wconf 91' lang='lat' dir='ltr'>visui</span> <span class='ocrx_word' id='word_1_145' title='bbox 360 2404 530 2471; x_wconf 91' lang='lat' dir='ltr'>consueta,</span> <span class='ocrx_word' id='word_1_146' title='bbox 560 2395 744 2478; x_wconf 90' lang='lat' dir='ltr'>reprobare.</span> <span class='ocrx_word' id='word_1_147' title='bbox 804 2393 839 2459; x_wconf 91' lang='lat' dir='ltr'>Si</span> <span class='ocrx_word' id='word_1_148' title='bbox 875 2394 1058 2477; x_wconf 87' lang='lat' dir='ltr'>objiciatur,</span> <span class='ocrx_word' id='word_1_149' title='bbox 1089 2395 1179 2476; x_wconf 92' lang='lat' dir='ltr'>quod</span> <span class='ocrx_word' id='word_1_150' title='bbox 1208 2395 1297 2458; x_wconf 86' lang='lat' dir='ltr'>visus</span> <span class='ocrx_word' id='word_1_151' title='bbox 1331 2414 1399 2457; x_wconf 91' lang='lat' dir='ltr'>non</span> 
     </span>
     <span class='ocr_line' id='line_1_18' title="bbox 245 2495 1399 2582; baseline 0.003 -25"><span class='ocrx_word' id='word_1_152' title='bbox 245 2495 374 2577; x_wconf 90' lang='lat' dir='ltr'>judicat</span> <span class='ocrx_word' id='word_1_153' title='bbox 389 2497 433 2560; x_wconf 93' lang='lat' dir='ltr'>de</span> <span class='ocrx_word' id='word_1_154' title='bbox 447 2497 605 2562; x_wconf 88' lang='lat' dir='ltr'>distantia</span> <span class='ocrx_word' id='word_1_155' title='bbox 620 2498 827 2582; x_wconf 89' lang='lat' dir='ltr'>planetarum</span> <span class='ocrx_word' id='word_1_156' title='bbox 848 2508 881 2563; x_wconf 93' lang='lat' dir='ltr'>et</span> <span class='ocrx_word' id='word_1_157' title='bbox 902 2498 1080 2576; x_wconf 89' lang='lat' dir='ltr'>stellarum,</span> <span class='ocrx_word' id='word_1_158' title='bbox 1095 2498 1166 2562; x_wconf 87' lang='lat' dir='ltr'>sola</span> <span class='ocrx_word' id='word_1_159' title='bbox 1188 2499 1277 2561; x_wconf 90' lang='lat' dir='ltr'>enirn</span> <span class='ocrx_word' id='word_1_160' title='bbox 1300 2499 1399 2561; x_wconf 92' lang='lat' dir='ltr'>ratio·</span> 
     </span>
     <span class='ocr_line' id='line_1_19' title="bbox 247 2600 1398 2686; baseline 0.002 -24"><span class='ocrx_word' id='word_1_161' title='bbox 247 2600 414 2664; x_wconf 89' lang='lat' dir='ltr'>cinatione</span> <span class='ocrx_word' id='word_1_162' title='bbox 443 2602 752 2686; x_wconf 81' lang='lat' dir='ltr'>comprehendimus</span> <span class='ocrx_word' id='word_1_163' title='bbox 782 2603 951 2667; x_wconf 90' lang='lat' dir='ltr'>stellarum</span> <span class='ocrx_word' id='word_1_164' title='bbox 983 2603 1168 2680; x_wconf 90' lang='lat' dir='ltr'>distantias,</span> <span class='ocrx_word' id='word_1_165' title='bbox 1198 2623 1278 2684; x_wconf 85' lang='lat' dir='ltr'>ergo</span> <span class='ocrx_word' id='word_1_166' title='bbox 1309 2603 1398 2664; x_wconf 88' lang='lat' dir='ltr'>visus</span> 
     </span>
     <span class='ocr_line' id='line_1_20' title="bbox 248 2705 1396 2789; baseline 0.002 -22"><span class='ocrx_word' id='word_1_167' title='bbox 248 2705 428 2786; x_wconf 88' lang='lat' dir='ltr'>aequaliter</span> <span class='ocrx_word' id='word_1_168' title='bbox 450 2705 613 2787; x_wconf 85' lang='lat' dir='ltr'>judicabit</span> <span class='ocrx_word' id='word_1_169' title='bbox 640 2707 682 2771; x_wconf 92' lang='lat' dir='ltr'>de</span> <span class='ocrx_word' id='word_1_170' title='bbox 704 2708 807 2772; x_wconf 91' lang='lat' dir='ltr'>stellis</span> <span class='ocrx_word' id='word_1_171' title='bbox 829 2707 907 2771; x_wconf 87' lang='lat' dir='ltr'>fixis</span> <span class='ocrx_word' id='word_1_172' title='bbox 930 2720 964 2773; x_wconf 93' lang='lat' dir='ltr'>et</span> <span class='ocrx_word' id='word_1_173' title='bbox 991 2708 1140 2789; x_wconf 89' lang='lat' dir='ltr'>planetis,</span> <span class='ocrx_word' id='word_1_174' title='bbox 1166 2717 1327 2789; x_wconf 90' lang='lat' dir='ltr'>quantum</span> <span class='ocrx_word' id='word_1_175' title='bbox 1353 2708 1396 2771; x_wconf 90' lang='lat' dir='ltr'>ad</span> 
     </span>
     <span class='ocr_line' id='line_1_21' title="bbox 248 2810 1398 2895; baseline 0 -23"><span class='ocrx_word' id='word_1_176' title='bbox 248 2810 417 2891; x_wconf 86' lang='lat' dir='ltr'>passiones</span> <span class='ocrx_word' id='word_1_177' title='bbox 433 2830 540 2873; x_wconf 91' lang='lat' dir='ltr'>rerum</span> <span class='ocrx_word' id='word_1_178' title='bbox 556 2811 731 2876; x_wconf 92' lang='lat' dir='ltr'>visibilium</span> <span class='ocrx_word' id='word_1_179' title='bbox 754 2833 840 2895; x_wconf 89' lang='lat' dir='ltr'>quae</span> <span class='ocrx_word' id='word_1_180' title='bbox 861 2813 1042 2875; x_wconf 80' lang='lat' dir='ltr'>fundantur</span> <span class='ocrx_word' id='word_1_181' title='bbox 1063 2832 1163 2894; x_wconf 90' lang='lat' dir='ltr'>super</span> <span class='ocrx_word' id='word_1_182' title='bbox 1184 2811 1398 2888; x_wconf 87' lang='lat' dir='ltr'>distantiam;</span> 
     </span>
     <span class='ocr_line' id='line_1_22' title="bbox 246 2912 1399 2998; baseline 0.002 -22"><span class='ocrx_word' id='word_1_183' title='bbox 246 2912 426 2977; x_wconf 90' lang='lat' dir='ltr'>dicendum</span> <span class='ocrx_word' id='word_1_184' title='bbox 448 2925 509 2992; x_wconf 91' lang='lat' dir='ltr'>est,</span> <span class='ocrx_word' id='word_1_185' title='bbox 531 2915 622 2998; x_wconf 92' lang='lat' dir='ltr'>quod</span> <span class='ocrx_word' id='word_1_186' title='bbox 644 2935 722 2980; x_wconf 93' lang='lat' dir='ltr'>non.</span> <span class='ocrx_word' id='word_1_187' title='bbox 767 2915 855 2978; x_wconf 90' lang='lat' dir='ltr'>Nam</span> <span class='ocrx_word' id='word_1_188' title='bbox 883 2914 960 2979; x_wconf 91' lang='lat' dir='ltr'>licet</span> <span class='ocrx_word' id='word_1_189' title='bbox 987 2935 1053 2980; x_wconf 92' lang='lat' dir='ltr'>non</span> <span class='ocrx_word' id='word_1_190' title='bbox 1081 2924 1192 2997; x_wconf 89' lang='lat' dir='ltr'>potest</span> <span class='ocrx_word' id='word_1_191' title='bbox 1218 2913 1399 2978; x_wconf 87' lang='lat' dir='ltr'>certificare</span> 
     </span>
     <span class='ocr_line' id='line_1_23' title="bbox 248 3017 1399 3103; baseline 0 -24"><span class='ocrx_word' id='word_1_192' title='bbox 248 3017 439 3082; x_wconf 87' lang='lat' dir='ltr'>distantiam</span> <span class='ocrx_word' id='word_1_193' title='bbox 455 3018 633 3094; x_wconf 89' lang='lat' dir='ltr'>stellarum,</span> <span class='ocrx_word' id='word_1_194' title='bbox 650 3021 726 3102; x_wconf 90' lang='lat' dir='ltr'>quia</span> <span class='ocrx_word' id='word_1_195' title='bbox 749 3040 815 3084; x_wconf 93' lang='lat' dir='ltr'>non</span> <span class='ocrx_word' id='word_1_196' title='bbox 839 3029 916 3083; x_wconf 92' lang='lat' dir='ltr'>sunt</span> <span class='ocrx_word' id='word_1_197' title='bbox 938 3039 1078 3103; x_wconf 90' lang='lat' dir='ltr'>corpora</span> <span class='ocrx_word' id='word_1_198' title='bbox 1100 3018 1290 3082; x_wconf 90' lang='lat' dir='ltr'>continuata</span> <span class='ocrx_word' id='word_1_199' title='bbox 1314 3017 1399 3080; x_wconf 91' lang='lat' dir='ltr'>inter</span> 
     </span>
     <span class='ocr_line' id='line_1_24' title="bbox 248 3121 1397 3207; baseline 0 -23"><span class='ocrx_word' id='word_1_200' title='bbox 248 3121 366 3200; x_wconf 89' lang='lat' dir='ltr'>stellas,</span> <span class='ocrx_word' id='word_1_201' title='bbox 397 3133 510 3186; x_wconf 88' lang='lat' dir='ltr'>tamen</span> <span class='ocrx_word' id='word_1_202' title='bbox 549 3133 684 3207; x_wconf 91' lang='lat' dir='ltr'>propter</span> <span class='ocrx_word' id='word_1_203' title='bbox 720 3123 879 3206; x_wconf 89' lang='lat' dir='ltr'>majorem</span> <span class='ocrx_word' id='word_1_204' title='bbox 910 3123 1159 3188; x_wconf 89' lang='lat' dir='ltr'>sensibilitatem</span> <span class='ocrx_word' id='word_1_205' title='bbox 1191 3121 1397 3205; x_wconf 86' lang='lat' dir='ltr'>planetarum</span> 
     </span>
     <span class='ocr_line' id='line_1_25' title="bbox 247 3223 1397 3312; baseline 0 -24"><span class='ocrx_word' id='word_1_206' title='bbox 247 3223 503 3308; x_wconf 90' lang='lat' dir='ltr'>splendidorum,</span> <span class='ocrx_word' id='word_1_207' title='bbox 518 3237 557 3291; x_wconf 90' lang='lat' dir='ltr'>ut</span> <span class='ocrx_word' id='word_1_208' title='bbox 579 3229 706 3293; x_wconf 90' lang='lat' dir='ltr'>dictum</span> <span class='ocrx_word' id='word_1_209' title='bbox 729 3237 789 3304; x_wconf 91' lang='lat' dir='ltr'>est,</span> <span class='ocrx_word' id='word_1_210' title='bbox 805 3239 967 3312; x_wconf 90' lang='lat' dir='ltr'>apparent</span> <span class='ocrx_word' id='word_1_211' title='bbox 989 3227 1215 3312; x_wconf 90' lang='lat' dir='ltr'>propinquius,</span> <span class='ocrx_word' id='word_1_212' title='bbox 1231 3226 1308 3290; x_wconf 90' lang='lat' dir='ltr'>licet</span> <span class='ocrx_word' id='word_1_213' title='bbox 1330 3246 1397 3288; x_wconf 92' lang='lat' dir='ltr'>non</span> 
     </span>
     <span class='ocr_line' id='line_1_26' title="bbox 246 3330 1399 3416; baseline 0.003 -24"><span class='ocrx_word' id='word_1_214' title='bbox 246 3330 327 3393; x_wconf 90' lang='lat' dir='ltr'>sciat</span> <span class='ocrx_word' id='word_1_215' title='bbox 342 3331 430 3394; x_wconf 87' lang='lat' dir='ltr'>visus</span> <span class='ocrx_word' id='word_1_216' title='bbox 445 3331 552 3396; x_wconf 90' lang='lat' dir='ltr'>dicere</span> <span class='ocrx_word' id='word_1_217' title='bbox 567 3342 729 3415; x_wconf 90' lang='lat' dir='ltr'>quantum</span> <span class='ocrx_word' id='word_1_218' title='bbox 750 3333 815 3397; x_wconf 93' lang='lat' dir='ltr'>sint</span> <span class='ocrx_word' id='word_1_219' title='bbox 834 3333 1059 3416; x_wconf 88' lang='lat' dir='ltr'>propinquius.</span> <span class='ocrx_word' id='word_1_220' title='bbox 1106 3332 1153 3396; x_wconf 92' lang='lat' dir='ltr'>Et</span> <span class='ocrx_word' id='word_1_221' title='bbox 1176 3332 1296 3394; x_wconf 89' lang='lat' dir='ltr'>iterum</span> <span class='ocrx_word' id='word_1_222' title='bbox 1319 3331 1399 3414; x_wconf 87' lang='lat' dir='ltr'>quia</span> 
     </span>
     <span class='ocr_line' id='line_1_27' title="bbox 246 3435 1397 3519; baseline 0.003 -23"><span class='ocrx_word' id='word_1_223' title='bbox 246 3435 390 3517; x_wconf 90' lang='lat' dir='ltr'>speciem</span> <span class='ocrx_word' id='word_1_224' title='bbox 421 3435 612 3500; x_wconf 89' lang='lat' dir='ltr'>debiliorem</span> <span class='ocrx_word' id='word_1_225' title='bbox 644 3437 759 3519; x_wconf 90' lang='lat' dir='ltr'>recipit</span> <span class='ocrx_word' id='word_1_226' title='bbox 789 3458 810 3501; x_wconf 88' lang='lat' dir='ltr'>a</span> <span class='ocrx_word' id='word_1_227' title='bbox 839 3436 916 3501; x_wconf 88' lang='lat' dir='ltr'>fixis</span> <span class='ocrx_word' id='word_1_228' title='bbox 945 3437 1049 3502; x_wconf 87' lang='lat' dir='ltr'>stellis</span> <span class='ocrx_word' id='word_1_229' title='bbox 1078 3456 1179 3518; x_wconf 88' lang='lat' dir='ltr'>quam</span> <span class='ocrx_word' id='word_1_230' title='bbox 1202 3456 1223 3498; x_wconf 91' lang='lat' dir='ltr'>a</span> <span class='ocrx_word' id='word_1_231' title='bbox 1244 3435 1397 3518; x_wconf 86' lang='lat' dir='ltr'>planetis,</span> 
     </span>
     <span class='ocr_line' id='line_1_28' title="bbox 245 3537 1398 3622; baseline 0.001 -22"><span class='ocrx_word' id='word_1_232' title='bbox 245 3537 324 3618; x_wconf 91' lang='lat' dir='ltr'>quia</span> <span class='ocrx_word' id='word_1_233' title='bbox 353 3539 482 3622; x_wconf 84' lang='lat' dir='ltr'>species</span> <span class='ocrx_word' id='word_1_234' title='bbox 512 3540 703 3604; x_wconf 92' lang='lat' dir='ltr'>debilitatur</span> <span class='ocrx_word' id='word_1_235' title='bbox 734 3563 778 3605; x_wconf 88' lang='lat' dir='ltr'>ex</span> <span class='ocrx_word' id='word_1_236' title='bbox 808 3541 975 3618; x_wconf 87' lang='lat' dir='ltr'>distantia,</span> <span class='ocrx_word' id='word_1_237' title='bbox 1005 3540 1114 3621; x_wconf 85' lang='lat' dir='ltr'>magis</span> <span class='ocrx_word' id='word_1_238' title='bbox 1142 3548 1281 3604; x_wconf 89' lang='lat' dir='ltr'>conatur</span> <span class='ocrx_word' id='word_1_239' title='bbox 1307 3539 1398 3603; x_wconf 91' lang='lat' dir='ltr'>visus</span> 
     </span>
     <span class='ocr_line' id='line_1_29' title="bbox 245 3641 1397 3728; baseline 0 -24"><span class='ocrx_word' id='word_1_240' title='bbox 245 3641 331 3704; x_wconf 88' lang='lat' dir='ltr'>circa</span> <span class='ocrx_word' id='word_1_241' title='bbox 351 3643 476 3725; x_wconf 89' lang='lat' dir='ltr'>species</span> <span class='ocrx_word' id='word_1_242' title='bbox 496 3642 637 3708; x_wconf 87' lang='lat' dir='ltr'>fixarum</span> <span class='ocrx_word' id='word_1_243' title='bbox 656 3665 757 3726; x_wconf 89' lang='lat' dir='ltr'>quam</span> <span class='ocrx_word' id='word_1_244' title='bbox 778 3645 864 3709; x_wconf 85' lang='lat' dir='ltr'>circa</span> <span class='ocrx_word' id='word_1_245' title='bbox 884 3644 1010 3727; x_wconf 88' lang='lat' dir='ltr'>species</span> <span class='ocrx_word' id='word_1_246' title='bbox 1026 3644 1245 3728; x_wconf 86' lang='lat' dir='ltr'>planetarum,</span> <span class='ocrx_word' id='word_1_247' title='bbox 1262 3652 1295 3707; x_wconf 94' lang='lat' dir='ltr'>et</span> <span class='ocrx_word' id='word_1_248' title='bbox 1310 3642 1397 3705; x_wconf 92' lang='lat' dir='ltr'>simi·</span> 
     </span>
     <span class='ocr_line' id='line_1_30' title="bbox 246 3743 1398 3827; baseline 0.001 -20"><span class='ocrx_word' id='word_1_249' title='bbox 246 3743 321 3808; x_wconf 93' lang='lat' dir='ltr'>liter</span> <span class='ocrx_word' id='word_1_250' title='bbox 346 3745 472 3827; x_wconf 87' lang='lat' dir='ltr'>species</span> <span class='ocrx_word' id='word_1_251' title='bbox 494 3747 584 3811; x_wconf 92' lang='lat' dir='ltr'>visus</span> <span class='ocrx_word' id='word_1_252' title='bbox 611 3747 803 3813; x_wconf 91' lang='lat' dir='ltr'>debilitatur</span> <span class='ocrx_word' id='word_1_253' title='bbox 829 3770 873 3812; x_wconf 88' lang='lat' dir='ltr'>ex</span> <span class='ocrx_word' id='word_1_254' title='bbox 899 3749 1067 3826; x_wconf 90' lang='lat' dir='ltr'>distantia,</span> <span class='ocrx_word' id='word_1_255' title='bbox 1089 3756 1123 3811; x_wconf 91' lang='lat' dir='ltr'>et</span> <span class='ocrx_word' id='word_1_256' title='bbox 1150 3747 1226 3812; x_wconf 90' lang='lat' dir='ltr'>ideo</span> <span class='ocrx_word' id='word_1_257' title='bbox 1252 3767 1318 3810; x_wconf 91' lang='lat' dir='ltr'>non</span> <span class='ocrx_word' id='word_1_258' title='bbox 1347 3755 1398 3808; x_wconf 91' lang='lat' dir='ltr'>est</span> 
     </span>
     <span class='ocr_line' id='line_1_31' title="bbox 245 3849 1398 3934; baseline 0.001 -23"><span class='ocrx_word' id='word_1_259' title='bbox 245 3857 360 3912; x_wconf 86' lang='lat' dir='ltr'>tantae</span> <span class='ocrx_word' id='word_1_260' title='bbox 386 3849 517 3914; x_wconf 92' lang='lat' dir='ltr'>virtutis</span> <span class='ocrx_word' id='word_1_261' title='bbox 548 3872 623 3916; x_wconf 91' lang='lat' dir='ltr'>cum</span> <span class='ocrx_word' id='word_1_262' title='bbox 647 3853 795 3934; x_wconf 90' lang='lat' dir='ltr'>pervenit</span> <span class='ocrx_word' id='word_1_263' title='bbox 817 3853 861 3917; x_wconf 91' lang='lat' dir='ltr'>ad</span> <span class='ocrx_word' id='word_1_264' title='bbox 884 3852 1013 3916; x_wconf 88' lang='lat' dir='ltr'>visibile</span> <span class='ocrx_word' id='word_1_265' title='bbox 1040 3849 1181 3914; x_wconf 90' lang='lat' dir='ltr'>multum</span> <span class='ocrx_word' id='word_1_266' title='bbox 1205 3851 1341 3924; x_wconf 90' lang='lat' dir='ltr'>distans,</span> <span class='ocrx_word' id='word_1_267' title='bbox 1363 3860 1398 3913; x_wconf 90' lang='lat' dir='ltr'>et</span> 
     </span>
     <span class='ocr_line' id='line_1_32' title="bbox 245 3951 1322 4039; baseline 0.003 -26"><span class='ocrx_word' id='word_1_268' title='bbox 245 3951 322 4015; x_wconf 92' lang='lat' dir='ltr'>ideo</span> <span class='ocrx_word' id='word_1_269' title='bbox 338 3964 477 4018; x_wconf 90' lang='lat' dir='ltr'>conatur</span> <span class='ocrx_word' id='word_1_270' title='bbox 491 3954 566 4038; x_wconf 90' lang='lat' dir='ltr'>plus</span> <span class='ocrx_word' id='word_1_271' title='bbox 582 3964 616 4018; x_wconf 90' lang='lat' dir='ltr'>et</span> <span class='ocrx_word' id='word_1_272' title='bbox 631 3957 751 4020; x_wconf 90' lang='lat' dir='ltr'>accidit</span> <span class='ocrx_word' id='word_1_273' title='bbox 766 3956 837 4039; x_wconf 90' lang='lat' dir='ltr'>ejus</span> <span class='ocrx_word' id='word_1_274' title='bbox 853 3955 1015 4020; x_wconf 91' lang='lat' dir='ltr'>involutio</span> <span class='ocrx_word' id='word_1_275' title='bbox 1029 3965 1063 4019; x_wconf 92' lang='lat' dir='ltr'>et</span> <span class='ocrx_word' id='word_1_276' title='bbox 1079 3965 1190 4020; x_wconf 91' lang='lat' dir='ltr'>motus</span> <span class='ocrx_word' id='word_1_277' title='bbox 1207 3955 1322 4036; x_wconf 91' lang='lat' dir='ltr'>major.</span> 
     </span>
     <span class='ocr_line' id='line_1_33' title="bbox 290 4055 1516 4142; baseline 0.001 -22"><span class='ocrx_word' id='word_1_278' title='bbox 290 4055 349 4121; x_wconf 78' lang='lat'>51²</span> <span class='ocrx_word' id='word_1_279' title='bbox 372 4058 555 4141; x_wconf 88' lang='lat' dir='ltr'>objiciatur,</span> <span class='ocrx_word' id='word_1_280' title='bbox 571 4062 661 4142; x_wconf 92' lang='lat' dir='ltr'>quod</span> <span class='ocrx_word' id='word_1_281' title='bbox 685 4061 771 4124; x_wconf 89' lang='lat' dir='ltr'>sicut</span> <span class='ocrx_word' id='word_1_282' title='bbox 793 4081 837 4124; x_wconf 88' lang='lat' dir='ltr'>ex</span> <span class='ocrx_word' id='word_1_283' title='bbox 861 4061 1020 4126; x_wconf 87' lang='lat' dir='ltr'>distantia</span> <span class='ocrx_word' id='word_1_284' title='bbox 1041 4059 1235 4124; x_wconf 88' lang='lat' dir='ltr'>debilitatur</span> <span class='ocrx_word' id='word_1_285' title='bbox 1249 4059 1346 4133; x_wconf 92' lang='lat' dir='ltr'>visus,</span> <span class='ocrx_word' id='word_1_286' title='bbox 1362 4070 1396 4121; x_wconf 90' lang='lat' dir='ltr'>et</span> <span class='ocrx_word' id='word_1_287' title='bbox 1410 4065 1516 4128; x_wconf 78' lang='lat' dir='ltr'>Densitv</span> 
     </span>
    </p>
   </div>
   <div class='ocr_carea' id='block_1_4' title="bbox 243 4131 1526 4246">
    <p class='ocr_par' dir='ltr' id='par_1_4' title="bbox 243 4131 1526 4246">
     <span class='ocr_line' id='line_1_34' title="bbox 243 4131 1526 4246; baseline 0.003 -24"><span class='ocrx_word' id='word_1_288' title='bbox 243 4159 359 4225; x_wconf 88' lang='lat' dir='ltr'>deficit</span> <span class='ocrx_word' id='word_1_289' title='bbox 379 4173 414 4226; x_wconf 92' lang='lat' dir='ltr'>et</span> <span class='ocrx_word' id='word_1_290' title='bbox 434 4173 573 4228; x_wconf 87' lang='lat' dir='ltr'>conatur</span> <span class='ocrx_word' id='word_1_291' title='bbox 587 4174 620 4228; x_wconf 92' lang='lat' dir='ltr'>et</span> <span class='ocrx_word' id='word_1_292' title='bbox 637 4164 824 4241; x_wconf 90' lang='lat' dir='ltr'>revolvitur,</span> <span class='ocrx_word' id='word_1_293' title='bbox 844 4165 892 4229; x_wconf 90' lang='lat' dir='ltr'>sic</span> <span class='ocrx_word' id='word_1_294' title='bbox 914 4185 958 4228; x_wconf 85' lang='lat' dir='ltr'>ex</span> <span class='ocrx_word' id='word_1_295' title='bbox 979 4162 1145 4227; x_wconf 90' lang='lat' dir='ltr'>densitate</span> <span class='ocrx_word' id='word_1_296' title='bbox 1167 4163 1268 4226; x_wconf 91' lang='lat' dir='ltr'>medii</span> <span class='ocrx_word' id='word_1_297' title='bbox 1283 4159 1395 4225; x_wconf 90' lang='lat' dir='ltr'>deficit</span> <span class='ocrx_word' id='word_1_298' title='bbox 1408 4131 1526 4246; x_wconf 47' lang='lat' dir='ltr'>{mm</span> 
     </span>
    </p>
   </div>
   <div class='ocr_carea' id='block_1_5' title="bbox 240 4329 1398 4791">
    <p class='ocr_par' dir='ltr' id='par_1_5' title="bbox 243 4329 1397 4552">
     <span class='ocr_line' id='line_1_35' title="bbox 278 4329 1397 4396; baseline 0 -16"><span class='ocrx_word' id='word_1_299' title='bbox 278 4329 287 4360; x_wconf 81' lang='lat'><strong>¹</strong></span> <span class='ocrx_word' id='word_1_300' title='bbox 304 4331 369 4382; x_wconf 83' lang='lat' dir='ltr'>This</span> <span class='ocrx_word' id='word_1_301' title='bbox 384 4341 511 4383; x_wconf 78' lang='lat' dir='ltr'>sentence</span> <span class='ocrx_word' id='word_1_302' title='bbox 525 4335 548 4383; x_wconf 84' lang='lat' dir='ltr'>is</span> <span class='ocrx_word' id='word_1_303' title='bbox 563 4334 763 4396; x_wconf 72' lang='lat' dir='ltr'>grammatically</span> <span class='ocrx_word' id='word_1_304' title='bbox 780 4334 946 4396; x_wconf 87' lang='lat' dir='ltr'>incomplete,</span> <span class='ocrx_word' id='word_1_305' title='bbox 958 4333 1003 4382; x_wconf 87' lang='lat' dir='ltr'>the</span> <span class='ocrx_word' id='word_1_306' title='bbox 1020 4332 1152 4382; x_wconf 80' lang='lat' dir='ltr'>inserence</span> <span class='ocrx_word' id='word_1_307' title='bbox 1168 4333 1248 4394; x_wconf 76' lang='lat' dir='ltr'>being</span> <span class='ocrx_word' id='word_1_308' title='bbox 1263 4331 1353 4379; x_wconf 80' lang='lat' dir='ltr'>drawn</span> <span class='ocrx_word' id='word_1_309' title='bbox 1370 4331 1397 4380; x_wconf 87' lang='lat' dir='ltr'>in</span> 
     </span>
     <span class='ocr_line' id='line_1_36' title="bbox 243 4409 1396 4473; baseline 0.001 -15"><span class='ocrx_word' id='word_1_310' title='bbox 243 4409 289 4458; x_wconf 83' lang='lat' dir='ltr'>the</span> <span class='ocrx_word' id='word_1_311' title='bbox 310 4417 373 4459; x_wconf 81' lang='lat' dir='ltr'>next</span> <span class='ocrx_word' id='word_1_312' title='bbox 390 4411 436 4460; x_wconf 88' lang='lat' dir='ltr'>but</span> <span class='ocrx_word' id='word_1_313' title='bbox 453 4427 513 4460; x_wconf 90' lang='lat' dir='ltr'>one.</span> <span class='ocrx_word' id='word_1_314' title='bbox 546 4411 604 4461; x_wconf 87' lang='lat' dir='ltr'>The</span> <span class='ocrx_word' id='word_1_315' title='bbox 620 4412 801 4462; x_wconf 80' lang='lat' dir='ltr'>intermediate</span> <span class='ocrx_word' id='word_1_316' title='bbox 816 4419 942 4463; x_wconf 81' lang='lat' dir='ltr'>sentence</span> <span class='ocrx_word' id='word_1_317' title='bbox 958 4412 982 4461; x_wconf 82' lang='lat' dir='ltr'>is</span> <span class='ocrx_word' id='word_1_318' title='bbox 997 4428 1013 4461; x_wconf 79' lang='lat' dir='ltr'>a</span> <span class='ocrx_word' id='word_1_319' title='bbox 1029 4411 1217 4473; x_wconf 78' lang='lat' dir='ltr'>parenthetieal</span> <span class='ocrx_word' id='word_1_320' title='bbox 1234 4409 1396 4459; x_wconf 76' lang='lat' dir='ltr'>illustration.</span> 
     </span>
     <span class='ocr_line' id='line_1_37' title="bbox 243 4487 790 4552; baseline 0.005 -16"><span class='ocrx_word' id='word_1_321' title='bbox 243 4487 302 4536; x_wconf 84' lang='lat' dir='ltr'>The</span> <span class='ocrx_word' id='word_1_322' title='bbox 318 4503 405 4552; x_wconf 79' lang='lat' dir='ltr'>sense,</span> <span class='ocrx_word' id='word_1_323' title='bbox 418 4489 551 4550; x_wconf 83' lang='lat' dir='ltr'>however,</span> <span class='ocrx_word' id='word_1_324' title='bbox 563 4490 586 4539; x_wconf 85' lang='lat' dir='ltr'>is</span> <span class='ocrx_word' id='word_1_325' title='bbox 597 4489 667 4539; x_wconf 77' lang='lat' dir='ltr'>clear</span> <span class='ocrx_word' id='word_1_326' title='bbox 678 4491 790 4552; x_wconf 77' lang='lat' dir='ltr'>enough.</span> 
     </span>
    </p>

    <p class='ocr_par' dir='ltr' id='par_1_6' title="bbox 240 4565 1398 4791">
     <span class='ocr_line' id='line_1_38' title="bbox 275 4565 1397 4631; baseline 0.002 -18"><span class='ocrx_word' id='word_1_327' title='bbox 275 4565 366 4616; x_wconf 77' lang='lat' dir='ltr'>&#39;This</span> <span class='ocrx_word' id='word_1_328' title='bbox 384 4567 411 4616; x_wconf 86' lang='lat' dir='ltr'>iu</span> <span class='ocrx_word' id='word_1_329' title='bbox 430 4567 464 4618; x_wconf 93' lang='lat' dir='ltr'>O.</span> <span class='ocrx_word' id='word_1_330' title='bbox 486 4567 577 4630; x_wconf 72' lang='lat' dir='ltr'>begins</span> <span class='ocrx_word' id='word_1_331' title='bbox 590 4583 606 4616; x_wconf 81' lang='grc' dir='ltr'>ι</span> <span class='ocrx_word' id='word_1_332' title='bbox 626 4583 686 4616; x_wconf 85' lang='lat' dir='ltr'>new</span> <span class='ocrx_word' id='word_1_333' title='bbox 703 4567 817 4631; x_wconf 75' lang='lat' dir='ltr'>chapter.</span> <span class='ocrx_word' id='word_1_334' title='bbox 855 4567 880 4616; x_wconf 90' lang='lat' dir='ltr'>lt</span> <span class='ocrx_word' id='word_1_335' title='bbox 891 4583 987 4628; x_wconf 80' lang='lat' dir='ltr'>seems,</span> <span class='ocrx_word' id='word_1_336' title='bbox 1000 4567 1131 4628; x_wconf 82' lang='lat' dir='ltr'>however,</span> <span class='ocrx_word' id='word_1_337' title='bbox 1145 4565 1239 4629; x_wconf 74' lang='lat' dir='ltr'>hardly</span> <span class='ocrx_word' id='word_1_338' title='bbox 1250 4580 1397 4627; x_wconf 75' lang='lat' dir='ltr'>necessary.</span> 
     </span>
     <span class='ocr_line' id='line_1_39' title="bbox 240 4647 1398 4713; baseline 0 -15"><span class='ocrx_word' id='word_1_339' title='bbox 240 4649 300 4698; x_wconf 77' lang='lat' dir='ltr'>‘l&#39;he</span> <span class='ocrx_word' id='word_1_340' title='bbox 311 4649 383 4698; x_wconf 73' lang='lat' dir='ltr'>usual</span> <span class='ocrx_word' id='word_1_341' title='bbox 396 4649 533 4700; x_wconf 84' lang='lat' dir='ltr'>dicendum</span> <span class='ocrx_word' id='word_1_342' title='bbox 541 4657 581 4701; x_wconf 77' lang='lat' dir='ltr'>eet</span> <span class='ocrx_word' id='word_1_343' title='bbox 592 4650 657 4700; x_wconf 76' lang='lat' dir='ltr'>does</span> <span class='ocrx_word' id='word_1_344' title='bbox 668 4657 714 4700; x_wconf 86' lang='lat' dir='ltr'>not</span> <span class='ocrx_word' id='word_1_345' title='bbox 720 4649 809 4699; x_wconf 80' lang='lat' dir='ltr'>follow</span> <span class='ocrx_word' id='word_1_346' title='bbox 815 4651 889 4700; x_wconf 87' lang='lat' dir='ltr'>here.</span> <span class='ocrx_word' id='word_1_347' title='bbox 924 4649 961 4699; x_wconf 84' lang='lat' dir='ltr'>lts</span> <span class='ocrx_word' id='word_1_348' title='bbox 970 4650 1045 4713; x_wconf 77' lang='lat' dir='ltr'>place</span> <span class='ocrx_word' id='word_1_349' title='bbox 1056 4649 1078 4698; x_wconf 87' lang='lat' dir='ltr'>is</span> <span class='ocrx_word' id='word_1_350' title='bbox 1090 4647 1168 4698; x_wconf 72' lang='lat' dir='ltr'>taken</span> <span class='ocrx_word' id='word_1_351' title='bbox 1179 4649 1215 4713; x_wconf 78' lang='lat' dir='ltr'>by</span> <span class='ocrx_word' id='word_1_352' title='bbox 1222 4649 1256 4698; x_wconf 81' lang='lat' dir='ltr'>Et</span> <span class='ocrx_word' id='word_1_353' title='bbox 1266 4648 1398 4698; x_wconf 83' lang='lat' dir='ltr'>Averroes</span> 
     </span>
     <span class='ocr_line' id='line_1_40' title="bbox 242 4727 393 4791; baseline 0 -14"><span class='ocrx_word' id='word_1_354' title='bbox 242 4727 393 4791; x_wconf 71' lang='lat' dir='ltr'>respondet.</span> 
     </span>
    </p>
   </div>
   <div class='ocr_carea' id='block_1_6' title="bbox 0 0 1776 5359">
    <p class='ocr_par' dir='ltr' id='par_1_7' title="bbox 0 0 1776 5359">
     <span class='ocr_line' id='line_1_41' title="bbox 0 0 1776 5359; baseline 0 2"><span class='ocrx_word' id='word_1_355' title='bbox 0 0 1776 5359; x_wconf 95' lang='lat' dir='ltr'> </span> 
     </span>
    </p>
   </div>
  </div>
 </body>
</html>
