3542 5359
364 614 692 673 PERSPECYIVAE
718 612 832 671 PARS
858 612 1020 670 PRIMA:
1053 613 1162 670 DIST.
1188 612 1231 671 II.
1347 627 1382 687 15

224 776 353 840 tunicas
392 776 550 853 nervalcs,
581 786 615 840 et
648 776 711 839 iste
744 796 864 839 nervus
896 776 943 839 sie
977 774 1182 856 compositus
1213 775 1305 837 vadit
1338 774 1381 837 ad

224 893 404 963 utrumque
427 880 570 957 oculum,
589 892 623 945 et
645 891 782 963 uterque
805 880 920 943 oculus
944 879 1046 943 habet
1066 879 1260 942 naturaliter
1281 878 1380 943 situm

223 984 427 1050 consimilem
443 995 590 1068 respectu
607 1005 784 1049 concursus
800 1005 914 1049 eorum
930 984 964 1046 in
980 982 1146 1059 foramine,
1160 993 1194 1046 et
1208 983 1380 1064 aequalem

223 1090 415 1155 distantiam
432 1089 476 1153 ab
491 1111 539 1165 eo,
557 1099 592 1152 ut
608 1088 744 1153 certius¹
761 1088 969 1171 compleatur
983 1089 1076 1150 visio.

652 1458 876 1567 errrunuu
902 1458 948 1524 11.

346 1649 399 1711 De
414 1650 534 1713 tunicis
548 1649 635 1713 oculi
650 1648 840 1730 compositis
856 1668 900 1713 ex
914 1646 1020 1713 trihus
1036 1650 1142 1713 nervis
1158 1648 1263 1713 dictis.

269 1855 398 1921 Oculus
432 1874 512 1938 ergo
547 1856 649 1919 habet
678 1866 745 1921 tres
774 1857 902 1921 tunicas
932 1877 991 1919 seu
1022 1856 1225 1941 panniculos,
1253 1867 1288 1920 et
1317 1868 1384 1921 tres
1397 1871 1451 1920 'she

224 1962 392 2038 humores,
408 1970 442 2024 et
461 1980 561 2024 unam
577 1959 678 2023 telam
698 1960 741 2024 ad
756 1962 894 2025 modum
907 1961 996 2025 telae
1016 1982 1166 2025 araneae.
1213 1962 1258 2024 Et
1278 1961 1384 2044 prima
1396 1936 1552 2063 ffffllf

224 2066 297 2146 ejus
313 2064 424 2129 tunica
440 2064 478 2127 fit
494 2086 537 2127 ex
553 2065 664 2129 tunica
680 2066 769 2128 nervi
785 2064 954 2141 interioris,
968 2087 1054 2149 quae
1068 2066 1158 2130 venit
1174 2086 1194 2127 a
1210 2066 1264 2147 pia
1280 2074 1385 2129 matre

225 2170 408 2233 secundum
425 2188 540 2231 omnes
556 2180 716 2242 auctores,
730 2178 764 2233 et
780 2169 981 2254 expanditur
997 2169 1041 2234 ab
1055 2169 1268 2233 extremitate
1284 2168 1384 2246 nervi,

224 2274 282 2335 ubi
306 2272 489 2354 ingreditur
510 2271 657 2336 foramen
681 2274 773 2351 ossiS,
797 2284 831 2338 et
853 2275 1052 2339 ramificatur
1074 2275 1117 2338 ad
1145 2275 1282 2337 modum
1307 2271 1385 2337 retis

224 2378 362 2441 concavi
383 2378 414 2441 in
434 2378 539 2461 prima
559 2388 654 2461 parte
676 2378 734 2453 sui,
751 2399 837 2461 quae
861 2379 937 2443 ideo
954 2390 1092 2443 vocatur
1111 2389 1181 2443 rete
1200 2378 1251 2442 vel
1272 2380 1384 2456 retina,

224 2482 409 2545 secundum
422 2480 630 2545 Avicennam
641 2484 741 2547 tertio
753 2483 835 2547 libro
853 2482 1037 2548 Medicinae
1053 2494 1088 2547 et
1100 2486 1280 2549 secundum
1294 2482 1383 2547 Con·

225 2586 421 2665 stantinum,
433 2586 559 2649 habens
573 2607 677 2650 venas
692 2598 726 2653 et
741 2588 877 2652 arterias
892 2599 927 2652 et
943 2609 1060 2651 nervos
1076 2586 1221 2652 subtiles.
1254 2588 1385 2651 Deinde

225 2708 304 2773 pars
320 2690 392 2771 ejus
410 2692 553 2755 secunda
571 2700 622 2755 est
636 2691 778 2775 spissior,
795 2703 832 2755 ut
847 2694 925 2757 dicit
941 2693 1120 2769 Avicenna,
1135 2703 1169 2755 et
1185 2693 1385 2774 expanditur

226 2795 398 2879 sphaerice
421 2797 590 2876 usquead
615 2796 759 2859 anterius
783 2797 870 2861 oculi
892 2797 1020 2861 habens
1046 2795 1193 2860 foramen
1214 2796 1247 2857 in
1274 2797 1385 2859 medio

227 2920 310 2963 suae
329 2900 501 2991 anterioris
515 2900 626 2983 partis,
642 2910 679 2963 ut
699 2902 825 2983 species
843 2901 925 2965 lucis
945 2912 978 2966 et
994 2899 1114 2964 coloris
1133 2909 1167 2962 et
1181 2911 1385 2964 caeterorum

225 3001 405 3066 visibilium
434 3003 567 3067 valeant
597 3006 794 3087 pertransire
824 3025 884 3087 per
914 3006 1059 3068 medium
1090 3003 1176 3067 oculi
1207 3024 1310 3086 usque
1341 3007 1384 3070 ad

227 3126 367 3170 nervum
393 3108 450 3188 qui
475 3107 564 3169 venit
590 3128 610 3171 a
635 3109 779 3173 cerebro.
824 3108 914 3172 Nam
942 3109 1005 3172 hoc
1032 3108 1179 3174 foramen
1209 3110 1388 3192 opponitur

226 3212 354 3274 directe
374 3210 579 3273 extremitati
603 3212 694 3275 nervi
714 3226 735 3274 a
757 3233 824 3295 qua
846 3214 1050 3297 expanditur
1069 3215 1186 3292 retina,
1201 3225 1235 3278 et
1259 3215 1334 3277 ideo
1355 3215 1388 3276 in

227 3316 291 3379 hac
325 3324 398 3378 tota
434 3316 545 3380 tunica
579 3316 658 3380 dicit
689 3314 841 3380 Alhacen
877 3337 950 3381 esse
985 3318 1053 3382 duo
1088 3318 1255 3393 foramina,
1288 3340 1387 3381 unum

227 3420 386 3497 anterius,
401 3429 435 3482 et
456 3420 544 3483 aliud
561 3420 723 3503 posterius
743 3423 835 3503 quod
853 3432 904 3485 est
920 3423 1008 3485 nervi
1029 3424 1164 3487 concavi
1185 3423 1388 3486 extremitas.

230 3522 276 3586 Et
300 3524 385 3586 haec
408 3542 485 3605 pars
507 3522 579 3605 ejus
601 3526 745 3589 secunda
764 3534 902 3588 vocatur
922 3545 1015 3603 uvea,
1030 3528 1186 3608 quoniam
1209 3537 1259 3590 est
1277 3526 1389 3588 similis

228 3646 345 3702 ureae,
362 3646 403 3689 eo
425 3626 515 3709 quod
540 3627 680 3691 dimittit
699 3629 732 3690 in
754 3629 912 3694 anteriori
933 3639 1027 3713 parte
1049 3650 1109 3693 sua
1128 3631 1286 3705 foramen,
1304 3632 1389 3695 sicut

229 3730 428 3812 relinquitur
452 3731 485 3793 in
513 3751 576 3794 uva
602 3732 738 3813 quando
765 3743 955 3798 removetur
980 3735 1227 3818 suspensorium
1252 3734 1333 3816 ejus,
1353 3746 1390 3798 ut

229 3836 310 3898 dicit
326 3834 499 3899 Avicenna
513 3834 611 3899 tertio
626 3834 711 3898 libro
732 3832 925 3901 Medicinae
973 3836 1019 3902 Et
1034 3858 1055 3902 a
1069 3838 1182 3902 tunica
1198 3839 1288 3901 nervi
1303 3858 1390 3920 quae

228 3942 319 4003 venit
336 3959 356 4001 a
376 3940 459 4003 dura
479 3948 594 4015 matre,
608 3940 790 4005 secundum
811 3961 929 4005 omnes
951 3942 1155 4025 expanditur
1169 3942 1281 4005 tunica
1302 3943 1390 4006 oculi

229 4044 386 4119 secunda,
400 4064 487 4127 quae
501 4043 603 4109 habet
615 4046 697 4109 duas
711 4058 834 4130 partes.
866 4047 955 4110 Nam
970 4048 1077 4129 prima
1089 4068 1165 4131 pars
1180 4050 1391 4131 componitur

230 4170 274 4212 ex
297 4149 392 4212 venis
414 4156 448 4211 et
471 4148 579 4211 nervis
602 4160 635 4214 et
657 4152 793 4225 arteriis,
814 4160 847 4215 et
869 4161 1008 4215 vocatur
1030 4151 1218 4223 secundina,
1237 4153 1316 4234 quia
1339 4162 1390 4215 est

231 4254 345 4317 similis
374 4253 595 4330 secundinae;
630 4264 665 4317 et
694 4256 841 4319 secunda
871 4276 948 4337 pars
979 4257 1182 4339 expanditur
1211 4276 1317 4337 usque
1346 4258 1390 4319 ad

233 4358 380 4421 anterius
410 4357 508 4433 oculi,
534 4366 568 4421 et
598 4358 641 4421 ibi
670 4370 810 4441 apparet
840 4358 913 4441 ejus
941 4380 1019 4443 pars
1050 4359 1237 4434 manifesta,
1267 4358 1391 4423 scilicet

234 4464 343 4545 portio
358 4460 533 4544 cujusdam
550 4462 720 4545 sphaerae,
736 4484 821 4546 quae
836 4465 1012 4529 circulatur
1026 4484 1126 4547 super
1141 4464 1389 4527 extremitatem

267 4650 276 4679 ¹
292 4651 405 4715 certius,
424 4650 468 4700 the
480 4650 587 4713 reading
598 4650 628 4699 of
636 4651 681 4701 the
694 4652 768 4703 Harl.
784 4652 859 4702 MSS.
873 4653 896 4701 is
907 4655 992 4702 better
1002 4655 1065 4703 than
1077 4652 1161 4712 citius,
1170 4664 1200 4699 es
1211 4649 1287 4711 given
1300 4652 1325 4700 in
1337 4652 1364 4713 J.
