<?xml version="1.0" encoding="UTF-8"?>
<!DOCTYPE html PUBLIC "-//W3C//DTD XHTML 1.0 Transitional//EN"
    "http://www.w3.org/TR/xhtml1/DTD/xhtml1-transitional.dtd">
<html xmlns="http://www.w3.org/1999/xhtml" xml:lang="en" lang="en">
 <head>
  <title>
</title>
<meta http-equiv="Content-Type" content="text/html;charset=utf-8" />
  <meta name='ocr-system' content='tesseract 3.04.00' />
  <meta name='ocr-capabilities' content='ocr_page ocr_carea ocr_par ocr_line ocrx_word'/>
</head>
<body>
  <div class='ocr_page' id='page_1' title='image "./opusmajusrogerb02bridgoog_0169.png"; bbox 0 0 3542 5359; ppageno 0'>
   <div class='ocr_carea' id='block_1_1' title="bbox 353 609 1275 693">
    <p class='ocr_par' dir='ltr' id='par_1_1' title="bbox 353 609 1275 693">
     <span class='ocr_line' id='line_1_1' title="bbox 353 609 1275 693; baseline -0.004 -21"><span class='ocrx_word' id='word_1_1' title='bbox 353 629 412 693; x_wconf 86' lang='lat'>150</span> <span class='ocrx_word' id='word_1_2' title='bbox 573 615 728 675; x_wconf 87' lang='lat' dir='ltr'><em>OPERIS</em></span> <span class='ocrx_word' id='word_1_3' title='bbox 751 612 940 682; x_wconf 85' lang='lat' dir='ltr'><em>MAJORIS</em></span> <span class='ocrx_word' id='word_1_4' title='bbox 963 612 1078 670; x_wconf 84' lang='lat' dir='ltr'><em>PARS</em></span> <span class='ocrx_word' id='word_1_5' title='bbox 1104 609 1275 684; x_wconf 85' lang='lat' dir='ltr'><em>QUINTA.</em></span> 
     </span>
    </p>
   </div>
   <div class='ocr_carea' id='block_1_2' title="bbox 553 984 1300 1260">
    <p class='ocr_par' dir='ltr' id='par_1_2' title="bbox 553 984 1300 1260">
     <span class='ocr_line' id='line_1_2' title="bbox 778 984 1093 1052; baseline -0.013 0"><span class='ocrx_word' id='word_1_6' title='bbox 778 985 1005 1052; x_wconf 70' lang='lat' dir='ltr'>Carnutum</span> <span class='ocrx_word' id='word_1_7' title='bbox 1029 984 1093 1049; x_wconf 92' lang='lat'>111.</span> 
     </span>
     <span class='ocr_line' id='line_1_3' title="bbox 553 1175 1300 1260; baseline -0.005 -18"><span class='ocrx_word' id='word_1_8' title='bbox 553 1177 606 1242; x_wconf 90' lang='lat' dir='ltr'>De</span> <span class='ocrx_word' id='word_1_9' title='bbox 621 1177 810 1242; x_wconf 86' lang='lat' dir='ltr'>diversitate</span> <span class='ocrx_word' id='word_1_10' title='bbox 825 1176 888 1240; x_wconf 91' lang='lat' dir='ltr'>loci</span> <span class='ocrx_word' id='word_1_11' title='bbox 903 1175 1053 1258; x_wconf 85' lang='lat' dir='ltr'>imaginis</span> <span class='ocrx_word' id='word_1_12' title='bbox 1067 1177 1100 1239; x_wconf 91' lang='lat' dir='ltr'>in</span> <span class='ocrx_word' id='word_1_13' title='bbox 1115 1175 1300 1260; x_wconf 82' lang='lat' dir='ltr'>sphaericis</span> 
     </span>
    </p>
   </div>
   <div class='ocr_carea' id='block_1_3' title="bbox 180 1363 1508 1966">
    <p class='ocr_par' dir='ltr' id='par_1_3' title="bbox 180 1363 1508 1966">
     <span class='ocr_line' id='line_1_4' title="bbox 181 1363 1505 1456; baseline -0.001 -26"><span class='ocrx_word' id='word_1_14' title='bbox 181 1379 323 1456; x_wconf 72' lang='lat' dir='ltr'>Refraetion</span> <span class='ocrx_word' id='word_1_15' title='bbox 394 1365 431 1432; x_wconf 90' lang='lat' dir='ltr'>Si</span> <span class='ocrx_word' id='word_1_16' title='bbox 454 1387 532 1432; x_wconf 89' lang='lat' dir='ltr'>vero</span> <span class='ocrx_word' id='word_1_17' title='bbox 554 1387 621 1431; x_wconf 89' lang='lat' dir='ltr'>non</span> <span class='ocrx_word' id='word_1_18' title='bbox 647 1365 713 1431; x_wconf 91' lang='lat' dir='ltr'>sint</span> <span class='ocrx_word' id='word_1_19' title='bbox 740 1386 879 1448; x_wconf 86' lang='lat' dir='ltr'>corpora</span> <span class='ocrx_word' id='word_1_20' title='bbox 902 1363 1002 1449; x_wconf 90' lang='lat' dir='ltr'>plana</span> <span class='ocrx_word' id='word_1_21' title='bbox 1026 1386 1085 1449; x_wconf 90' lang='lat' dir='ltr'>per</span> <span class='ocrx_word' id='word_1_22' title='bbox 1108 1387 1195 1449; x_wconf 91' lang='lat' dir='ltr'>quae</span> <span class='ocrx_word' id='word_1_23' title='bbox 1217 1366 1305 1430; x_wconf 92' lang='lat' dir='ltr'>visus</span> <span class='ocrx_word' id='word_1_24' title='bbox 1328 1365 1420 1429; x_wconf 90' lang='lat' dir='ltr'>videt</span> <span class='ocrx_word' id='word_1_25' title='bbox 1446 1366 1505 1429; x_wconf 94' lang='lat' dir='ltr'>sed</span> 
     </span>
     <span class='ocr_line' id='line_1_5' title="bbox 180 1444 1507 1562; baseline -0.002 -25"><span class='ocrx_word' id='word_1_26' title='bbox 180 1454 228 1562; x_wconf 48' lang='grc' dir='ltr'>ἷζε</span> <span class='ocrx_word' id='word_1_27' title='bbox 245 1444 338 1562; x_wconf 50' lang='grc' dir='ltr'>’ἔξω</span> <span class='ocrx_word' id='word_1_28' title='bbox 350 1471 532 1556; x_wconf 87' lang='lat' dir='ltr'>sphaerica,</span> <span class='ocrx_word' id='word_1_29' title='bbox 554 1482 634 1535; x_wconf 91' lang='lat' dir='ltr'>tunc</span> <span class='ocrx_word' id='word_1_30' title='bbox 664 1480 715 1536; x_wconf 92' lang='lat' dir='ltr'>est</span> <span class='ocrx_word' id='word_1_31' title='bbox 743 1491 866 1554; x_wconf 88' lang='lat' dir='ltr'>magna</span> <span class='ocrx_word' id='word_1_32' title='bbox 896 1470 1076 1536; x_wconf 87' lang='lat' dir='ltr'>diversitas.</span> <span class='ocrx_word' id='word_1_33' title='bbox 1122 1470 1211 1534; x_wconf 92' lang='lat' dir='ltr'>Nam</span> <span class='ocrx_word' id='word_1_34' title='bbox 1237 1470 1290 1534; x_wconf 92' lang='lat' dir='ltr'>vel</span> <span class='ocrx_word' id='word_1_35' title='bbox 1317 1471 1507 1536; x_wconf 81' lang='lat' dir='ltr'>concavitas</span> 
     </span>
     <span class='ocr_line' id='line_1_6' title="bbox 351 1573 1506 1660; baseline -0.002 -20"><span class='ocrx_word' id='word_1_36' title='bbox 351 1575 496 1660; x_wconf 91' lang='lat' dir='ltr'>corporis</span> <span class='ocrx_word' id='word_1_37' title='bbox 511 1587 563 1640; x_wconf 91' lang='lat' dir='ltr'>est</span> <span class='ocrx_word' id='word_1_38' title='bbox 576 1596 690 1640; x_wconf 91' lang='lat' dir='ltr'>versus</span> <span class='ocrx_word' id='word_1_39' title='bbox 706 1575 838 1640; x_wconf 86' lang='lat' dir='ltr'>oculum</span> <span class='ocrx_word' id='word_1_40' title='bbox 854 1573 908 1639; x_wconf 86' lang='lat' dir='ltr'>vel</span> <span class='ocrx_word' id='word_1_41' title='bbox 922 1575 1125 1640; x_wconf 85' lang='lat' dir='ltr'>convexitas.</span> <span class='ocrx_word' id='word_1_42' title='bbox 1171 1574 1208 1640; x_wconf 87' lang='lat' dir='ltr'>Si</span> <span class='ocrx_word' id='word_1_43' title='bbox 1223 1574 1412 1640; x_wconf 86' lang='lat' dir='ltr'>concavitas</span> <span class='ocrx_word' id='word_1_44' title='bbox 1428 1582 1506 1638; x_wconf 91' lang='lat' dir='ltr'>tunc</span> 
     </span>
     <span class='ocr_line' id='line_1_7' title="bbox 351 1678 1508 1762; baseline -0.003 -18"><span class='ocrx_word' id='word_1_45' title='bbox 351 1689 403 1744; x_wconf 87' lang='lat' dir='ltr'>est</span> <span class='ocrx_word' id='word_1_46' title='bbox 424 1690 569 1762; x_wconf 88' lang='lat' dir='ltr'>quatuor</span> <span class='ocrx_word' id='word_1_47' title='bbox 588 1681 705 1744; x_wconf 90' lang='lat' dir='ltr'>modis.</span> <span class='ocrx_word' id='word_1_48' title='bbox 751 1680 841 1743; x_wconf 85' lang='lat' dir='ltr'>Nam</span> <span class='ocrx_word' id='word_1_49' title='bbox 864 1680 997 1743; x_wconf 94' lang='lat' dir='ltr'>duobus</span> <span class='ocrx_word' id='word_1_50' title='bbox 1019 1678 1127 1743; x_wconf 92' lang='lat' dir='ltr'>modis</span> <span class='ocrx_word' id='word_1_51' title='bbox 1150 1689 1210 1754; x_wconf 87' lang='lat' dir='ltr'>est,</span> <span class='ocrx_word' id='word_1_52' title='bbox 1225 1679 1252 1742; x_wconf 89' lang='lat' dir='ltr'>si</span> <span class='ocrx_word' id='word_1_53' title='bbox 1273 1678 1388 1744; x_wconf 84' lang='lat' dir='ltr'>oculus</span> <span class='ocrx_word' id='word_1_54' title='bbox 1409 1679 1452 1742; x_wconf 91' lang='lat' dir='ltr'>sit</span> <span class='ocrx_word' id='word_1_55' title='bbox 1474 1678 1508 1742; x_wconf 92' lang='lat' dir='ltr'>in</span> 
     </span>
     <span class='ocr_line' id='line_1_8' title="bbox 350 1782 1508 1865; baseline -0.003 -15"><span class='ocrx_word' id='word_1_56' title='bbox 350 1783 512 1850; x_wconf 84' lang='lat' dir='ltr'>subtiliori</span> <span class='ocrx_word' id='word_1_57' title='bbox 542 1784 663 1861; x_wconf 68' lang='lat' dir='ltr'>medio²</span> <span class='ocrx_word' id='word_1_58' title='bbox 686 1793 721 1848; x_wconf 88' lang='lat' dir='ltr'>et</span> <span class='ocrx_word' id='word_1_59' title='bbox 747 1783 879 1849; x_wconf 90' lang='lat' dir='ltr'>duobus</span> <span class='ocrx_word' id='word_1_60' title='bbox 910 1785 1018 1848; x_wconf 89' lang='lat' dir='ltr'>modis</span> <span class='ocrx_word' id='word_1_61' title='bbox 1047 1784 1075 1846; x_wconf 95' lang='lat' dir='ltr'>si</span> <span class='ocrx_word' id='word_1_62' title='bbox 1101 1784 1135 1847; x_wconf 90' lang='lat' dir='ltr'>in</span> <span class='ocrx_word' id='word_1_63' title='bbox 1165 1783 1315 1848; x_wconf 84' lang='lat' dir='ltr'>densiori.</span> <span class='ocrx_word' id='word_1_64' title='bbox 1362 1782 1397 1848; x_wconf 92' lang='lat' dir='ltr'>Si</span> <span class='ocrx_word' id='word_1_65' title='bbox 1428 1802 1508 1865; x_wconf 87' lang='lat' dir='ltr'>ergo</span> 
     </span>
     <span class='ocr_line' id='line_1_9' title="bbox 352 1886 1508 1966; baseline -0.003 -13"><span class='ocrx_word' id='word_1_66' title='bbox 352 1887 466 1953; x_wconf 90' lang='lat' dir='ltr'>oculus</span> <span class='ocrx_word' id='word_1_67' title='bbox 490 1889 532 1953; x_wconf 92' lang='lat' dir='ltr'>sit</span> <span class='ocrx_word' id='word_1_68' title='bbox 555 1889 589 1952; x_wconf 90' lang='lat' dir='ltr'>in</span> <span class='ocrx_word' id='word_1_69' title='bbox 614 1888 723 1953; x_wconf 89' lang='lat' dir='ltr'>medio</span> <span class='ocrx_word' id='word_1_70' title='bbox 747 1886 921 1966; x_wconf 87' lang='lat' dir='ltr'>subtiliori,</span> <span class='ocrx_word' id='word_1_71' title='bbox 940 1898 975 1953; x_wconf 91' lang='lat' dir='ltr'>et</span> <span class='ocrx_word' id='word_1_72' title='bbox 997 1889 1186 1953; x_wconf 86' lang='lat' dir='ltr'>concavitas</span> <span class='ocrx_word' id='word_1_73' title='bbox 1210 1887 1307 1952; x_wconf 87' lang='lat' dir='ltr'>medii</span> <span class='ocrx_word' id='word_1_74' title='bbox 1329 1887 1372 1951; x_wconf 91' lang='lat' dir='ltr'>sit</span> <span class='ocrx_word' id='word_1_75' title='bbox 1393 1905 1508 1951; x_wconf 90' lang='lat' dir='ltr'>versus</span> 
     </span>
    </p>
   </div>
   <div class='ocr_carea' id='block_1_4' title="bbox 1186 3876 1300 3928">
    <p class='ocr_par' dir='ltr' id='par_1_4' title="bbox 1186 3876 1300 3928">
     <span class='ocr_line' id='line_1_10' title="bbox 1186 3876 1300 3928; baseline 0.009 -2"><span class='ocrx_word' id='word_1_76' title='bbox 1186 3877 1249 3927; x_wconf 79' lang='lat' dir='ltr'>Fro.</span> <span class='ocrx_word' id='word_1_77' title='bbox 1261 3876 1300 3928; x_wconf 82' lang='lat'>⁶2.</span> 
     </span>
    </p>
   </div>
   <div class='ocr_carea' id='block_1_5' title="bbox 351 4004 1511 4721">
    <p class='ocr_par' dir='ltr' id='par_1_5' title="bbox 351 4004 1511 4721">
     <span class='ocr_line' id='line_1_11' title="bbox 351 4004 1509 4090; baseline 0.004 -19"><span class='ocrx_word' id='word_1_78' title='bbox 351 4004 496 4084; x_wconf 91' lang='lat' dir='ltr'>oculum,</span> <span class='ocrx_word' id='word_1_79' title='bbox 511 4016 624 4090; x_wconf 88' lang='lat' dir='ltr'>potest</span> <span class='ocrx_word' id='word_1_80' title='bbox 645 4009 761 4073; x_wconf 91' lang='lat' dir='ltr'>oculus</span> <span class='ocrx_word' id='word_1_81' title='bbox 782 4030 854 4075; x_wconf 89' lang='lat' dir='ltr'>esse</span> <span class='ocrx_word' id='word_1_82' title='bbox 870 4011 956 4075; x_wconf 85' lang='lat' dir='ltr'>inter</span> <span class='ocrx_word' id='word_1_83' title='bbox 974 4021 1123 4076; x_wconf 83' lang='lat' dir='ltr'>centrum</span> <span class='ocrx_word' id='word_1_84' title='bbox 1145 4013 1242 4078; x_wconf 88' lang='lat' dir='ltr'>medii</span> <span class='ocrx_word' id='word_1_85' title='bbox 1257 4024 1292 4078; x_wconf 91' lang='lat' dir='ltr'>et</span> <span class='ocrx_word' id='word_1_86' title='bbox 1307 4035 1378 4078; x_wconf 92' lang='lat' dir='ltr'>rem</span> <span class='ocrx_word' id='word_1_87' title='bbox 1394 4012 1509 4088; x_wconf 91' lang='lat' dir='ltr'>visam,</span> 
     </span>
     <span class='ocr_line' id='line_1_12' title="bbox 351 4111 1509 4182; baseline 0.006 -9"><span class='ocrx_word' id='word_1_88' title='bbox 351 4120 410 4174; x_wconf 87' lang='lat' dir='ltr'>aut</span> <span class='ocrx_word' id='word_1_89' title='bbox 425 4118 573 4175; x_wconf 88' lang='lat' dir='ltr'>centrum</span> <span class='ocrx_word' id='word_1_90' title='bbox 586 4111 671 4176; x_wconf 85' lang='lat' dir='ltr'>inter</span> <span class='ocrx_word' id='word_1_91' title='bbox 686 4113 820 4178; x_wconf 82' lang='lat' dir='ltr'>oculum</span> <span class='ocrx_word' id='word_1_92' title='bbox 837 4125 871 4180; x_wconf 85' lang='lat' dir='ltr'>et</span> <span class='ocrx_word' id='word_1_93' title='bbox 886 4136 954 4179; x_wconf 92' lang='lat' dir='ltr'>rem</span> <span class='ocrx_word' id='word_1_94' title='bbox 967 4117 1084 4180; x_wconf 90' lang='lat' dir='ltr'>visam.</span> <span class='ocrx_word' id='word_1_95' title='bbox 1121 4117 1167 4181; x_wconf 88' lang='lat' dir='ltr'>Et</span> <span class='ocrx_word' id='word_1_96' title='bbox 1183 4138 1250 4181; x_wconf 90' lang='lat' dir='ltr'>non</span> <span class='ocrx_word' id='word_1_97' title='bbox 1263 4115 1323 4182; x_wconf 87' lang='lat' dir='ltr'>fiat</span> <span class='ocrx_word' id='word_1_98' title='bbox 1335 4117 1388 4181; x_wconf 92' lang='lat' dir='ltr'>hic</span> <span class='ocrx_word' id='word_1_99' title='bbox 1401 4118 1451 4181; x_wconf 90' lang='lat' dir='ltr'>vis</span> <span class='ocrx_word' id='word_1_100' title='bbox 1466 4117 1509 4180; x_wconf 89' lang='lat' dir='ltr'>de</span> 
     </span>
     <span class='ocr_line' id='line_1_13' title="bbox 351 4215 1508 4304; baseline 0.005 -26"><span class='ocrx_word' id='word_1_101' title='bbox 351 4224 465 4280; x_wconf 91' lang='lat' dir='ltr'>centro</span> <span class='ocrx_word' id='word_1_102' title='bbox 488 4215 587 4280; x_wconf 92' lang='lat' dir='ltr'>medii</span> <span class='ocrx_word' id='word_1_103' title='bbox 611 4217 769 4282; x_wconf 87' lang='lat' dir='ltr'>densioris</span> <span class='ocrx_word' id='word_1_104' title='bbox 791 4220 843 4283; x_wconf 93' lang='lat' dir='ltr'>vel</span> <span class='ocrx_word' id='word_1_105' title='bbox 867 4219 1056 4297; x_wconf 85' lang='lat' dir='ltr'>subtilioris,</span> <span class='ocrx_word' id='word_1_106' title='bbox 1075 4221 1154 4304; x_wconf 89' lang='lat' dir='ltr'>quia</span> <span class='ocrx_word' id='word_1_107' title='bbox 1176 4222 1263 4285; x_wconf 88' lang='lat' dir='ltr'>idem</span> <span class='ocrx_word' id='word_1_108' title='bbox 1286 4232 1337 4286; x_wconf 89' lang='lat' dir='ltr'>est</span> <span class='ocrx_word' id='word_1_109' title='bbox 1359 4232 1508 4286; x_wconf 86' lang='lat' dir='ltr'>centrum</span> 
     </span>
     <span class='ocr_line' id='line_1_14' title="bbox 352 4317 1509 4408; baseline 0.008 -29"><span class='ocrx_word' id='word_1_110' title='bbox 352 4317 532 4400; x_wconf 89' lang='lat' dir='ltr'>utriusque,</span> <span class='ocrx_word' id='word_1_111' title='bbox 544 4330 578 4384; x_wconf 90' lang='lat' dir='ltr'>et</span> <span class='ocrx_word' id='word_1_112' title='bbox 594 4323 783 4387; x_wconf 89' lang='lat' dir='ltr'>concavitas</span> <span class='ocrx_word' id='word_1_113' title='bbox 799 4325 969 4407; x_wconf 89' lang='lat' dir='ltr'>utriusque</span> <span class='ocrx_word' id='word_1_114' title='bbox 983 4335 1034 4389; x_wconf 89' lang='lat' dir='ltr'>est</span> <span class='ocrx_word' id='word_1_115' title='bbox 1045 4346 1157 4390; x_wconf 87' lang='lat' dir='ltr'>versus</span> <span class='ocrx_word' id='word_1_116' title='bbox 1173 4326 1316 4403; x_wconf 84' lang='lat' dir='ltr'>oculum,</span> <span class='ocrx_word' id='word_1_117' title='bbox 1328 4326 1406 4408; x_wconf 85' lang='lat' dir='ltr'>quia</span> <span class='ocrx_word' id='word_1_118' title='bbox 1421 4325 1509 4388; x_wconf 89' lang='lat' dir='ltr'>idem</span> 
     </span>
     <span class='ocr_line' id='line_1_15' title="bbox 352 4425 1511 4511; baseline 0.009 -29"><span class='ocrx_word' id='word_1_119' title='bbox 352 4431 403 4485; x_wconf 92' lang='lat' dir='ltr'>est</span> <span class='ocrx_word' id='word_1_120' title='bbox 426 4432 578 4486; x_wconf 85' lang='lat' dir='ltr'>centrum</span> <span class='ocrx_word' id='word_1_121' title='bbox 604 4425 765 4506; x_wconf 87' lang='lat' dir='ltr'>sphaerici</span> <span class='ocrx_word' id='word_1_122' title='bbox 790 4429 989 4492; x_wconf 91' lang='lat' dir='ltr'>continentis</span> <span class='ocrx_word' id='word_1_123' title='bbox 1015 4438 1050 4494; x_wconf 85' lang='lat' dir='ltr'>et</span> <span class='ocrx_word' id='word_1_124' title='bbox 1075 4431 1231 4494; x_wconf 88' lang='lat' dir='ltr'>contenti.</span> <span class='ocrx_word' id='word_1_125' title='bbox 1277 4430 1403 4493; x_wconf 88' lang='lat' dir='ltr'>Ponam</span> <span class='ocrx_word' id='word_1_126' title='bbox 1430 4449 1511 4511; x_wconf 85' lang='lat' dir='ltr'>ergo</span> 
     </span>
     <span class='ocr_line' id='line_1_16' title="bbox 352 4523 1510 4617; baseline 0.011 -33"><span class='ocrx_word' id='word_1_127' title='bbox 352 4523 461 4605; x_wconf 89' lang='lat' dir='ltr'>primo</span> <span class='ocrx_word' id='word_1_128' title='bbox 487 4546 605 4590; x_wconf 89' lang='lat' dir='ltr'>omnes</span> <span class='ocrx_word' id='word_1_129' title='bbox 630 4529 712 4594; x_wconf 90' lang='lat' dir='ltr'>istos</span> <span class='ocrx_word' id='word_1_130' title='bbox 739 4530 870 4608; x_wconf 89' lang='lat' dir='ltr'>modos,</span> <span class='ocrx_word' id='word_1_131' title='bbox 894 4532 1015 4598; x_wconf 92' lang='lat' dir='ltr'>deinde</span> <span class='ocrx_word' id='word_1_132' title='bbox 1040 4533 1298 4617; x_wconf 88' lang='lat' dir='ltr'>exemplificabo</span> <span class='ocrx_word' id='word_1_133' title='bbox 1321 4533 1355 4595; x_wconf 92' lang='lat' dir='ltr'>in</span> <span class='ocrx_word' id='word_1_134' title='bbox 1377 4533 1510 4617; x_wconf 79' lang='lat' dir='ltr'>figuris3</span> 
     </span>
     <span class='ocr_line' id='line_1_17' title="bbox 352 4628 1510 4721; baseline 0.011 -32"><span class='ocrx_word' id='word_1_135' title='bbox 352 4646 429 4690; x_wconf 90' lang='lat' dir='ltr'>nam</span> <span class='ocrx_word' id='word_1_136' title='bbox 450 4628 497 4692; x_wconf 89' lang='lat' dir='ltr'>sic</span> <span class='ocrx_word' id='word_1_137' title='bbox 517 4641 652 4711; x_wconf 88' lang='lat' dir='ltr'>oportet</span> <span class='ocrx_word' id='word_1_138' title='bbox 667 4632 738 4698; x_wconf 87' lang='lat' dir='ltr'>fieri</span> <span class='ocrx_word' id='word_1_139' title='bbox 754 4645 891 4718; x_wconf 87' lang='lat' dir='ltr'>propter</span> <span class='ocrx_word' id='word_1_140' title='bbox 905 4657 1069 4701; x_wconf 88' lang='lat' dir='ltr'>canonum</span> <span class='ocrx_word' id='word_1_141' title='bbox 1090 4638 1296 4720; x_wconf 88' lang='lat' dir='ltr'>singulorum</span> <span class='ocrx_word' id='word_1_142' title='bbox 1311 4639 1510 4721; x_wconf 89' lang='lat' dir='ltr'>parvitatem</span> 
     </span>
    </p>
   </div>
   <div class='ocr_carea' id='block_1_6' title="bbox 0 0 1790 5359">
    <p class='ocr_par' dir='ltr' id='par_1_6' title="bbox 0 0 1790 5359">
     <span class='ocr_line' id='line_1_18' title="bbox 0 0 1790 5359; baseline 0 0"><span class='ocrx_word' id='word_1_143' title='bbox 0 0 1790 5359; x_wconf 95' lang='lat' dir='ltr'> </span> 
     </span>
    </p>
   </div>
  </div>
 </body>
</html>
