3542 5359
547 137 671 144 ,ὴ-
686 137 789 144 rv-
799 137 2034 145 m—-q--w-q———w—-v

839 615 1494 676 PERSPECTIVAE
1540 619 1770 679 PARS
1828 619 2180 678 TERTIA:
2232 622 2451 681 DIST.
2505 622 2589 681 II.
2752 639 2866 699 147

563 784 757 841 extra
818 780 1238 862 pyramidem
1294 780 1635 859 visualem,
1689 782 1805 864 qui
1866 801 1999 846 non
2059 783 2242 848 cadit
2302 805 2497 867 super
2553 806 2864 853 corneam

558 883 1206 965 perpendiculariter,
1251 904 1370 948 nec
1431 886 1796 969 ingreditur
1852 886 2150 952 foramen
2213 909 2434 966 uveae,
2482 901 2600 956 aut
2659 891 2714 954 si
2768 891 2865 954 in-

557 986 942 1068 grederetur
992 1009 1126 1053 non
1177 990 1303 1053 iret
1353 990 1440 1054 ad
1490 991 1860 1075 glacialem,
1904 993 2021 1056 sed
2076 993 2380 1057 transiret
2432 995 2606 1059 ultra
2657 1017 2865 1079 usque

561 1090 647 1153 ad
678 1091 853 1154 latus
884 1091 1076 1172 oculi,
1107 1093 1277 1158 sicut
1312 1094 1397 1157 ad
1440 1093 1473 1157 l
1509 1107 1857 1177 punctum.

560 1192 765 1278 Erg0,
793 1216 946 1260 cum
976 1196 1185 1261 virtus
1216 1197 1421 1261 visiva
1454 1218 1586 1262 non
1615 1199 1703 1262 sit
1732 1199 1858 1262 nisi

559 1298 626 1361 in
687 1298 968 1381 glaciali,
1028 1321 1160 1364 non
1233 1300 1567 1366 videbitur
1631 1313 1678 1384 p
1737 1324 1854 1386 per

557 1402 819 1467 radium
869 1403 1002 1486 pl3
1066 1406 1182 1469 sed
1237 1405 1393 1487 quia
1444 1427 1683 1470 cornea
1754 1417 1859 1472 est

558 1507 824 1571 densior
845 1530 1015 1586 aere,
1033 1519 1103 1574 et
1116 1520 1171 1592 p
1189 1532 1234 1572 n
1269 1510 1490 1574 radius
1512 1531 1644 1574 non
1674 1511 1857 1576 cadit

556 1613 1188 1694 perpendiculariter
1261 1635 1458 1697 super
1529 1635 1855 1690 corneam,

557 1715 710 1779 licet
756 1718 951 1781 cadat
996 1718 1161 1783 infra
1209 1719 1625 1801 pyramidem
1671 1730 1855 1785 ante-

557 1840 760 1902 quam
817 1822 999 1887 venit
1049 1823 1135 1886 ad
1189 1842 1519 1902 corneam,
1586 1834 1857 1906 oportet

557 1925 736 2008 quod
804 1925 1146 2008 frangatur
1209 1927 1278 1990 in
1339 1927 1634 2012 ingressu
1694 1927 1854 2010 ejus,

556 2028 881 2095 Similiter
922 2029 978 2095 si
1028 2050 1070 2093 a
1113 2041 1366 2113 puncto
1413 2041 1606 2096 extra
1654 2053 1854 2116 pyra-

557 2133 802 2198 midem
837 2134 1152 2198 radialem
1177 2136 1375 2200 cadat
1399 2136 1621 2200 radius
1658 2157 1857 2220 super

555 2259 881 2314 corneam,
969 2248 1040 2303 et
1075 2300 1078 2304 ,
1145 2249 1340 2303 extra
1432 2241 1852 2323 pyramidem

558 2341 900 2419 visualem,
933 2354 1007 2407 ut
1041 2343 1165 2425 qd,
1194 2363 1326 2407 non
1369 2344 1493 2407 ibit
1537 2345 1604 2406 in
1650 2366 1701 2421 s,
1734 2348 1852 2410 sed

554 2444 896 2528 frangetur
948 2447 1013 2510 in
1065 2446 1120 2509 d
1159 2456 1409 2529 puncto
1462 2447 1528 2510 in
1588 2451 1936 2530 superficie
1985 2475 2277 2533 corneae,
2326 2457 2496 2521 inter
2536 2456 2859 2522 incessum

560 2558 809 2614 rectum
840 2550 892 2613 d
912 2573 963 2629 s,
993 2562 1061 2616 et
1093 2551 1265 2616 inter
1305 2552 1919 2635 perpendicularem
1950 2559 2069 2636 do,
2104 2579 2311 2643 usque
2351 2561 2438 2623 ad
2474 2581 2512 2623 z
2542 2570 2858 2644 punctum

559 2654 627 2718 in
684 2654 965 2739 glaciali.
1074 2656 1167 2719 Et
1217 2657 1312 2720 sic
1359 2656 1692 2720 videbitur
1727 2668 1783 2740 p
1833 2661 2005 2727 inter
2061 2664 2387 2729 incessum
2442 2677 2695 2729 rectum
2748 2667 2858 2748 qui

557 2770 663 2824 est
738 2782 783 2823 n
841 2760 874 2824 l
939 2770 1010 2825 et
1073 2759 1684 2843 perpendicularem

558 2864 932 2928 ducendam
962 2884 1002 2926 a
1032 2864 1178 2929 loco
1208 2865 1540 2928 fractionis
1570 2864 1683 2947 qui

558 2977 659 3033 est
711 2989 757 3031 n
790 2990 848 3046 0,
891 2978 961 3031 et
1013 2969 1138 3033 ibit
1189 2968 1423 3034 fractio
1476 2988 1685 3051 usque

556 3074 642 3137 ad
664 3071 711 3134 k
734 3081 1051 3155 punctum
1082 3071 1150 3136 in
1181 3072 1464 3156 glaciali,
1495 3083 1563 3136 et
1592 3073 1684 3137 sic

553 3176 884 3241 videbitur
895 3186 950 3258 p
972 3197 1089 3259 per
1111 3177 1370 3240 radium
1402 3174 1682 3240 fractum

554 3280 806 3345 scilicet
844 3292 898 3362 p
945 3281 1007 3345 k.
1128 3281 1219 3345 Et
1268 3282 1418 3344 ideo
1471 3281 1684 3345 minus

556 3386 724 3450 bene
775 3385 1034 3448 videtur
1094 3405 1295 3468 quam
1359 3404 1461 3448 res
1510 3404 1685 3467 quae
1860 3454 1878 3470 f

555 3500 706 3552 sunt
726 3490 791 3552 in
810 3488 948 3552 basi
968 3489 1350 3572 pyramidiS‚
1365 3489 1681 3570 quoniam
1762 3494 1838 3598 f
1810 3474 1858 3526 ’ᾗ

556 3592 709 3656 illae
730 3593 1039 3656 videntur
1069 3614 1184 3676 per
1215 3592 1435 3656 radios
1468 3602 1682 3657 rectos
1738 3626 1746 3644 ε

554 3708 621 3760 et
654 3697 1244 3780 perpendiculares,
1317 3695 1410 3760 Et
1442 3696 1679 3760 eodem

554 3801 758 3863 modo
787 3810 886 3864 est
917 3801 1001 3865 de
1033 3821 1076 3882 q
1103 3799 1365 3874 visibili,
1391 3810 1463 3863 ut
1493 3809 1680 3881 patet

554 3926 641 3967 ex
678 3904 909 3988 figura.
2287 3955 2290 3957 .

641 4008 966 4074 Similiter
1029 4009 1344 4091 quicquid
1420 4008 1682 4072 videtur
2188 4002 2311 4053 FlG·
2339 4003 2419 4065 58.

554 4134 674 4196 per
729 4113 951 4177 radios
999 4121 1216 4177 rectos
1275 4123 1343 4176 et
1394 4110 1700 4189 refleXOS,
1750 4112 2013 4177 videtur
2077 4113 2439 4176 necessario
2483 4111 2678 4175 simul
2737 4132 2860 4196 per

555 4215 813 4291 fractos,
861 4229 932 4282 et
982 4218 1077 4283 sic
1130 4218 1371 4282 certius
1414 4216 1690 4294 videtur,
1738 4217 1896 4299 quia
1940 4216 2187 4300 duplici
2234 4216 2472 4292 modo;
2516 4226 2585 4278 et
2628 4216 2695 4279 in
2730 4216 2856 4280 hoc

552 4321 925 4403 completur
992 4321 1258 4386 bonitas
1318 4333 1387 4386 et
1447 4321 1779 4385 certitudo
1838 4321 2127 4385 visionis·
2233 4321 2411 4384 Nam
2456 4330 2511 4402 p
2572 4329 2855 4402 punctus

547 4424 811 4489 videtur
840 4447 960 4508 per
988 4427 1242 4491 radium
1275 4425 1882 4509 perpendicularem
1897 4436 2029 4508 pg,
2049 4445 2223 4508 quae
2252 4423 2437 4488 vadit
2469 4423 2535 4486 in
2560 4433 2856 4488 centrum

547 4551 606 4607 0,
635 4539 706 4594 et
748 4530 1175 4594 nihilominus
1220 4531 1481 4594 videtur
1525 4551 1644 4614 per
1675 4540 1725 4611 p
1753 4551 1802 4595 e.
1897 4530 2075 4593 Nam
2105 4539 2160 4611 p
2192 4550 2239 4593 a
2283 4548 2417 4592 non
2454 4526 2639 4592 vadit
2681 4526 2749 4591 in
2792 4527 2858 4606 d,

547 4635 666 4699 sed
706 4634 1030 4717 frangitur
1073 4635 1139 4698 in
1175 4656 1222 4699 a
1259 4644 1508 4718 puncto
1552 4654 1849 4710 corneae,
1890 4635 2060 4699 inter
2092 4633 2412 4699 incessum
2446 4641 2700 4697 rectum
2730 4631 2857 4711 ad,

1648 4751 1693 4801 L
1729 4758 1765 4805 2

2934 137 3406 152 ’*·-ἰθῌ-“--υ-“ὀ““-·
