3542 5359
384 625 446 703 462
652 624 989 685 MULTJPLICATIO
1015 624 1269 684 SPECIERUM.

386 803 420 852 et
451 790 595 852 incessus
622 787 746 851 fractus
772 790 953 851 secundum
981 789 1071 869 quod
1100 788 1250 851 moderni
1278 795 1424 851 utuntur.
1470 785 1539 852 Sed

384 904 498 956 tamen
520 903 672 957 auctores
686 892 896 974 Aspectuum
912 902 1033 956 vocant
1049 889 1242 955 fractionem
1265 891 1489 969 reflexionem,
1504 901 1539 954 et

385 997 429 1060 ab
453 998 499 1060 eis
521 1007 658 1061 vocatur
685 997 812 1077 species
837 995 972 1073 reflexa,
994 1006 1028 1059 et
1054 995 1166 1060 radius
1189 995 1352 1070 reflexus3
1378 997 1438 1060 sed
1459 996 1539 1078 quia

385 1101 481 1165 aliter
503 1103 628 1165 utimur
650 1099 839 1178 reflexione,
861 1110 896 1163 et
919 1100 1070 1165 similiter
1097 1101 1160 1182 ipsi
1190 1110 1351 1178 auctores,
1374 1111 1408 1164 et
1432 1100 1539 1182 magis

384 1208 515 1288 proprie
535 1207 621 1270 sicut
642 1215 757 1287 postea
773 1206 902 1276 scietur.
922 1205 996 1268 ideo
1012 1205 1243 1288 imputandum
1266 1214 1317 1268 est
1331 1206 1415 1269 vitio
1430 1215 1537 1268 trans·

384 1311 525 1386 lationis,
551 1330 637 1393 quae
666 1329 734 1372 non
764 1308 919 1371 distinxit
950 1310 982 1372 in
1015 1309 1137 1372 Latino
1168 1311 1472 1392 aequivocationem
1503 1320 1538 1372 et

384 1414 591 1479 dubietatem
617 1413 752 1476 alterius
773 1412 917 1494 linguae.
963 1413 1008 1476 Et
1035 1414 1109 1476 ideo
1135 1416 1224 1494 apud
1253 1412 1481 1477 Ptolemaeum
1503 1421 1538 1475 et

385 1519 535 1583 Alhazen
548 1531 582 1584 et
597 1529 745 1581 caeteros
756 1517 854 1581 valde
870 1516 1076 1581 cavendum¹
1093 1527 1151 1594 est,
1164 1519 1252 1600 quod
1266 1519 1388 1581 sciatur
1403 1519 1538 1601 quando

382 1623 544 1704 accipitur
569 1622 704 1686 reflexio
732 1642 792 1705 pro
819 1621 989 1700 fractione,
1013 1632 1047 1685 et
1073 1624 1206 1705 quando
1228 1643 1306 1699 non,
1327 1630 1362 1686 et
1389 1623 1538 1686 maxime

383 1728 491 1808 primo
519 1726 614 1805 libro,
642 1737 676 1790 et
702 1728 847 1790 secundo
873 1735 908 1789 et
941 1727 1095 1810 septimo,
1122 1728 1178 1791 ubi
1206 1726 1348 1790 inultum
1377 1727 1538 1810 accipitur

385 1830 520 1894 reflexio
543 1851 603 1914 pro
627 1829 795 1908 fractione,
818 1840 852 1894 et
873 1831 1026 1895 similiter
1052 1832 1142 1913 apud
1169 1830 1270 1895 libros
1298 1831 1478 1894 Ptolemaei
1504 1833 1536 1895 ei

384 1935 576 1998 conformes.
622 1934 691 1999 Sed
713 1934 871 2017 quoniam
896 1933 1012 1998 fractio
1040 1955 1106 2000 non
1130 1936 1226 2019 plene
1250 1934 1441 2018 intelligitur
1466 1937 1537 1999 sine

384 2040 511 2102 incessu
536 2049 626 2103 recto
648 2051 682 2103 et
705 2039 967 2122 perpendiculari
990 2040 1142 2105 ducendo
1165 2061 1184 2102 a
1208 2040 1282 2103 loco
1308 2039 1478 2104 fractionis
1501 2041 1535 2103 in

382 2165 502 2227 corpus
517 2145 710 2218 secundum,
727 2144 802 2206 ideo
817 2164 941 2227 ponam
958 2144 1160 2227 exemplum,
1177 2145 1232 2207 ubi
1249 2143 1378 2207 traham
1395 2164 1535 2228 perpen-

383 2247 560 2313 dicularem
580 2260 613 2312 et
633 2249 795 2312 incessum
817 2259 943 2312 rectum
964 2258 997 2312 et
1014 2249 1206 2313 fractionem
1232 2251 1263 2311 in
1286 2268 1362 2312 aere
1385 2260 1418 2312 et
1441 2269 1534 2332 aqua

813 2352 959 2435 Quando
993 2355 1082 2416 enim
1120 2355 1246 2436 species
1283 2354 1455 2417 descendit
1491 2354 1535 2417 ab

713 2545 732 2586 Α
811 2478 889 2521 aere
912 2459 944 2520 in
967 2479 1088 2542 aquarn
1117 2480 1182 2522 non
1210 2459 1534 2544 perpendiculariter,

735 2553 765 2586 ER

574 2583 590 2625 e
811 2571 943 2644 oportet
959 2564 1049 2644 quod
1065 2563 1242 2648 frangatur,
1255 2574 1288 2627 et
1305 2565 1402 2628 cadet
1417 2562 1535 2627 fractio

704 2674 774 2725 Aous
811 2665 896 2728 inter
922 2667 1084 2731 incessum
1109 2679 1235 2732 rectum
1261 2678 1295 2731 et
1317 2669 1535 2752 perpendicu-

406 2792 425 2860 ὁ
810 2769 912 2833 larem
935 2770 1121 2834 ducendam
1141 2793 1160 2834 a
1180 2771 1253 2837 loco
1269 2772 1446 2837 fractionis.
1494 2772 1534 2834 In

809 2873 990 2956 sphaericis
1006 2895 1084 2938 vero
1103 2877 1295 2957 corporibus
1316 2877 1535 2961 perpendicu-

811 2979 887 3042 laris
914 2981 1002 3044 cadit
1029 2981 1063 3042 in
1090 2990 1238 3044 centrum
1271 2981 1440 3063 sphaerae.
1487 2980 1534 3044 Et

812 3085 891 3168 quia
925 3084 1012 3148 facta
1050 3095 1102 3148 est
1137 3087 1263 3150 mentio
1298 3088 1340 3151 de
1372 3085 1534 3150 fractione

382 3191 415 3253 in
442 3191 635 3272 corporibus
662 3190 777 3253 mundi
805 3188 995 3272 sphaericiS,
1022 3190 1098 3254 ideo
1129 3210 1217 3254 nunc
1246 3190 1446 3272 subjungam
1473 3211 1532 3253 ex-

380 3295 527 3377 emplum
556 3295 589 3356 in
619 3295 677 3373 eis,
703 3305 741 3358 ut
772 3294 903 3358 inferius
936 3295 968 3356 in
1000 3293 1117 3376 planis,
1144 3305 1178 3359 et
1205 3296 1386 3358 secundum
1417 3313 1533 3358 omnes

382 3399 500 3461 modos
530 3398 774 3480 sphaericorum
805 3399 861 3461 ubi
899 3398 930 3462 in
963 3397 1151 3480 particulari
1181 3401 1310 3462 dicetur
1342 3401 1385 3463 de
1415 3410 1533 3463 natura

379 3501 556 3565 fractionis.
603 3501 655 3566 Sit
678 3503 779 3585 igitur
800 3522 903 3586 agens
925 3525 954 3578 a,
971 3512 1008 3566 ut
1030 3503 1098 3566 avis
1121 3504 1155 3566 in
1178 3524 1254 3567 aere
1275 3502 1328 3567 vel
1352 3504 1455 3566 nubes
1478 3503 1531 3566 vel

380 3607 478 3683 aliud,
505 3617 539 3670 et
570 3608 716 3670 medium
744 3606 896 3670 subtilius
919 3608 961 3670 sit
989 3627 1052 3675 aer.
1078 3617 1111 3670 et
1139 3607 1272 3672 densius
1302 3607 1344 3671 sit
1369 3627 1479 3689 aqua;
1510 3629 1533 3670 α

379 3711 479 3792 igitur
499 3711 578 3775 facit
604 3710 918 3794 perpendiculariter
945 3721 978 3776 et
1004 3732 1070 3775 non
1098 3712 1410 3794 perpendiculariter
1436 3731 1531 3774 suam

377 3816 521 3897 speciem
538 3836 598 3897 per
613 3816 758 3878 medium
775 3817 857 3880 aeris
876 3826 911 3880 et
926 3837 1042 3898 aquae.
1081 3814 1226 3898 Quando
1241 3837 1319 3879 vero
1335 3815 1390 3880 illa
1406 3817 1532 3899 species

377 3921 469 3983 venit
503 3939 569 3982 non
600 3920 915 4003 perpendiculariter
945 3922 988 3983 ad
1021 3919 1228 4003 superficiem
1260 3940 1375 4001 aquae,
1406 3919 1532 3983 invenit

378 4024 524 4088 medium
549 4025 693 4099 densius,
710 4035 743 4088 et
765 4025 841 4088 ideo
857 4035 990 4107 oportet
1005 4026 1097 4106 quod
1121 4033 1227 4088 mutet
1248 4025 1410 4089 incessum
1434 4045 1529 4088 suum

378 4139 503 4192 rectum
520 4139 554 4193 et
569 4129 712 4193 declinet
726 4130 770 4193 ab
786 4150 833 4202 eo,
851 4140 886 4193 et
906 4128 1004 4193 faciat
1020 4129 1187 4213 angulum,
1205 4138 1238 4192 et
1256 4130 1412 4192 transibit
1428 4149 1532 4211 usque

378 4231 468 4311 add,
485 4231 672 4314 relinquens
692 4233 832 4297 densum
848 4235 940 4315 quod
961 4235 1053 4297 vadit
1068 4233 1111 4297 ad
1129 4233 1155 4311 b,
1171 4235 1250 4316 quia
1269 4232 1431 4317 frangitur
1446 4234 1532 4297 inter

378 4337 540 4401 incessum
564 4347 689 4401 rectum
713 4348 747 4402 et
768 4336 1073 4421 perpendicularem
1097 4338 1285 4402 ducendam
1309 4359 1330 4400 a
1354 4338 1424 4400 loco
1447 4335 1530 4402 frac-

377 4442 479 4505 tionis
494 4442 549 4522 qui
565 4449 658 4504 este.
697 4441 880 4524 Quomodo
900 4463 978 4505 vero
995 4441 1107 4506 multis
1120 4442 1192 4506 aliis
1208 4442 1318 4505 modis
1331 4441 1388 4505 fiat
1403 4439 1532 4515 fractio,

455 2929 479 2994 d

531 3030 593 3079 Fro.
606 3040 646 3093 73.

410 4591 420 4623 ¹
437 4593 548 4642 Bacon's
559 4595 662 4642 cantion
675 4595 697 4642 is
708 4601 775 4643 most
787 4594 902 4643 needful.
936 4593 976 4644 Cf.
994 4609 1119 4657 passages
1130 4595 1226 4656 quoted
1239 4611 1273 4642 on
1287 4609 1330 4656 pp.
1346 4609 1395 4656 473
1410 4595 1462 4643 and
1474 4607 1532 4657 475.

378 4671 505 4732 Ptolemy,
514 4673 646 4733 however,
659 4673 807 4722 sometimes
818 4687 879 4721 uses
892 4673 936 4722 the
948 4674 1022 4722 word
1034 4673 1190 4724 reverberatio
1200 4673 1241 4722 for
1251 4674 1372 4722 reflected
1384 4687 1450 4734 ruys
