3542 5359
400 643 726 705 PERSPECTIVAE
750 643 864 703 PARS
893 612 1072 702 TERTIA.-
1096 642 1207 701 DIST.
1234 641 1293 700 111.
1365 637 1423 716 163

271 806 475 882 fractionem,
507 827 593 890 quae
626 805 766 872 debilior
796 816 857 884 est,
885 805 1056 889 angelicae
1088 814 1228 869 naturae
1250 802 1422 869 convenit:

271 911 429 976 reflexiva
459 911 553 989 visio,
578 931 664 994 quae
697 920 749 974 est
775 908 924 988 debilior,
950 908 1075 974 homini
1110 918 1221 994 potest
1251 907 1422 991 assignari.

270 1016 360 1081 Nam
383 1017 469 1080 sicut
490 1014 663 1100 speculum
686 1021 883 1096 cooperatur
909 1015 952 1078 ad
978 1014 1139 1077 visionem
1165 1022 1302 1098 propter
1326 1031 1421 1077 suam

270 1121 506 1203 aptitudinem,
531 1129 566 1185 et
592 1120 651 1184 dat
677 1118 798 1202 speciei
821 1116 1031 1182 occasionem
1058 1117 1302 1201 multiplicandi
1327 1137 1365 1181 se
1387 1117 1421 1179 in

270 1223 413 1300 oculum,
431 1233 468 1288 ut
484 1223 543 1288 fiat
560 1223 652 1301 visio,
669 1224 716 1287 sic
731 1243 851 1307 corpus
873 1223 1058 1287 animatum
1081 1222 1193 1287 anima
1207 1222 1362 1288 sensitiva
1377 1241 1422 1286 ex

271 1349 332 1392 sua
346 1329 550 1412 proprietate
565 1339 599 1393 et
615 1327 799 1392 idoneitate
814 1325 952 1408 adjuvat
967 1327 1114 1391 animam
1137 1325 1372 1391 intellectivam
1386 1327 1422 1390 in

271 1453 332 1497 sua
356 1433 553 1517 cognitione,
580 1442 614 1496 ct
637 1433 697 1497 dat
729 1431 758 1495 ei
790 1431 1016 1516 cognitionem
1046 1450 1066 1493 a
1095 1441 1191 1516 parte
1224 1431 1288 1497 ista
1318 1450 1421 1514 quam

270 1536 455 1602 intellectus
470 1558 514 1600 ex
528 1557 627 1602 sensu
643 1536 805 1620 corporali
828 1536 1063 1618 deprehendet
1109 1536 1155 1600 Et
1178 1536 1254 1601 ideo
1275 1535 1421 1620 cognitio

270 1642 414 1707 hominis
444 1651 699 1724 quantacunque
730 1641 774 1704 sit
804 1638 960 1724 perfecta,
982 1649 1033 1704 est
1063 1640 1203 1705 debilior
1233 1638 1423 1723 cognitione

270 1745 417 1828 angelica
432 1766 476 1810 ex
491 1747 554 1811 hac
571 1765 680 1822 causa,
695 1754 729 1810 et
745 1745 863 1810 merito
877 1744 944 1809 dici
967 1754 1080 1827 potest
1092 1743 1271 1828 specularis
1286 1753 1423 1829 propter

270 1851 396 1915 dictam
406 1849 664 1916 similitudinem.
694 1849 832 1932 Loquor
843 1849 885 1912 de
896 1849 1033 1913 homine
1041 1869 1126 1932 puro
1137 1869 1212 1915 cum
1224 1849 1422 1931 exceptione

271 1955 395 2019 Beatae
409 1955 565 2038 Virginis,
579 1963 613 2018 et
635 1955 815 2018 secundum
838 1962 964 2017 statum
987 1973 1199 2017 communem
1222 1953 1366 2018 hominis
1388 1962 1423 2018 et

270 2058 388 2142 angeli.
434 2058 481 2123 Et
495 2058 598 2123 horno
615 2057 717 2122 habet
738 2057 903 2141 triplicem
921 2056 1093 2137 visionem,
1108 2077 1209 2121 unam
1231 2057 1421 2141 perlectam,

271 2183 357 2246 quae
372 2164 435 2226 erit
453 2163 486 2226 in
503 2172 593 2227 statu
607 2161 733 2246 gloriae
748 2171 826 2246 post
840 2164 1112 2227 resurrectionem
1126 2182 1134 2240 ;
1155 2160 1255 2226 aliam
1265 2163 1298 2225 in
1310 2161 1423 2225 anima

271 2278 425 2350 separata
447 2288 468 2331 a
491 2287 629 2349 corpore
655 2268 688 2329 in
712 2265 807 2331 coelo
833 2267 1005 2348 usquead
1032 2266 1311 2343 resurrectionem,
1336 2286 1423 2349 quae

271 2370 414 2436 debilior
429 2381 480 2437 est
493 2395 502 2449 ;
524 2371 657 2436 tertiam
674 2371 706 2434 in
722 2370 786 2435 hac
800 2371 878 2448 vita,
894 2390 982 2454 quae
996 2370 1202 2436 debilissima
1216 2380 1276 2447 est,
1291 2379 1325 2435 et
1339 2370 1422 2434 haec

272 2485 324 2539 est
344 2485 432 2540 recte
455 2496 514 2559 per
535 2475 760 2540 reflexionem.
806 2473 999 2539 Secundum
1023 2475 1113 2556 quod
1136 2476 1219 2541 dicit
1239 2475 1422 2559 apostolus,

272 2580 440 2644 ‘videmus
465 2599 552 2643 nunc
578 2599 637 2662 per
662 2577 832 2661 speculum
862 2578 896 2640 in
918 2579 1116 2662 aenigmate,
1138 2581 1197 2643 sed
1219 2579 1253 2642 in
1274 2577 1381 2662 gloria
1401 2599 1423 2644 a

273 2680 356 2746 iacie
379 2684 422 2747 ad
450 2681 584 2761 saciem,'
609 2691 644 2746 et
675 2692 752 2766 post
785 2683 1058 2747 resurrectionem
1080 2685 1261 2748 secundum
1288 2683 1423 2766 plenam

271 2787 512 2865 rectitudinem,
528 2796 562 2850 et
576 2796 654 2851 ante
669 2806 742 2851 eam
766 2785 801 2849 in
823 2787 934 2850 anima
954 2787 1138 2852 secundum
1160 2788 1422 2871 obliquationem

271 2890 315 2954 ab
356 2890 412 2955 illa
455 2891 673 2956 rectitudine:
718 2910 759 2954 eo
798 2891 889 2973 quod
933 2911 1001 2954 non
1046 2890 1266 2976 complebitur
1309 2892 1422 2957 anima

274 2995 478 3077 plenitudine
497 2995 630 3059 visionis
652 3005 832 3077 antequam
854 2995 987 3059 uniatur
1008 3015 1069 3059 suo
1091 2996 1230 3078 corpori,
1253 2997 1339 3062 sicut
1360 3016 1423 3060 nec

274 3098 354 3163 alias
369 3100 465 3164 dotes
480 3097 616 3162 habebit
632 3099 747 3182 plenas
766 3110 846 3165 ante
864 3099 944 3163 illud
969 3110 1111 3183 tempus,
1126 3110 1164 3165 ut
1185 3100 1333 3186 theologi
1355 3120 1422 3164 non

273 3203 437 3287 ignorant,
453 3212 488 3268 et
503 3204 581 3286 quia
596 3204 766 3288 appetitus
781 3203 920 3286 quidam
936 3202 1114 3269 naturalis¹
1131 3205 1218 3270 inest
1233 3207 1364 3269 animae
1378 3205 1423 3269 ad

270 3327 367 3371 suum
382 3327 512 3392 corpus,
525 3309 582 3390 qui
597 3306 710 3390 perfici
733 3329 799 3372 non
822 3317 935 3390 potest
956 3309 1018 3372 nisi
1035 3311 1281 3374 resurrectione.
1327 3309 1372 3373 Et
1389 3310 1422 3372 in

271 3421 361 3475 statu
391 3411 556 3494 praesenti
590 3421 641 3476 est
667 3411 750 3475 visio
776 3411 909 3496 triplex,
931 3413 1056 3476 scilicet
1078 3424 1169 3478 recta
1191 3415 1226 3478 in
1249 3412 1423 3498 perfectis3

273 3513 377 3579 fracta
394 3514 427 3579 in
443 3514 644 3599 imperfectis
658 3536 666 3594 3
689 3524 723 3580 et
739 3516 772 3580 in
787 3514 885 3580 malis
900 3526 935 3582 et
950 3517 983 3580 in
1000 3517 1246 3601 negligentibus
1263 3519 1423 3582 mandata

272 3619 337 3683 Dei
351 3629 402 3684 est
413 3620 514 3684 etiam
525 3640 584 3702 per
595 3620 820 3699 reflexionem,
829 3622 1010 3686 secundum
1024 3621 1189 3703 Jacobum
1199 3620 1402 3704 Apostolum
1413 3645 1422 3698 ;

271 3743 349 3786 narn
372 3733 608 3806 comparantur
629 3725 699 3789 viro
721 3725 941 3790 consideranti
961 3725 1090 3790 vultum
1113 3725 1296 3792 nativitatis
1317 3723 1423 3791 suae¹

270 3828 306 3890 in
320 3827 465 3911 speculo.

303 4014 311 4044 ¹
329 4014 369 4064 Ci.
383 4015 479 4076 Dante,
490 4014 586 4066 Pamd.
600 4015 653 4066 xiv.
664 4015 753 4064 ὀι-ὀὰ
797 4015 849 4066 But
871 4017 918 4067 the
939 4026 1002 4080 poet
1024 4019 1134 4068 touches
1157 4019 1203 4067 the
1225 4019 1337 4082 thought
1358 4020 1423 4070 with

272 4095 382 4156 amngic
394 4094 492 4155 finger:

498 4172 585 4222 Tanto
602 4171 636 4221 nri
653 4187 747 4236 parver
763 4173 840 4222 subiti
858 4173 892 4223 ed
907 4173 1004 4223 accorti

531 4251 554 4300 E
571 4249 640 4300 l'uno
657 4267 673 4299 e
690 4251 775 4300 l'nltro
792 4267 854 4301 coro
871 4268 888 4302 ι
904 4253 994 4302 dicer:
1016 4251 1140 4315 ‘Amme,’

533 4329 590 4378 Che
601 4330 652 4378 ben
664 4337 776 4380 mostrnr
785 4330 852 4380 disin
864 4331 908 4380 dei
919 4331 991 4393 corpi
1003 4331 1096 4390 morti;

500 4403 582 4456 Forse
600 4423 651 4456 non
669 4423 719 4471 pur
735 4423 783 4470 per
799 4407 845 4469 lor,
864 4424 906 4457 mn
924 4423 972 4470 per
987 4409 1012 4457 le
1028 4423 1146 4467 mamme,

535 4485 1135 4550 Perlipadrieperglieltrichefurcnri

532 4563 600 4613 Anzi
616 4564 666 4613 che
684 4565 770 4614 iosser
785 4565 944 4628 sempiterne
961 4567 1071 4615 flamme.

301 4639 311 4669 ¹
327 4641 366 4693 cf.
380 4643 426 4691 the
439 4639 526 4692 Greek
538 4643 642 4692 version
654 4660 660 4695 :
678 4641 709 4692 τὸ
719 4641 847 4705 πρόσωπον
858 4643 904 4705 τῆς
913 4643 1032 4706 γενέσεως
1045 4643 1122 4693 αὑτοῦ
1132 4644 1233 4710 (Jamee
1243 4645 1260 4695 i.
1272 4646 1327 4710 ²3)-

812 4758 878 4810 Ma
