3542 5359
545 619 660 677 nans
685 619 883 693 Qunnrn:
920 620 1060 680 caer.
1318 636 1379 699 519

227 780 361 862 quando
383 791 559 844 occurrunt
583 781 725 846 multum
748 781 1003 858 inflammabilia,
1019 792 1056 846 ut
1071 783 1152 859 olea,
1168 792 1202 846 et
1217 782 1379 846 bitumina

226 885 384 960 ardentia,
405 884 490 949 sicut
510 884 660 969 naphtha
681 897 715 950 et
735 887 941 969 hujusmodi;
965 887 1041 951 lana
1062 888 1164 951 etiam
1184 888 1268 950 bene
1291 886 1378 951 sicca

226 1008 302 1052 aere
316 989 513 1071 interposito
528 991 734 1054 comburitur
747 1001 782 1055 et
797 1012 863 1055 non
879 1011 944 1055 aer.
992 990 1061 1057 Sed
1085 1012 1171 1055 nunc
1195 991 1313 1074 loquor
1334 991 1377 1054 de

225 1091 297 1157 sola
312 1095 422 1177 specie
438 1107 471 1158 et
485 1115 553 1157 non
566 1096 609 1159 de
624 1093 743 1161 effectu
759 1096 977 1177 completiori,
989 1116 1076 1178 quae
1087 1094 1125 1158 tit
1141 1116 1185 1158 ex
1198 1115 1376 1178 congrega-

225 1196 315 1260 tione
335 1198 513 1262 multarum
533 1200 714 1281 specierum
734 1200 766 1262 in
786 1220 923 1281 corpore
942 1208 1022 1282 apto
1040 1200 1084 1262 ad
1099 1220 1182 1261 eam.
1215 1199 1275 1283 ¹Et
1292 1198 1377 1262 hanc

225 1300 429 1365 debilitatem
453 1302 634 1385 probamus
660 1325 719 1386 per
741 1323 886 1381 sensum,
908 1304 965 1386 qui
997 1304 1106 1367 minus
1135 1304 1329 1366 immutatur
1356 1323 1377 1365 a

226 1403 325 1488 longe
356 1427 457 1488 quam
487 1426 600 1491 prope.
648 1407 733 1471 Item
764 1428 824 1491 per
853 1408 937 1471 alias
963 1408 1173 1489 operationes
1201 1405 1376 1482 naturales,

224 1510 382 1591 quoniam
396 1510 553 1593 patientia
570 1513 747 1575 remotiora
763 1512 871 1575 minus
886 1513 1079 1589 alterantur,
1092 1520 1129 1575 ut
1144 1512 1251 1573 minus
1266 1510 1376 1575 calefit

225 1613 282 1695 qui
297 1615 340 1676 ab
357 1616 432 1697 igne
450 1626 501 1679 est
516 1617 683 1693 remotior,
698 1617 836 1679 caeteris
851 1616 995 1699 paribus.

268 1716 421 1782 Alhazen
432 1720 566 1801 quidem
577 1730 697 1803 quarto
711 1720 941 1802 Perspectivae
952 1722 1046 1804 ponit
1058 1720 1142 1783 duas
1152 1741 1267 1783 causas
1276 1718 1376 1799 hujus
1390 1735 1511 1785 Distance

224 1822 468 1886 debilitationis.
514 1824 593 1888 Una
617 1834 668 1887 est
690 1824 848 1888 distantia
871 1825 916 1888 ab
943 1834 1071 1908 agente.
1120 1825 1158 1888 In
1183 1844 1248 1907 qua
1274 1844 1375 1887 causa
1388 1800 1545 1917 :L‘ffiffit

224 1924 417 2009 intelligitur
452 1930 634 1991 secundum
673 1928 796 1992 multos
832 1929 1041 2009 expositores
1069 1929 1160 2009 quod
1192 1948 1295 2009 agens
1324 1939 1375 1993 est
1388 1933 1492 1983 lorthis

225 2029 340 2093 fortius
355 2032 463 2113 specie
478 2044 633 2115 generata
649 2034 682 2094 in
699 2034 805 2114 prima
821 2044 916 2114 parte
931 2032 1036 2115 spatii,
1053 2042 1086 2095 et
1110 2031 1163 2095 illa
1187 2042 1237 2097 est
1260 2030 1376 2095 sortior

224 2136 333 2217 specie
354 2146 513 2218 generata
534 2136 566 2199 in
591 2139 746 2211 secunda,
764 2147 798 2200 et
820 2138 866 2199 sic
890 2135 1036 2199 ulterius.
1083 2135 1150 2199 Sed
1174 2135 1254 2199 haec
1276 2156 1375 2199 causa

224 2259 288 2302 non
303 2241 432 2303 sufficit.
478 2242 567 2304 Nam
592 2251 725 2322 propter
743 2240 951 2303 debilitatem
972 2259 1044 2303 esse
1065 2240 1197 2321 speciei,
1212 2241 1302 2321 quod
1325 2251 1376 2304 est

223 2338 551 2420 incompletissimum
581 2342 672 2422 quod
701 2350 760 2416 est,
790 2350 901 2421 potest
927 2340 1053 2422 species
1078 2340 1184 2421 prima
1211 2349 1245 2403 et
1271 2360 1374 2423 agens

224 2444 405 2525 producere
430 2445 574 2525 speciem
596 2445 769 2525 aequalem
796 2445 829 2507 in
853 2445 992 2507 materia
1018 2444 1229 2525 competenti.
1277 2444 1375 2506 Prae·

222 2556 323 2622 terea,
344 2548 423 2628 quid
445 2548 605 2630 impediet
627 2550 768 2629 speciem
792 2549 932 2630 primam
959 2556 997 2610 ut
1020 2547 1118 2610 saciat
1142 2547 1284 2630 speciem
1310 2548 1374 2611 sibi

223 2649 394 2732 aequalem
418 2652 451 2713 in
474 2651 583 2713 medio
606 2653 828 2735 competenti?
851 2672 927 2715 cum
950 2672 1052 2735 agens
1076 2652 1182 2733 ipsum
1204 2660 1315 2732 potest
1340 2652 1373 2714 in

224 2756 362 2817 materia
376 2757 579 2837 competenti
594 2757 700 2821 lacere
714 2758 747 2819 in
763 2758 871 2838 prima
882 2766 977 2840 parte
989 2754 1145 2820 effectum
1161 2755 1374 2838 completum,

222 2869 260 2922 ut
287 2859 425 2923 candela
454 2880 521 2924 una
550 2859 714 2924 illuminat
744 2871 778 2923 et
810 2860 963 2924 accendit
997 2860 1109 2938 aliam,
1139 2871 1173 2925 et
1210 2860 1375 2923 comburit

222 2963 342 3041 lanam,
364 2974 398 3027 et
420 2965 484 3027 alia
511 2963 595 3028 levia
622 2966 652 3026 ei
677 2964 923 3048 approximata.
970 2964 1016 3027 Et
1042 2965 1194 3029 videmus
1219 2964 1373 3027 virtutem

221 3069 409 3132 adamantis
425 3080 459 3131 et
475 3068 637 3150 magnetis
650 3068 817 3131 fortiorem
834 3088 908 3131 esse
921 3069 954 3131 in
970 3068 1056 3131 serro
1073 3068 1206 3132 distanti
1224 3088 1324 3150 quam
1341 3070 1373 3131 in

221 3192 296 3235 aere
311 3173 549 3255 propinquiori,
568 3183 601 3235 et
618 3183 731 3236 tamen
752 3172 868 3235 transit
887 3192 947 3253 per
966 3192 1076 3236 aerem
1092 3174 1134 3235 ad
1151 3170 1282 3235 sermm.
1328 3172 1374 3235 Et

221 3277 372 3342 videmus
400 3278 544 3359 speciem
568 3277 643 3340 vitri
667 3275 795 3341 sortiter
818 3276 956 3341 colorati
979 3278 1114 3359 quando
1136 3276 1278 3340 multum
1302 3276 1374 3339 illu-

221 3383 373 3459 minatur,
388 3402 547 3465 apparere
562 3382 678 3445 lortius
694 3382 727 3444 in
746 3401 884 3463 corpore
907 3380 1013 3445 mixto
1034 3401 1135 3463 quam
1155 3381 1187 3443 in
1205 3400 1280 3444 aere
1298 3400 1374 3461 pro·

220 3486 393 3569 pinquiori.
441 3486 485 3549 Et
508 3496 620 3550 tamen
643 3484 717 3550 sola
742 3488 870 3569 species
897 3498 931 3549 et
952 3488 1058 3550 virtus
1082 3487 1245 3571 magnetis
1268 3496 1318 3549 est
1341 3486 1373 3548 in

221 3589 316 3667 ferro,
329 3590 405 3672 quia
417 3589 537 3653 serrum
551 3601 662 3654 manet
675 3592 708 3653 in
720 3601 840 3655 natura
850 3610 910 3653 sua
925 3590 1089 3674 specifica,
1102 3600 1135 3655 et
1150 3600 1313 3672 quantum
1330 3592 1373 3654 ad

220 3713 350 3757 sensum
367 3714 433 3756 non
449 3694 615 3757 alteratur.
662 3694 819 3758 Similiter
841 3697 884 3759 de
907 3695 1017 3777 specie
1039 3694 1157 3759 coloris
1181 3695 1252 3757 vitri
1277 3705 1310 3758 et
1331 3696 1374 3759 de

220 3795 422 3878 hujusmodi.
481 3797 694 3881 Quapropter
724 3799 882 3863 distantia
922 3801 953 3862 in
986 3808 1148 3882 quantum
1181 3798 1372 3880 hujusmodi

220 3902 351 3965 videtur
367 3922 440 3964 esse
453 3921 554 3965 causa
568 3922 643 3965 cum
660 3901 718 3965 tali
735 3904 953 3985 expositione.

263 4006 378 4069 Aliam
408 4026 541 4069 causam
573 4007 720 4088 assignat
745 4006 898 4070 Alhazen
930 4009 963 4069 in
993 4006 1110 4069 eodem
1142 4006 1224 4083 loco,
1250 4006 1373 4070 scilicet
1386 4025 1532 4089 Dispersion

219 4110 311 4192 quod
325 4130 346 4171 a
360 4110 471 4190 specie
486 4109 610 4191 ubique
624 4120 749 4175 exeunt
771 4112 854 4174 radii
876 4108 1095 4174 accidentales
1119 4108 1236 4173 infiniti
1259 4130 1371 4173 secun·
1385 4090 1517 4216 gffiffjffn

219 4214 301 4277 dum
332 4233 447 4276 omnes
477 4214 666 4288 diametros,
697 4227 832 4298 propter
859 4234 962 4297 quam
991 4212 1173 4296 specierum
1210 4213 1371 4277 infinitam
1386 4223 1507 4287 patetne

219 4317 466 4399 generationem
496 4317 688 4381 debilitatur
711 4319 759 4381 vis
780 4319 979 4401 generativa,
1002 4318 1183 4381 secundum
1208 4318 1371 4382 incessum
1385 4304 1465 4338 ω’

219 4417 432 4499 principalem
447 4415 491 4479 ab
509 4427 637 4499 agente.
684 4417 750 4482 Sed
774 4420 908 4501 quando
930 4438 1033 4501 agens
1056 4418 1178 4481 invenit
1201 4419 1371 4483 materiam

218 4540 350 4604 semper
363 4523 527 4604 aptiorem
542 4522 777 4599 combustioni,
792 4532 830 4585 ut
846 4522 930 4603 ignis
946 4522 978 4584 in
1000 4522 1070 4585 istis
1086 4522 1372 4586 combustibilibus

219 4626 357 4710 magnis,
371 4624 449 4689 lacit
467 4623 625 4690 effectum
640 4646 772 4710 semper
788 4624 1061 4709 completiorem;
1085 4636 1119 4690 et
1134 4635 1246 4691 tamen
1260 4635 1312 4691 est
1328 4626 1372 4690 ibi
