3542 5359
446 592 778 652 PERSPECTIVAE
800 593 917 653 PARS
941 593 1103 652 PRIMA:
1136 594 1246 655 DIST.
1276 594 1344 655 VII.
1432 609 1473 671 49

318 753 566 820 tortuositatem
586 754 686 832 nervi,
701 763 738 819 ut
756 758 936 821 secundum
958 755 1077 820 lineam
1099 756 1180 822 fluat
1198 765 1392 835 tortuosam,
1407 777 1473 819 non

319 860 503 923 secundum
522 870 654 937 rectam,
670 859 753 925 sicut
776 859 853 925 iacit
873 861 907 924 in
927 862 1120 945 corporibus
1142 860 1256 925 mundi
1279 861 1473 925 inanimatis.

321 962 414 1027 Dum
429 964 517 1029 enim
532 975 583 1028 est
598 965 630 1029 in
647 985 714 1029 uno
730 964 839 1029 medio
850 965 1040 1039 inanimato,
1051 986 1181 1049 semper
1191 964 1282 1029 vadit
1293 963 1474 1028 secundum

320 1068 391 1131 vias
416 1080 531 1145 rectas,
547 1079 585 1133 ut
608 1069 757 1153 superius
780 1069 984 1134 declaratum
1007 1079 1074 1133 est:
1097 1069 1156 1132 sed
1179 1079 1317 1153 propter
1336 1068 1475 1131 necessi·

320 1182 426 1237 tatem
441 1184 475 1236 et
491 1173 697 1238 nobilitatem
711 1194 850 1258 operum
866 1173 1003 1251 animae,
1015 1173 1139 1256 species
1154 1173 1186 1237 in
1202 1174 1311 1237 medio
1327 1174 1475 1236 animato

322 1285 416 1340 tenet
437 1276 599 1341 incessum
622 1278 730 1355 medii,
753 1287 788 1343 et
811 1278 1009 1360 derelinquit
1032 1277 1123 1361 leges
1150 1296 1342 1342 communes
1365 1275 1475 1341 multi·

323 1378 535 1462 plicationum
565 1381 772 1458 naturalium,
793 1381 943 1465 gaudens
974 1380 1141 1465 privilegio
1175 1382 1304 1445 animae
1330 1380 1474 1464 speciali.

324 1482 381 1547 Sic
397 1504 476 1567 ergo
492 1486 769 1551 considerandum
790 1495 850 1562 est,
866 1486 956 1568 quod
976 1485 1100 1569 species
1119 1485 1164 1548 rei
1187 1485 1276 1548 visae
1291 1486 1476 1548 necessaria

322 1597 375 1651 est
397 1592 441 1653 ad
470 1589 585 1665 visum,
609 1600 642 1655 et
665 1591 835 1673 quomodo
857 1591 948 1656 cadit
971 1590 1005 1654 in
1028 1590 1133 1653 visum
1156 1599 1190 1653 et
1220 1609 1335 1653 omnes
1365 1600 1476 1673 partes

322 1691 396 1777 ejus
406 1692 428 1757 ¹.

756 1903 983 1970 Cnnraunuu
1006 1904 1051 1967 ΙΙ.

372 2056 411 2120 ln
434 2078 501 2140 quo
522 2059 717 2137 ostenditur,
731 2060 820 2142 quod
841 2060 968 2142 species
989 2079 1047 2122 seu
1072 2057 1175 2121 virtus
1195 2054 1280 2120 oculi
1298 2055 1357 2122 fiat
1372 2075 1478 2138 usque

326 2162 371 2225 ad
390 2161 515 2226 visibile
530 2175 666 2246 propter
680 2175 792 2229 actum
807 2164 950 2229 videndi.

372 2315 471 2382 Nunc
500 2318 774 2385 considerandum
805 2330 866 2399 est,
896 2340 940 2384 an
976 2319 1103 2403 species
1131 2317 1221 2381 visus
1250 2316 1406 2399 exigatur
1434 2311 1477 2377 ad
1492 2318 1570 2395 Fonoe

274 2408 278 2426 ²
326 2430 441 2485 actum
455 2422 600 2487 videndi.
645 2424 857 2489 Manifestum
873 2435 926 2488 ast
940 2434 1063 2498 autem,
1074 2424 1165 2505 quod
1181 2420 1308 2505 species
1318 2417 1358 2483 fit
1373 2439 1392 2482 a
1407 2416 1479 2481 visu
1491 2384 1611 2501 wlff,

326 2524 412 2589 sicut
428 2524 472 2588 ab
486 2526 557 2590 aliis
573 2529 680 2607 rebus,
695 2530 772 2612 quia
788 2529 970 2595 accidentia
985 2538 1020 2592 et
1041 2526 1245 2591 substantiae
1264 2524 1393 2588 viliores
1408 2522 1479 2586 visu
1492 2532 1537 2581 ⁶7⁶
1548 2524 1575 2565 ²⁰
1587 2514 1630 2565 ¹¹¹⁸

328 2640 469 2711 possunt
490 2629 598 2694 iacere
619 2652 697 2696 suas
718 2634 867 2711 virtutes,
890 2633 997 2697 multo
1018 2631 1124 2713 magis
1145 2651 1224 2714 ergo
1246 2639 1358 2713 potest
1379 2629 1479 2693 visus.
1492 2585 1582 2646 ouen„

330 2732 379 2796 Et
406 2744 501 2815 patet
529 2756 589 2821 per
617 2736 693 2813 hoc,
720 2739 810 2819 quod
843 2737 960 2801 oculus
989 2745 1041 2799 est
1073 2733 1208 2798 visibilis
1238 2756 1259 2799 a
1288 2754 1333 2807 se,
1359 2743 1397 2795 ut
1422 2752 1482 2816 per

328 2838 510 2921 speculum,
528 2850 561 2902 et
577 2842 620 2904 ab
635 2840 700 2904 alio
715 2851 825 2926 potest
845 2841 957 2904 videri.
1003 2839 1071 2904 Sed
1087 2837 1168 2902 nihil
1189 2838 1322 2902 videtur
1342 2836 1401 2898 nisi
1423 2856 1482 2916 per

300 3023 305 3034 Ι
329 2942 474 3025 speciem
489 2943 677 3009 venientem
692 2966 713 3008 a
729 2965 763 3010 re
779 2946 855 3010 visa
902 2943 970 3009 Sed
990 2964 1033 3008 an
1047 2942 1176 3026 species
1196 2941 1288 3013 haec,
1304 2960 1361 3001 seu
1379 2939 1481 3000 virtus

329 3045 443 3121 visiva,
457 3066 516 3110 seu
538 3048 620 3112 radii
642 3049 782 3115 visuales
804 3048 886 3114 fiant
908 3049 953 3112 ab
973 3049 1069 3113 oculo
1089 3044 1258 3127 usquead
1282 3062 1351 3106 rem
1368 3041 1482 3119 visam,

329 3150 467 3213 dubium
497 3150 557 3216 suit
586 3173 717 3237 semper
744 3155 835 3237 apud
865 3153 1039 3236 sapientes.
1101 3148 1169 3214 Sed
1199 3145 1396 3211 Aristoteles
1424 3167 1483 3211 sua

330 3254 484 3319 dissolvit
498 3258 695 3321 auctoritate
710 3259 840 3322 decimo
857 3278 946 3321 nono
962 3256 1005 3319 de
1016 3249 1251 3319 Animalibus²
1265 3252 1352 3316 hanc
1366 3272 1484 3334 quaes-

328 3360 468 3436 tionem,
494 3358 604 3424 dicens
633 3362 724 3443 quod
748 3362 827 3426 nihil
853 3362 943 3425 aliud
971 3370 1022 3425 est
1047 3359 1167 3433 videre,
1196 3377 1298 3439 quam
1327 3355 1483 3420 virtutem

330 3462 469 3527 visivam
481 3462 549 3527 fieri
561 3465 603 3528 ad
616 3485 683 3529 rem
696 3465 809 3529 visam.
849 3466 896 3529 Et
907 3464 1118 3529 Ptolemaeus
1128 3462 1141 3501 ³
1152 3462 1185 3525 in
1195 3460 1280 3525 libro
1292 3460 1335 3523 de
1344 3458 1482 3541 Opticis,

365 3598 374 3627 ¹
393 3598 456 3648 This
467 3600 568 3649 remark
581 3617 615 3650 on
627 3602 672 3651 the
683 3602 854 3665 propagation
871 3600 902 3650 of
913 3600 984 3650 soree
999 3601 1027 3649 iu
1043 3599 1125 3661 living
1141 3613 1254 3647 uervous
1270 3595 1351 3645 tissue
1362 3595 1485 3644 deserves

331 3678 468 3727 attention.

364 3756 377 3788 ¹
396 3756 421 3805 ll
429 3764 457 3805 to
468 3756 514 3806 the
525 3758 586 3807 nine
597 3758 679 3807 books
691 3758 724 3808 os
729 3758 843 3807 Historia
854 3757 883 3806 de
892 3756 1057 3805 Animatus
1066 3770 1110 3803 we
1121 3754 1171 3802 add
1183 3754 1228 3802 the
1239 3753 1298 3801 four
1308 3752 1348 3800 De
1357 3751 1483 3813 Paruum,

331 3836 380 3885 the
392 3851 445 3886 one
457 3835 495 3884 Dr
504 3836 610 3895 Incessit,
622 3838 673 3887 and
684 3838 729 3886 the
741 3838 790 3886 live
802 3837 841 3886 De
852 3836 1018 3894 omnm,
1029 3850 1072 3884 we
1082 3841 1127 3895 get
1143 3833 1274 3881 nineteen.
1309 3830 1339 3878 ln
1355 3830 1396 3879 Dr
1412 3831 1487 3880 Gent-

332 3914 430 3963 Μίαν
440 3914 613 3977 Amulium,
625 3915 668 3966 lrb.
680 3932 704 3966 v.
720 3931 741 3977 1,
755 3915 881 3965 Aristotle
893 3915 988 3977 speaks
999 3913 1029 3962 oi
1036 3914 1098 3961 both
1111 3911 1234 3967 tbeories,
1247 3909 1373 3958 radiation
1390 3916 1418 3957 to
1434 3909 1486 3957 and

333 3994 463 4043 radiation
482 3994 546 4041 trum
564 3994 610 4042 the
629 4009 687 4056 eye,
707 3994 819 4044 without
836 3993 990 4056 expressing
1005 4008 1022 4041 a
1038 3990 1145 4040 distimt
1163 3988 1314 4052 preference
1332 3988 1374 4037 ior
1392 3987 1483 4038 either.

332 4070 415 4122 ottlv
425 4068 474 4134 ¹pin
485 4068 592 4135 διιφᾶρει
605 4070 636 4120 rd
651 4072 736 4135 λέγειν
752 4072 818 4135 δρᾶν,
833 4070 916 4132 ὥσπερ
925 4068 989 4118 τινές
1004 4079 1075 4131 φασι,
1085 4068 1121 4130 ri)
1139 4066 1185 4129 τὴν
1202 4066 1256 4131 ὄψιν
1267 4066 1353 4128 ierim
1366 4102 1374 4116 .
1386 4101 1394 4115 .
1405 4062 1441 4126 ,ἡ
1456 4064 1486 4113 τι)

332 4150 364 4214 ἡ
375 4148 425 4198 ἀπὸ
440 4148 489 4197 τᾶν
500 4148 625 4213 ‹lmlm
636 4148 730 4211 κινήσει
741 4148 806 4214 ὁρᾶν.
840 4149 881 4197 On
896 4149 941 4198 the
955 4148 1034 4197 other
1046 4147 1115 4195 band
1132 4146 1158 4195 iu
1174 4148 1219 4195 the
1239 4145 1345 4194 Treotr'sr
1354 4143 1384 4192 de
1393 4143 1484 4203 Sensu,

333 4245 390 4293 up.
406 4230 434 4279 ii.
452 4228 487 4277 be
503 4230 646 4277 condemns
658 4228 702 4277 the
719 4228 795 4278 latter
809 4228 963 4288 decidedly;
979 4225 1136 4287 remarking,
1147 4222 1242 4289 damn
1252 4225 1275 4270 δ’
1287 4222 1350 4271 ὅλως
1359 4222 1390 4269 τὸ
1400 4220 1488 4283 ἐξιόντι

332 4308 382 4357 ml
394 4306 442 4368 nl!
453 4308 509 4371 (φα
520 4306 586 4371 ὁρᾶν,
598 4304 639 4355 nl
648 4304 816 4357 ἀνατείνεσθαι
828 4305 902 4369 μέχρι
912 4302 962 4353 rriw
971 4306 1074 4367 dmm.

367 4388 378 4415 ⁸
397 4402 420 4435 e.
429 4401 455 4448 g.
474 4386 569 4449 oprta,
592 4400 619 4449 p.
641 4400 670 4447 η
689 4385 742 4449 (ed.
765 4385 844 4447 Govi)
864 4383 957 4433 ¹v1sus
973 4382 1098 4433 discernit
1113 4382 1191 4431 situm
1208 4394 1345 4442 corporum
1363 4415 1372 4429 .
1388 4412 1396 4427 .
1415 4414 1423 4428 .
1441 4392 1490 4441 per

333 4466 444 4515 adim
455 4466 583 4515 radiorum
598 4479 613 4512 a
625 4464 680 4513 visu
696 4464 841 4513 cadentium
853 4478 934 4525 super
944 4461 1005 4511 ilia'
1038 4461 1099 4510 And
1109 4460 1227 4522 agaimp.
1239 4472 1281 4519 29,
1294 4456 1419 4517 ‘figuras
1429 4472 1490 4519 cog-

332 4544 421 4595 noscit
432 4544 503 4593 visits
514 4558 563 4607 per
574 4542 671 4605 figuras
681 4541 781 4591 basium
792 4556 872 4605 super
883 4556 948 4603 quas
959 4541 1055 4590 endunt
1060 4538 1174 4588 visibiles
1182 4535 1265 4587 radii)
1299 4535 1351 4584 But
1363 4534 1489 4597 Ptolemy,

331 4624 416 4673 while
426 4622 556 4685 suerting
566 4622 613 4671 the
624 4621 731 4682 activity
740 4618 770 4669 os
777 4620 822 4669 the
834 4635 884 4682 eye
897 4619 923 4667 in
934 4620 1028 4678 vision,
1039 4618 1105 4667 does
1115 4621 1348 4665 notcounteuanoe
1359 4613 1405 4663 the
1411 4616 1491 4663 crude

378 4714 463 4767 vo1..
480 4714 519 4765 11.
905 4712 929 4763 Ε
