<?xml version="1.0" encoding="UTF-8"?>
<!DOCTYPE html PUBLIC "-//W3C//DTD XHTML 1.0 Transitional//EN"
    "http://www.w3.org/TR/xhtml1/DTD/xhtml1-transitional.dtd">
<html xmlns="http://www.w3.org/1999/xhtml" xml:lang="en" lang="en">
 <head>
  <title>
</title>
<meta http-equiv="Content-Type" content="text/html;charset=utf-8" />
  <meta name='ocr-system' content='tesseract 3.04.00' />
  <meta name='ocr-capabilities' content='ocr_page ocr_carea ocr_par ocr_line ocrx_word'/>
</head>
<body>
  <div class='ocr_page' id='page_1' title='image "./opusmajusrogerb02bridgoog/opusmajusrogerb02bridgoog_0339.png"; bbox 0 0 3542 5359; ppageno 0'>
   <div class='ocr_carea' id='block_1_1' title="bbox 367 586 1326 666">
    <p class='ocr_par' dir='ltr' id='par_1_1' title="bbox 367 586 1326 666">
     <span class='ocr_line' id='line_1_1' title="bbox 367 586 1326 666; baseline -0.004 -19"><span class='ocrx_word' id='word_1_1' title='bbox 367 603 428 666; x_wconf 76' lang='lat'><strong>320</strong></span> <span class='ocrx_word' id='word_1_2' title='bbox 592 586 748 647; x_wconf 85' lang='lat' dir='ltr'><em>OPERIS</em></span> <span class='ocrx_word' id='word_1_3' title='bbox 771 587 962 658; x_wconf 81' lang='lat' dir='ltr'><em>MAJORIS</em></span> <span class='ocrx_word' id='word_1_4' title='bbox 987 587 1102 647; x_wconf 79' lang='lat' dir='ltr'><em>PARS</em></span> <span class='ocrx_word' id='word_1_5' title='bbox 1126 586 1326 646; x_wconf 80' lang='lat' dir='ltr'><em>SEPTIMA.</em></span> 
     </span>
    </p>
   </div>
   <div class='ocr_carea' id='block_1_2' title="bbox 369 749 1527 1460">
    <p class='ocr_par' dir='ltr' id='par_1_2' title="bbox 370 749 1527 921">
     <span class='ocr_line' id='line_1_2' title="bbox 370 749 1527 835; baseline -0.001 -19"><span class='ocrx_word' id='word_1_6' title='bbox 370 750 573 816; x_wconf 90' lang='lat' dir='ltr'><strong>imbecillum</strong></span> <span class='ocrx_word' id='word_1_7' title='bbox 600 751 898 834; x_wconf 87' lang='lat' dir='ltr'><strong>impatientemque</strong></span> <span class='ocrx_word' id='word_1_8' title='bbox 929 751 1072 816; x_wconf 87' lang='lat' dir='ltr'><strong>reddidit</strong></span> <span class='ocrx_word' id='word_1_9' title='bbox 1103 759 1320 835; x_wconf 89' lang='lat' dir='ltr'><strong>praesumpta</strong></span> <span class='ocrx_word' id='word_1_10' title='bbox 1346 749 1458 833; x_wconf 90' lang='lat' dir='ltr'><strong>opinio</strong></span> <span class='ocrx_word' id='word_1_11' title='bbox 1486 752 1527 815; x_wconf 91' lang='lat' dir='ltr'><strong>de</strong></span> 
     </span>
     <span class='ocr_line' id='line_1_3' title="bbox 371 855 791 921; baseline -0.002 -1"><span class='ocrx_word' id='word_1_12' title='bbox 371 877 437 920; x_wconf 93' lang='lat' dir='ltr'><strong>non</strong></span> <span class='ocrx_word' id='word_1_13' title='bbox 454 855 612 921; x_wconf 84' lang='lat' dir='ltr'><strong>timendis</strong></span> <span class='ocrx_word' id='word_1_14' title='bbox 627 856 791 921; x_wconf 85' lang='lat' dir='ltr'><strong>terribilis.</strong></span> 
     </span>
    </p>

    <p class='ocr_par' dir='ltr' id='par_1_3' title="bbox 369 955 1526 1460">
     <span class='ocr_line' id='line_1_4' title="bbox 413 955 1523 1044; baseline -0.001 -20"><span class='ocrx_word' id='word_1_15' title='bbox 413 961 563 1025; x_wconf 87' lang='lat' dir='ltr'><strong>‘Deinde</strong></span> <span class='ocrx_word' id='word_1_16' title='bbox 586 962 675 1044; x_wconf 92' lang='lat' dir='ltr'><strong>quod</strong></span> <span class='ocrx_word' id='word_1_17' title='bbox 699 960 849 1026; x_wconf 87' lang='lat' dir='ltr'><strong>naturale</strong></span> <span class='ocrx_word' id='word_1_18' title='bbox 870 969 922 1025; x_wconf 91' lang='lat' dir='ltr'><strong>est</strong></span> <span class='ocrx_word' id='word_1_19' title='bbox 945 981 1011 1026; x_wconf 92' lang='lat' dir='ltr'><strong>non</strong></span> <span class='ocrx_word' id='word_1_20' title='bbox 1034 961 1196 1025; x_wconf 87' lang='lat' dir='ltr'><strong>decrescit</strong></span> <span class='ocrx_word' id='word_1_21' title='bbox 1220 981 1333 1038; x_wconf 87' lang='lat' dir='ltr'><strong>mora;</strong></span> <span class='ocrx_word' id='word_1_22' title='bbox 1356 955 1523 1025; x_wconf 88' lang='lat' dir='ltr'><strong>dolorem’</strong></span> 
     </span>
     <span class='ocr_line' id='line_1_5' title="bbox 369 1063 1525 1148; baseline -0.003 -19"><span class='ocrx_word' id='word_1_23' title='bbox 369 1075 482 1130; x_wconf 90' lang='lat' dir='ltr'><strong>autem</strong></span> <span class='ocrx_word' id='word_1_24' title='bbox 498 1067 587 1131; x_wconf 90' lang='lat' dir='ltr'><strong>‘dies</strong></span> <span class='ocrx_word' id='word_1_25' title='bbox 598 1066 698 1148; x_wconf 89' lang='lat' dir='ltr'><strong>longa</strong></span> <span class='ocrx_word' id='word_1_26' title='bbox 713 1063 899 1130; x_wconf 90' lang='lat' dir='ltr'><strong>consumit.&#39;</strong></span> <span class='ocrx_word' id='word_1_27' title='bbox 931 1063 999 1130; x_wconf 89' lang='lat' dir='ltr'><strong>Sed</strong></span> <span class='ocrx_word' id='word_1_28' title='bbox 1016 1065 1106 1130; x_wconf 91' lang='lat' dir='ltr'><strong>dices</strong></span> <span class='ocrx_word' id='word_1_29' title='bbox 1122 1064 1221 1129; x_wconf 93' lang='lat' dir='ltr'><strong>‘Non</strong></span> <span class='ocrx_word' id='word_1_30' title='bbox 1237 1065 1351 1148; x_wconf 89' lang='lat' dir='ltr'><strong>putavi</strong></span> <span class='ocrx_word' id='word_1_31' title='bbox 1368 1063 1525 1129; x_wconf 90' lang='lat' dir='ltr'><strong>futurum.</strong></span> 
     </span>
     <span class='ocr_line' id='line_1_6' title="bbox 370 1168 1524 1254; baseline -0.002 -20"><span class='ocrx_word' id='word_1_32' title='bbox 370 1168 560 1253; x_wconf 83' lang='lat' dir='ltr'><strong>Quicquam</strong></span> <span class='ocrx_word' id='word_1_33' title='bbox 575 1179 612 1234; x_wconf 93' lang='lat' dir='ltr'><strong>tu</strong></span> <span class='ocrx_word' id='word_1_34' title='bbox 629 1179 727 1254; x_wconf 85' lang='lat' dir='ltr'><strong>putas</strong></span> <span class='ocrx_word' id='word_1_35' title='bbox 743 1189 811 1233; x_wconf 91' lang='lat' dir='ltr'><strong>non</strong></span> <span class='ocrx_word' id='word_1_36' title='bbox 834 1168 981 1233; x_wconf 88' lang='lat' dir='ltr'><strong>futurum</strong></span> <span class='ocrx_word' id='word_1_37' title='bbox 1002 1169 1094 1252; x_wconf 95' lang='lat' dir='ltr'><strong>quod</strong></span> <span class='ocrx_word' id='word_1_38' title='bbox 1118 1168 1230 1233; x_wconf 92' lang='lat' dir='ltr'><strong>multis</strong></span> <span class='ocrx_word' id='word_1_39' title='bbox 1246 1169 1310 1232; x_wconf 86' lang='lat' dir='ltr'><strong>scis</strong></span> <span class='ocrx_word' id='word_1_40' title='bbox 1331 1189 1429 1253; x_wconf 89' lang='lat' dir='ltr'><strong>posse</strong></span> <span class='ocrx_word' id='word_1_41' title='bbox 1447 1168 1524 1242; x_wconf 85' lang='lat' dir='ltr'><strong>fieri,</strong></span> 
     </span>
     <span class='ocr_line' id='line_1_7' title="bbox 369 1273 1526 1358; baseline -0.001 -19"><span class='ocrx_word' id='word_1_42' title='bbox 369 1277 459 1358; x_wconf 92' lang='lat' dir='ltr'><strong>quod</strong></span> <span class='ocrx_word' id='word_1_43' title='bbox 484 1273 598 1338; x_wconf 92' lang='lat' dir='ltr'><strong>multis</strong></span> <span class='ocrx_word' id='word_1_44' title='bbox 620 1273 713 1337; x_wconf 92' lang='lat' dir='ltr'><strong>vides</strong></span> <span class='ocrx_word' id='word_1_45' title='bbox 736 1273 909 1338; x_wconf 81' lang='lat' dir='ltr'><strong>evenisse?</strong></span> <span class='ocrx_word' id='word_1_46' title='bbox 956 1273 1137 1357; x_wconf 85' lang='lat' dir='ltr'><strong>Egregium</strong></span> <span class='ocrx_word' id='word_1_47' title='bbox 1161 1293 1291 1336; x_wconf 86' lang='lat' dir='ltr'><strong>versum</strong></span> <span class='ocrx_word' id='word_1_48' title='bbox 1321 1284 1355 1338; x_wconf 92' lang='lat' dir='ltr'><strong>et</strong></span> <span class='ocrx_word' id='word_1_49' title='bbox 1387 1273 1526 1356; x_wconf 88' lang='lat' dir='ltr'><strong>dignum</strong></span> 
     </span>
     <span class='ocr_line' id='line_1_8' title="bbox 371 1376 823 1460; baseline -0.002 -19"><span class='ocrx_word' id='word_1_50' title='bbox 371 1378 427 1460; x_wconf 91' lang='lat' dir='ltr'><strong>qui</strong></span> <span class='ocrx_word' id='word_1_51' title='bbox 445 1398 512 1441; x_wconf 91' lang='lat' dir='ltr'><strong>non</strong></span> <span class='ocrx_word' id='word_1_52' title='bbox 530 1399 548 1441; x_wconf 96' lang='lat' dir='ltr'><strong>e</strong></span> <span class='ocrx_word' id='word_1_53' title='bbox 565 1376 690 1460; x_wconf 88' lang='lat' dir='ltr'><strong>populo</strong></span> <span class='ocrx_word' id='word_1_54' title='bbox 706 1378 823 1451; x_wconf 68' lang='lat' dir='ltr'><strong>exiret,</strong></span> 
     </span>
    </p>
   </div>
   <div class='ocr_carea' id='block_1_3' title="bbox 547 1514 1354 1600">
    <p class='ocr_par' dir='ltr' id='par_1_4' title="bbox 547 1514 1354 1600">
     <span class='ocr_line' id='line_1_9' title="bbox 547 1514 1354 1600; baseline -0.001 -19"><span class='ocrx_word' id='word_1_55' title='bbox 547 1514 660 1581; x_wconf 80' lang='lat' dir='ltr'><strong>Cuivis</strong></span> <span class='ocrx_word' id='word_1_56' title='bbox 673 1525 782 1598; x_wconf 80' lang='lat' dir='ltr'><strong>potest</strong></span> <span class='ocrx_word' id='word_1_57' title='bbox 801 1515 944 1578; x_wconf 80' lang='lat' dir='ltr'><strong>accidere</strong></span> <span class='ocrx_word' id='word_1_58' title='bbox 965 1515 1053 1598; x_wconf 83' lang='lat' dir='ltr'><strong>quod</strong></span> <span class='ocrx_word' id='word_1_59' title='bbox 1070 1515 1222 1600; x_wconf 86' lang='lat' dir='ltr'><strong>cuiquam</strong></span> <span class='ocrx_word' id='word_1_60' title='bbox 1238 1525 1354 1599; x_wconf 79' lang='lat' dir='ltr'><strong>potest.</strong></span> 
     </span>
    </p>
   </div>
   <div class='ocr_carea' id='block_1_4' title="bbox 369 1651 1528 4132">
    <p class='ocr_par' dir='ltr' id='par_1_5' title="bbox 369 1651 1527 1946">
     <span class='ocr_line' id='line_1_10' title="bbox 412 1651 1527 1739; baseline 0.003 -23"><span class='ocrx_word' id='word_1_61' title='bbox 412 1651 497 1718; x_wconf 93' lang='lat' dir='ltr'><strong>‘llle</strong></span> <span class='ocrx_word' id='word_1_62' title='bbox 516 1654 628 1718; x_wconf 90' lang='lat' dir='ltr'><strong>amisit</strong></span> <span class='ocrx_word' id='word_1_63' title='bbox 649 1653 790 1729; x_wconf 90' lang='lat' dir='ltr'><strong>liberos,·</strong></span> <span class='ocrx_word' id='word_1_64' title='bbox 821 1663 855 1717; x_wconf 88' lang='lat' dir='ltr'><strong>et</strong></span> <span class='ocrx_word' id='word_1_65' title='bbox 876 1663 914 1718; x_wconf 92' lang='lat' dir='ltr'><strong>tu</strong></span> <span class='ocrx_word' id='word_1_66' title='bbox 937 1654 1091 1719; x_wconf 87' lang='lat' dir='ltr'><strong>amittere</strong></span> <span class='ocrx_word' id='word_1_67' title='bbox 1114 1665 1218 1739; x_wconf 89' lang='lat' dir='ltr'><strong>potes.</strong></span> <span class='ocrx_word' id='word_1_68' title='bbox 1264 1654 1326 1718; x_wconf 90' lang='lat' dir='ltr'><strong>Ille</strong></span> <span class='ocrx_word' id='word_1_69' title='bbox 1348 1656 1527 1720; x_wconf 87' lang='lat' dir='ltr'><strong>damnatus</strong></span> 
     </span>
     <span class='ocr_line' id='line_1_11' title="bbox 369 1757 1525 1843; baseline -0.001 -20"><span class='ocrx_word' id='word_1_70' title='bbox 369 1767 439 1833; x_wconf 84' lang='lat' dir='ltr'><strong>est;</strong></span> <span class='ocrx_word' id='word_1_71' title='bbox 468 1767 502 1822; x_wconf 87' lang='lat' dir='ltr'><strong>et</strong></span> <span class='ocrx_word' id='word_1_72' title='bbox 527 1767 586 1822; x_wconf 93' lang='lat' dir='ltr'><strong>tua</strong></span> <span class='ocrx_word' id='word_1_73' title='bbox 611 1758 802 1822; x_wconf 87' lang='lat' dir='ltr'><strong>innocentia</strong></span> <span class='ocrx_word' id='word_1_74' title='bbox 822 1757 885 1820; x_wconf 88' lang='lat' dir='ltr'><strong>sub</strong></span> <span class='ocrx_word' id='word_1_75' title='bbox 908 1758 976 1822; x_wconf 86' lang='lat' dir='ltr'><strong>ictu</strong></span> <span class='ocrx_word' id='word_1_76' title='bbox 1003 1767 1062 1822; x_wconf 87' lang='lat' dir='ltr'><strong>est.</strong></span> <span class='ocrx_word' id='word_1_77' title='bbox 1108 1758 1231 1823; x_wconf 90' lang='lat' dir='ltr'><strong>Terror</strong></span> <span class='ocrx_word' id='word_1_78' title='bbox 1251 1760 1375 1843; x_wconf 87' lang='lat' dir='ltr'><strong>decipit</strong></span> <span class='ocrx_word' id='word_1_79' title='bbox 1396 1759 1473 1825; x_wconf 90' lang='lat' dir='ltr'><strong>hic.</strong></span> <span class='ocrx_word' id='word_1_80' title='bbox 1492 1806 1525 1824; x_wconf 88' lang='lat'><strong>..</strong></span> 
     </span>
     <span class='ocr_line' id='line_1_12' title="bbox 369 1861 1305 1946; baseline 0.003 -20"><span class='ocrx_word' id='word_1_81' title='bbox 369 1861 475 1926; x_wconf 83' lang='lat' dir='ltr'><strong>aufert</strong></span> <span class='ocrx_word' id='word_1_82' title='bbox 489 1863 558 1926; x_wconf 78' lang='lat' dir='ltr'><strong>va</strong></span> <span class='ocrx_word' id='word_1_83' title='bbox 574 1863 802 1946; x_wconf 91' lang='lat' dir='ltr'><strong>praesentibus</strong></span> <span class='ocrx_word' id='word_1_84' title='bbox 818 1862 914 1926; x_wconf 88' lang='lat' dir='ltr'><strong>malis</strong></span> <span class='ocrx_word' id='word_1_85' title='bbox 930 1862 985 1945; x_wconf 92' lang='lat' dir='ltr'><strong>qui</strong></span> <span class='ocrx_word' id='word_1_86' title='bbox 1001 1861 1111 1927; x_wconf 90' lang='lat' dir='ltr'><strong>futura</strong></span> <span class='ocrx_word' id='word_1_87' title='bbox 1126 1864 1305 1946; x_wconf 84' lang='lat' dir='ltr'><strong>prospexit.</strong></span> 
     </span>
    </p>

    <p class='ocr_par' dir='ltr' id='par_1_6' title="bbox 369 1966 1528 3827">
     <span class='ocr_line' id='line_1_13' title="bbox 415 1966 1525 2051; baseline 0 -20"><span class='ocrx_word' id='word_1_88' title='bbox 415 1966 603 2051; x_wconf 84' lang='lat' dir='ltr'><strong>‘Quicquid</strong></span> <span class='ocrx_word' id='word_1_89' title='bbox 627 1977 678 2032; x_wconf 90' lang='lat' dir='ltr'><strong>est</strong></span> <span class='ocrx_word' id='word_1_90' title='bbox 699 1966 772 2046; x_wconf 88' lang='lat' dir='ltr'><strong>hoc,</strong></span> <span class='ocrx_word' id='word_1_91' title='bbox 795 1966 933 2044; x_wconf 88' lang='lat' dir='ltr'><strong>Marcia,</strong></span> <span class='ocrx_word' id='word_1_92' title='bbox 956 1967 1048 2049; x_wconf 92' lang='lat' dir='ltr'><strong>quod</strong></span> <span class='ocrx_word' id='word_1_93' title='bbox 1077 1967 1164 2030; x_wconf 85' lang='lat' dir='ltr'><strong>circa</strong></span> <span class='ocrx_word' id='word_1_94' title='bbox 1188 1987 1249 2031; x_wconf 92' lang='lat' dir='ltr'><strong>nos</strong></span> <span class='ocrx_word' id='word_1_95' title='bbox 1272 1988 1316 2031; x_wconf 88' lang='lat' dir='ltr'><strong>ex</strong></span> <span class='ocrx_word' id='word_1_96' title='bbox 1338 1967 1525 2033; x_wconf 89' lang='lat' dir='ltr'><strong>adventicio</strong></span> 
     </span>
     <span class='ocr_line' id='line_1_14' title="bbox 369 2070 1526 2156; baseline 0.002 -22"><span class='ocrx_word' id='word_1_97' title='bbox 369 2071 485 2154; x_wconf 79' lang='lat' dir='ltr'><strong>fulget,</strong></span> <span class='ocrx_word' id='word_1_98' title='bbox 516 2070 618 2146; x_wconf 88' lang='lat' dir='ltr'><strong>liberi,</strong></span> <span class='ocrx_word' id='word_1_99' title='bbox 649 2071 801 2146; x_wconf 80' lang='lat' dir='ltr'><strong>honores,</strong></span> <span class='ocrx_word' id='word_1_100' title='bbox 830 2091 922 2154; x_wconf 91' lang='lat' dir='ltr'><strong>opes,</strong></span> <span class='ocrx_word' id='word_1_101' title='bbox 951 2072 1063 2156; x_wconf 89' lang='lat' dir='ltr'><strong>ampla</strong></span> <span class='ocrx_word' id='word_1_102' title='bbox 1095 2071 1189 2149; x_wconf 86' lang='lat' dir='ltr'><strong>atria,</strong></span> <span class='ocrx_word' id='word_1_103' title='bbox 1220 2071 1392 2136; x_wconf 90' lang='lat' dir='ltr'><strong>clientium</strong></span> <span class='ocrx_word' id='word_1_104' title='bbox 1420 2072 1526 2144; x_wconf 91' lang='lat' dir='ltr'><strong>turba,</strong></span> 
     </span>
     <span class='ocr_line' id='line_1_15' title="bbox 370 2174 1526 2256; baseline -0.001 -17"><span class='ocrx_word' id='word_1_105' title='bbox 370 2174 489 2239; x_wconf 89' lang='lat' dir='ltr'><strong>referta</strong></span> <span class='ocrx_word' id='word_1_106' title='bbox 510 2174 706 2240; x_wconf 88' lang='lat' dir='ltr'><strong>vestibula.</strong></span> <span class='ocrx_word' id='word_1_107' title='bbox 731 2221 738 2237; x_wconf 91' lang='lat'><strong>.</strong></span> <span class='ocrx_word' id='word_1_108' title='bbox 763 2221 771 2238; x_wconf 89' lang='lat'><strong>.</strong></span> <span class='ocrx_word' id='word_1_109' title='bbox 793 2183 991 2256; x_wconf 81' lang='lat' dir='ltr'><strong>caeteraque</strong></span> <span class='ocrx_word' id='word_1_110' title='bbox 1012 2194 1057 2239; x_wconf 87' lang='lat' dir='ltr'><strong>ex</strong></span> <span class='ocrx_word' id='word_1_111' title='bbox 1080 2175 1204 2240; x_wconf 89' lang='lat' dir='ltr'><strong>incerta</strong></span> <span class='ocrx_word' id='word_1_112' title='bbox 1227 2185 1261 2239; x_wconf 90' lang='lat' dir='ltr'><strong>et</strong></span> <span class='ocrx_word' id='word_1_113' title='bbox 1292 2175 1407 2239; x_wconf 88' lang='lat' dir='ltr'><strong>mobili</strong></span> <span class='ocrx_word' id='word_1_114' title='bbox 1438 2186 1526 2240; x_wconf 86' lang='lat' dir='ltr'><strong>sorte</strong></span> 
     </span>
     <span class='ocr_line' id='line_1_16' title="bbox 370 2272 1524 2366; baseline 0 -24"><span class='ocrx_word' id='word_1_115' title='bbox 370 2278 558 2362; x_wconf 88' lang='lat' dir='ltr'><strong>pendentia,</strong></span> <span class='ocrx_word' id='word_1_116' title='bbox 597 2279 694 2342; x_wconf 87' lang='lat' dir='ltr'><strong>alieni</strong></span> <span class='ocrx_word' id='word_1_117' title='bbox 731 2272 1035 2366; x_wconf 83' lang='lat' dir='ltr'><strong>commodati[que]</strong></span> <span class='ocrx_word' id='word_1_118' title='bbox 1075 2281 1253 2361; x_wconf 83' lang='lat' dir='ltr'><strong>adparatus</strong></span> <span class='ocrx_word' id='word_1_119' title='bbox 1289 2290 1376 2343; x_wconf 87' lang='lat' dir='ltr'><strong>sunt.</strong></span> <span class='ocrx_word' id='word_1_120' title='bbox 1434 2279 1524 2344; x_wconf 90' lang='lat' dir='ltr'><strong>Nihil</strong></span> 
     </span>
     <span class='ocr_line' id='line_1_17' title="bbox 371 2380 1525 2460; baseline 0.003 -15"><span class='ocrx_word' id='word_1_121' title='bbox 371 2383 488 2447; x_wconf 89' lang='lat' dir='ltr'><strong>horum</strong></span> <span class='ocrx_word' id='word_1_122' title='bbox 505 2384 594 2447; x_wconf 93' lang='lat' dir='ltr'><strong>dono</strong></span> <span class='ocrx_word' id='word_1_123' title='bbox 612 2386 728 2460; x_wconf 82' lang='lat' dir='ltr'><strong>datur3</strong></span> <span class='ocrx_word' id='word_1_124' title='bbox 751 2380 922 2447; x_wconf 90' lang='lat' dir='ltr'><strong>collaticiis</strong></span> <span class='ocrx_word' id='word_1_125' title='bbox 941 2392 975 2446; x_wconf 91' lang='lat' dir='ltr'><strong>et</strong></span> <span class='ocrx_word' id='word_1_126' title='bbox 995 2384 1036 2447; x_wconf 89' lang='lat' dir='ltr'><strong>ad</strong></span> <span class='ocrx_word' id='word_1_127' title='bbox 1058 2384 1214 2448; x_wconf 89' lang='lat' dir='ltr'><strong>dominos</strong></span> <span class='ocrx_word' id='word_1_128' title='bbox 1236 2383 1387 2449; x_wconf 89' lang='lat' dir='ltr'><strong>redituris</strong></span> <span class='ocrx_word' id='word_1_129' title='bbox 1409 2383 1525 2448; x_wconf 90' lang='lat' dir='ltr'><strong>instru-</strong></span> 
     </span>
     <span class='ocr_line' id='line_1_18' title="bbox 372 2485 1526 2572; baseline 0 -21"><span class='ocrx_word' id='word_1_130' title='bbox 372 2488 494 2552; x_wconf 86' lang='lat' dir='ltr'><strong>mentis</strong></span> <span class='ocrx_word' id='word_1_131' title='bbox 508 2507 609 2550; x_wconf 88' lang='lat' dir='ltr'><strong>scena</strong></span> <span class='ocrx_word' id='word_1_132' title='bbox 623 2485 813 2551; x_wconf 87' lang='lat' dir='ltr'><strong>adornatur.</strong></span> <span class='ocrx_word' id='word_1_133' title='bbox 858 2485 940 2552; x_wconf 88' lang='lat' dir='ltr'><strong>Alia</strong></span> <span class='ocrx_word' id='word_1_134' title='bbox 955 2508 999 2550; x_wconf 86' lang='lat' dir='ltr'><strong>ex</strong></span> <span class='ocrx_word' id='word_1_135' title='bbox 1014 2487 1066 2550; x_wconf 89' lang='lat' dir='ltr'><strong>his</strong></span> <span class='ocrx_word' id='word_1_136' title='bbox 1086 2487 1195 2572; x_wconf 90' lang='lat' dir='ltr'><strong>primo</strong></span> <span class='ocrx_word' id='word_1_137' title='bbox 1213 2488 1279 2563; x_wconf 89' lang='lat' dir='ltr'><strong>die,</strong></span> <span class='ocrx_word' id='word_1_138' title='bbox 1301 2488 1366 2551; x_wconf 88' lang='lat' dir='ltr'><strong>alia</strong></span> <span class='ocrx_word' id='word_1_139' title='bbox 1381 2488 1526 2552; x_wconf 88' lang='lat' dir='ltr'><strong>secundo</strong></span> 
     </span>
     <span class='ocr_line' id='line_1_19' title="bbox 372 2589 1524 2674; baseline 0.003 -21"><span class='ocrx_word' id='word_1_140' title='bbox 372 2590 562 2671; x_wconf 89' lang='lat' dir='ltr'><strong>referentur,</strong></span> <span class='ocrx_word' id='word_1_141' title='bbox 577 2610 682 2674; x_wconf 88' lang='lat' dir='ltr'><strong>pauca</strong></span> <span class='ocrx_word' id='word_1_142' title='bbox 698 2609 803 2674; x_wconf 91' lang='lat' dir='ltr'><strong>usque</strong></span> <span class='ocrx_word' id='word_1_143' title='bbox 822 2591 866 2658; x_wconf 92' lang='lat' dir='ltr'><strong>ad</strong></span> <span class='ocrx_word' id='word_1_144' title='bbox 889 2589 988 2654; x_wconf 87' lang='lat' dir='ltr'><strong>finem</strong></span> <span class='ocrx_word' id='word_1_145' title='bbox 1010 2593 1278 2673; x_wconf 90' lang='lat' dir='ltr'><strong>perseverabunt.</strong></span> <span class='ocrx_word' id='word_1_146' title='bbox 1325 2591 1444 2674; x_wconf 88' lang='lat' dir='ltr'><strong>ltaque</strong></span> <span class='ocrx_word' id='word_1_147' title='bbox 1460 2612 1524 2656; x_wconf 91' lang='lat' dir='ltr'><strong>non</strong></span> 
     </span>
     <span class='ocr_line' id='line_1_20' title="bbox 372 2695 1527 2780; baseline 0.001 -21"><span class='ocrx_word' id='word_1_148' title='bbox 372 2705 423 2759; x_wconf 87' lang='lat' dir='ltr'><strong>est</strong></span> <span class='ocrx_word' id='word_1_149' title='bbox 438 2696 528 2778; x_wconf 91' lang='lat' dir='ltr'><strong>quod</strong></span> <span class='ocrx_word' id='word_1_150' title='bbox 546 2715 606 2758; x_wconf 90' lang='lat' dir='ltr'><strong>nos</strong></span> <span class='ocrx_word' id='word_1_151' title='bbox 620 2695 839 2777; x_wconf 89' lang='lat' dir='ltr'><strong>suspiciamus</strong></span> <span class='ocrx_word' id='word_1_152' title='bbox 854 2705 1015 2777; x_wconf 89' lang='lat' dir='ltr'><strong>tanquam</strong></span> <span class='ocrx_word' id='word_1_153' title='bbox 1032 2695 1119 2758; x_wconf 88' lang='lat' dir='ltr'><strong>inter</strong></span> <span class='ocrx_word' id='word_1_154' title='bbox 1132 2705 1245 2760; x_wconf 90' lang='lat' dir='ltr'><strong>nostra</strong></span> <span class='ocrx_word' id='word_1_155' title='bbox 1266 2696 1388 2780; x_wconf 91' lang='lat' dir='ltr'><strong>positi:</strong></span> <span class='ocrx_word' id='word_1_156' title='bbox 1412 2707 1527 2760; x_wconf 89' lang='lat' dir='ltr'><strong>mutua</strong></span> 
     </span>
     <span class='ocr_line' id='line_1_21' title="bbox 371 2799 1528 2884; baseline 0 -20"><span class='ocrx_word' id='word_1_157' title='bbox 371 2800 571 2882; x_wconf 90' lang='lat' dir='ltr'><strong>accepimus.</strong></span> <span class='ocrx_word' id='word_1_158' title='bbox 618 2800 709 2864; x_wconf 84' lang='lat' dir='ltr'><strong>Usus</strong></span> <span class='ocrx_word' id='word_1_159' title='bbox 734 2799 927 2882; x_wconf 91' lang='lat' dir='ltr'><strong>fructusque</strong></span> <span class='ocrx_word' id='word_1_160' title='bbox 956 2810 1068 2863; x_wconf 92' lang='lat' dir='ltr'><strong>noster</strong></span> <span class='ocrx_word' id='word_1_161' title='bbox 1097 2810 1159 2878; x_wconf 89' lang='lat' dir='ltr'><strong>est,</strong></span> <span class='ocrx_word' id='word_1_162' title='bbox 1186 2800 1280 2883; x_wconf 90' lang='lat' dir='ltr'><strong>cujus</strong></span> <span class='ocrx_word' id='word_1_163' title='bbox 1308 2810 1442 2884; x_wconf 88' lang='lat' dir='ltr'><strong>tempus</strong></span> <span class='ocrx_word' id='word_1_164' title='bbox 1472 2799 1528 2864; x_wconf 91' lang='lat' dir='ltr'><strong>ille</strong></span> 
     </span>
     <span class='ocr_line' id='line_1_22' title="bbox 371 2902 1528 2988; baseline 0.001 -20"><span class='ocrx_word' id='word_1_165' title='bbox 371 2905 495 2969; x_wconf 91' lang='lat' dir='ltr'><strong>arbiter</strong></span> <span class='ocrx_word' id='word_1_166' title='bbox 510 2904 655 2968; x_wconf 89' lang='lat' dir='ltr'><strong>muneris</strong></span> <span class='ocrx_word' id='word_1_167' title='bbox 669 2902 743 2966; x_wconf 90' lang='lat' dir='ltr'><strong>sui¹</strong></span> <span class='ocrx_word' id='word_1_168' title='bbox 766 2903 860 2967; x_wconf 91' lang='lat' dir='ltr'><strong>Deus</strong></span> <span class='ocrx_word' id='word_1_169' title='bbox 874 2913 1054 2986; x_wconf 90' lang='lat' dir='ltr'><strong>temperat:</strong></span> <span class='ocrx_word' id='word_1_170' title='bbox 1082 2923 1143 2968; x_wconf 88' lang='lat' dir='ltr'><strong>nos</strong></span> <span class='ocrx_word' id='word_1_171' title='bbox 1164 2913 1295 2988; x_wconf 87' lang='lat' dir='ltr'><strong>oportet</strong></span> <span class='ocrx_word' id='word_1_172' title='bbox 1315 2905 1349 2968; x_wconf 88' lang='lat' dir='ltr'><strong>in</strong></span> <span class='ocrx_word' id='word_1_173' title='bbox 1370 2915 1528 2988; x_wconf 90' lang='lat' dir='ltr'><strong>promptu</strong></span> 
     </span>
     <span class='ocr_line' id='line_1_23' title="bbox 372 3007 1528 3091; baseline 0 -20"><span class='ocrx_word' id='word_1_174' title='bbox 372 3008 493 3073; x_wconf 86' lang='lat' dir='ltr'><strong>habere</strong></span> <span class='ocrx_word' id='word_1_175' title='bbox 514 3028 601 3090; x_wconf 89' lang='lat' dir='ltr'><strong>quae</strong></span> <span class='ocrx_word' id='word_1_176' title='bbox 624 3008 657 3070; x_wconf 95' lang='lat' dir='ltr'><strong>in</strong></span> <span class='ocrx_word' id='word_1_177' title='bbox 679 3009 842 3070; x_wconf 92' lang='lat' dir='ltr'><strong>incertum</strong></span> <span class='ocrx_word' id='word_1_178' title='bbox 865 3007 953 3070; x_wconf 93' lang='lat' dir='ltr'><strong>diem</strong></span> <span class='ocrx_word' id='word_1_179' title='bbox 976 3008 1055 3071; x_wconf 87' lang='lat' dir='ltr'><strong>data</strong></span> <span class='ocrx_word' id='word_1_180' title='bbox 1084 3016 1170 3083; x_wconf 87' lang='lat' dir='ltr'><strong>sunt,</strong></span> <span class='ocrx_word' id='word_1_181' title='bbox 1194 3018 1227 3071; x_wconf 91' lang='lat' dir='ltr'><strong>et</strong></span> <span class='ocrx_word' id='word_1_182' title='bbox 1249 3007 1434 3091; x_wconf 91' lang='lat' dir='ltr'><strong>adpellatos</strong></span> <span class='ocrx_word' id='word_1_183' title='bbox 1456 3011 1528 3072; x_wconf 90' lang='lat' dir='ltr'><strong>sine</strong></span> 
     </span>
     <span class='ocr_line' id='line_1_24' title="bbox 373 3111 1526 3195; baseline 0.003 -20"><span class='ocrx_word' id='word_1_184' title='bbox 373 3111 507 3195; x_wconf 89' lang='lat' dir='ltr'><strong>querela</strong></span> <span class='ocrx_word' id='word_1_185' title='bbox 528 3112 673 3176; x_wconf 91' lang='lat' dir='ltr'><strong>reddere.</strong></span> <span class='ocrx_word' id='word_1_186' title='bbox 719 3111 858 3176; x_wconf 87' lang='lat' dir='ltr'><strong>Pessimi</strong></span> <span class='ocrx_word' id='word_1_187' title='bbox 881 3111 1039 3176; x_wconf 88' lang='lat' dir='ltr'><strong>debitoris</strong></span> <span class='ocrx_word' id='word_1_188' title='bbox 1062 3121 1113 3176; x_wconf 88' lang='lat' dir='ltr'><strong>est</strong></span> <span class='ocrx_word' id='word_1_189' title='bbox 1135 3112 1288 3176; x_wconf 90' lang='lat' dir='ltr'><strong>creditori</strong></span> <span class='ocrx_word' id='word_1_190' title='bbox 1318 3111 1424 3178; x_wconf 89' lang='lat' dir='ltr'><strong>facere</strong></span> <span class='ocrx_word' id='word_1_191' title='bbox 1450 3133 1526 3178; x_wconf 86' lang='lat' dir='ltr'><strong>con·</strong></span> 
     </span>
     <span class='ocr_line' id='line_1_25' title="bbox 371 3215 1527 3298; baseline 0.002 -20"><span class='ocrx_word' id='word_1_192' title='bbox 371 3216 495 3279; x_wconf 89' lang='lat' dir='ltr'><strong>vicium</strong></span> <span class='ocrx_word' id='word_1_193' title='bbox 512 3262 519 3277; x_wconf 93' lang='lat'><strong>.</strong></span> <span class='ocrx_word' id='word_1_194' title='bbox 536 3262 543 3277; x_wconf 93' lang='lat'><strong>.</strong></span> <span class='ocrx_word' id='word_1_195' title='bbox 560 3262 568 3278; x_wconf 89' lang='lat'><strong>.</strong></span> <span class='ocrx_word' id='word_1_196' title='bbox 585 3215 694 3298; x_wconf 89' lang='lat' dir='ltr'><strong>Saepe</strong></span> <span class='ocrx_word' id='word_1_197' title='bbox 711 3216 942 3280; x_wconf 90' lang='lat' dir='ltr'><strong>admonendus</strong></span> <span class='ocrx_word' id='word_1_198' title='bbox 958 3225 1009 3280; x_wconf 88' lang='lat' dir='ltr'><strong>est</strong></span> <span class='ocrx_word' id='word_1_199' title='bbox 1027 3215 1167 3295; x_wconf 91' lang='lat' dir='ltr'><strong>animus,</strong></span> <span class='ocrx_word' id='word_1_200' title='bbox 1182 3225 1274 3280; x_wconf 91' lang='lat' dir='ltr'><strong>amet</strong></span> <span class='ocrx_word' id='word_1_201' title='bbox 1294 3226 1332 3282; x_wconf 90' lang='lat' dir='ltr'><strong>ut</strong></span> <span class='ocrx_word' id='word_1_202' title='bbox 1351 3237 1527 3296; x_wconf 88' lang='lat' dir='ltr'><strong>recessura,</strong></span> 
     </span>
     <span class='ocr_line' id='line_1_26' title="bbox 374 3318 1527 3403; baseline 0.003 -21"><span class='ocrx_word' id='word_1_203' title='bbox 374 3320 480 3383; x_wconf 90' lang='lat' dir='ltr'><strong>immo</strong></span> <span class='ocrx_word' id='word_1_204' title='bbox 505 3328 664 3401; x_wconf 87' lang='lat' dir='ltr'><strong>tanquam</strong></span> <span class='ocrx_word' id='word_1_205' title='bbox 686 3320 884 3384; x_wconf 86' lang='lat' dir='ltr'><strong>recedentia.</strong></span> <span class='ocrx_word' id='word_1_206' title='bbox 931 3318 1099 3403; x_wconf 85' lang='lat' dir='ltr'><strong>Quicquid</strong></span> <span class='ocrx_word' id='word_1_207' title='bbox 1126 3341 1147 3384; x_wconf 91' lang='lat' dir='ltr'><strong>a</strong></span> <span class='ocrx_word' id='word_1_208' title='bbox 1172 3320 1303 3385; x_wconf 80' lang='lat' dir='ltr'><strong>fortuna</strong></span> <span class='ocrx_word' id='word_1_209' title='bbox 1325 3323 1441 3386; x_wconf 84' lang='lat' dir='ltr'><strong>datum</strong></span> <span class='ocrx_word' id='word_1_210' title='bbox 1464 3330 1527 3400; x_wconf 90' lang='lat' dir='ltr'><strong>est,</strong></span> 
     </span>
     <span class='ocr_line' id='line_1_27' title="bbox 374 3423 1527 3505; baseline 0.002 -20"><span class='ocrx_word' id='word_1_211' title='bbox 374 3432 534 3504; x_wconf 88' lang='lat' dir='ltr'><strong>tanquam</strong></span> <span class='ocrx_word' id='word_1_212' title='bbox 553 3431 750 3504; x_wconf 87' lang='lat' dir='ltr'><strong>exemptum</strong></span> <span class='ocrx_word' id='word_1_213' title='bbox 774 3432 909 3487; x_wconf 91' lang='lat' dir='ltr'><strong>auctore</strong></span> <span class='ocrx_word' id='word_1_214' title='bbox 932 3423 1177 3505; x_wconf 88' lang='lat' dir='ltr'><strong>possideas...</strong></span> <span class='ocrx_word' id='word_1_215' title='bbox 1195 3423 1288 3488; x_wconf 91' lang='lat' dir='ltr'><strong>Nihil</strong></span> <span class='ocrx_word' id='word_1_216' title='bbox 1307 3425 1349 3488; x_wconf 91' lang='lat' dir='ltr'><strong>de</strong></span> <span class='ocrx_word' id='word_1_217' title='bbox 1368 3425 1527 3489; x_wconf 87' lang='lat' dir='ltr'><strong>hodierna</strong></span> 
     </span>
     <span class='ocr_line' id='line_1_28' title="bbox 373 3525 1528 3609; baseline 0.003 -20"><span class='ocrx_word' id='word_1_218' title='bbox 373 3535 472 3589; x_wconf 90' lang='lat' dir='ltr'><strong>nocte</strong></span> <span class='ocrx_word' id='word_1_219' title='bbox 495 3526 773 3609; x_wconf 90' lang='lat' dir='ltr'><strong>promittitur...</strong></span> <span class='ocrx_word' id='word_1_220' title='bbox 790 3525 870 3589; x_wconf 89' lang='lat' dir='ltr'><strong>nihil</strong></span> <span class='ocrx_word' id='word_1_221' title='bbox 894 3527 1021 3590; x_wconf 90' lang='lat' dir='ltr'><strong>dehac</strong></span> <span class='ocrx_word' id='word_1_222' title='bbox 1043 3526 1134 3591; x_wconf 90' lang='lat' dir='ltr'><strong>hora.</strong></span> <span class='ocrx_word' id='word_1_223' title='bbox 1189 3528 1428 3592; x_wconf 85' lang='lat' dir='ltr'><strong>Festinandum</strong></span> <span class='ocrx_word' id='word_1_224' title='bbox 1455 3538 1528 3604; x_wconf 84' lang='lat' dir='ltr'><strong>est3</strong></span> 
     </span>
     <span class='ocr_line' id='line_1_29' title="bbox 373 3629 1527 3713; baseline 0.003 -21"><span class='ocrx_word' id='word_1_225' title='bbox 373 3629 517 3693; x_wconf 81' lang='lat' dir='ltr'><strong>instatur</strong></span> <span class='ocrx_word' id='word_1_226' title='bbox 531 3650 551 3693; x_wconf 88' lang='lat' dir='ltr'><strong>a</strong></span> <span class='ocrx_word' id='word_1_227' title='bbox 564 3638 657 3712; x_wconf 83' lang='lat' dir='ltr'><strong>tergo</strong></span> <span class='ocrx_word' id='word_1_228' title='bbox 672 3678 681 3695; x_wconf 91' lang='lat'><strong>.</strong></span> <span class='ocrx_word' id='word_1_229' title='bbox 697 3679 704 3696; x_wconf 89' lang='lat'><strong><em>.</em></strong></span> <span class='ocrx_word' id='word_1_230' title='bbox 720 3679 727 3691; x_wconf 89' lang='lat'><strong>.</strong></span> <span class='ocrx_word' id='word_1_231' title='bbox 745 3630 878 3713; x_wconf 92' lang='lat' dir='ltr'><strong>Rapina</strong></span> <span class='ocrx_word' id='word_1_232' title='bbox 893 3650 1001 3694; x_wconf 90' lang='lat' dir='ltr'><strong>rerum</strong></span> <span class='ocrx_word' id='word_1_233' title='bbox 1013 3632 1162 3695; x_wconf 92' lang='lat' dir='ltr'><strong>omnium</strong></span> <span class='ocrx_word' id='word_1_234' title='bbox 1175 3641 1224 3696; x_wconf 88' lang='lat' dir='ltr'><strong>est</strong></span> <span class='ocrx_word' id='word_1_235' title='bbox 1239 3653 1249 3712; x_wconf 89' lang='lat'>;</span> <span class='ocrx_word' id='word_1_236' title='bbox 1271 3632 1381 3697; x_wconf 89' lang='lat' dir='ltr'><strong>miseri</strong></span> <span class='ocrx_word' id='word_1_237' title='bbox 1393 3633 1527 3697; x_wconf 87' lang='lat' dir='ltr'><strong>nescitis</strong></span> 
     </span>
     <span class='ocr_line' id='line_1_30' title="bbox 373 3731 1363 3827; baseline -0.001 -29"><span class='ocrx_word' id='word_1_238' title='bbox 373 3733 452 3818; x_wconf 88' lang='lat' dir='ltr'><strong>fuga</strong></span> <span class='ocrx_word' id='word_1_239' title='bbox 467 3731 596 3797; x_wconf 87' lang='lat' dir='ltr'><strong>vivere.’</strong></span> <span class='ocrx_word' id='word_1_240' title='bbox 1361 3818 1363 3827; x_wconf 33' lang='grc' dir='ltr'>Ι</span> 
     </span>
    </p>

    <p class='ocr_par' dir='ltr' id='par_1_7' title="bbox 373 3837 1528 4132">
     <span class='ocr_line' id='line_1_31' title="bbox 417 3837 1527 3924; baseline 0.001 -21"><span class='ocrx_word' id='word_1_241' title='bbox 417 3837 528 3922; x_wconf 90' lang='lat' dir='ltr'><strong>‘Quid</strong></span> <span class='ocrx_word' id='word_1_242' title='bbox 543 3858 628 3922; x_wconf 91' lang='lat' dir='ltr'><strong>opus</strong></span> <span class='ocrx_word' id='word_1_243' title='bbox 644 3847 695 3902; x_wconf 90' lang='lat' dir='ltr'><strong>est</strong></span> <span class='ocrx_word' id='word_1_244' title='bbox 715 3847 827 3920; x_wconf 88' lang='lat' dir='ltr'><strong>partes</strong></span> <span class='ocrx_word' id='word_1_245' title='bbox 844 3837 988 3902; x_wconf 82' lang='lat' dir='ltr'><strong>deflere?</strong></span> <span class='ocrx_word' id='word_1_246' title='bbox 1011 3848 1083 3903; x_wconf 90' lang='lat' dir='ltr'><strong>tota</strong></span> <span class='ocrx_word' id='word_1_247' title='bbox 1098 3837 1216 3902; x_wconf 91' lang='lat' dir='ltr'><strong>flebilis</strong></span> <span class='ocrx_word' id='word_1_248' title='bbox 1230 3840 1299 3905; x_wconf 84' lang='lat' dir='ltr'><strong>vita</strong></span> <span class='ocrx_word' id='word_1_249' title='bbox 1313 3850 1373 3905; x_wconf 89' lang='lat' dir='ltr'><strong>est.</strong></span> <span class='ocrx_word' id='word_1_250' title='bbox 1419 3840 1527 3924; x_wconf 86' lang='lat' dir='ltr'><strong>Urge-</strong></span> 
     </span>
     <span class='ocr_line' id='line_1_32' title="bbox 373 3943 1528 4026; baseline 0.003 -20"><span class='ocrx_word' id='word_1_251' title='bbox 373 3943 455 4008; x_wconf 90' lang='lat' dir='ltr'><strong>bunt</strong></span> <span class='ocrx_word' id='word_1_252' title='bbox 478 3962 571 4008; x_wconf 88' lang='lat' dir='ltr'><strong>nova</strong></span> <span class='ocrx_word' id='word_1_253' title='bbox 600 3944 811 4008; x_wconf 88' lang='lat' dir='ltr'><strong>incommoda</strong></span> <span class='ocrx_word' id='word_1_254' title='bbox 840 3943 1034 4026; x_wconf 89' lang='lat' dir='ltr'><strong>priusquam</strong></span> <span class='ocrx_word' id='word_1_255' title='bbox 1063 3944 1229 4008; x_wconf 90' lang='lat' dir='ltr'><strong>veteribus</strong></span> <span class='ocrx_word' id='word_1_256' title='bbox 1258 3944 1528 4011; x_wconf 89' lang='lat' dir='ltr'><strong>satisfeceris...</strong></span> 
     </span>
     <span class='ocr_line' id='line_1_33' title="bbox 374 4045 1528 4132; baseline 0.003 -22"><span class='ocrx_word' id='word_1_257' title='bbox 374 4045 465 4130; x_wconf 93' lang='lat' dir='ltr'><strong>Quid</strong></span> <span class='ocrx_word' id='word_1_258' title='bbox 494 4058 545 4112; x_wconf 89' lang='lat' dir='ltr'><strong>est</strong></span> <span class='ocrx_word' id='word_1_259' title='bbox 567 4046 694 4110; x_wconf 90' lang='lat' dir='ltr'><strong>homo?</strong></span> <span class='ocrx_word' id='word_1_260' title='bbox 715 4046 890 4129; x_wconf 91' lang='lat' dir='ltr'><strong>quodlibet</strong></span> <span class='ocrx_word' id='word_1_261' title='bbox 911 4065 1067 4130; x_wconf 88' lang='lat' dir='ltr'><strong>quassum</strong></span> <span class='ocrx_word' id='word_1_262' title='bbox 1089 4068 1149 4110; x_wconf 87' lang='lat' dir='ltr'><strong>vas</strong></span> <span class='ocrx_word' id='word_1_263' title='bbox 1171 4058 1205 4113; x_wconf 91' lang='lat' dir='ltr'><strong>et</strong></span> <span class='ocrx_word' id='word_1_264' title='bbox 1228 4048 1378 4131; x_wconf 88' lang='lat' dir='ltr'><strong>quolibet</strong></span> <span class='ocrx_word' id='word_1_265' title='bbox 1411 4048 1528 4132; x_wconf 86' lang='lat' dir='ltr'><strong>fragile</strong></span> 
     </span>
    </p>
   </div>
   <div class='ocr_carea' id='block_1_5' title="bbox 370 4150 1529 4549">
    <p class='ocr_par' dir='ltr' id='par_1_8' title="bbox 370 4150 1529 4549">
     <span class='ocr_line' id='line_1_34' title="bbox 370 4150 1528 4236; baseline 0.003 -21"><span class='ocrx_word' id='word_1_266' title='bbox 370 4150 510 4233; x_wconf 89' lang='lat' dir='ltr'><strong>jactatu.</strong></span> <span class='ocrx_word' id='word_1_267' title='bbox 556 4151 633 4215; x_wconf 93' lang='lat' dir='ltr'><strong>Non</strong></span> <span class='ocrx_word' id='word_1_268' title='bbox 672 4160 875 4235; x_wconf 88' lang='lat' dir='ltr'><strong>tempestate</strong></span> <span class='ocrx_word' id='word_1_269' title='bbox 912 4171 1034 4234; x_wconf 85' lang='lat' dir='ltr'><strong>magna</strong></span> <span class='ocrx_word' id='word_1_270' title='bbox 1070 4162 1107 4216; x_wconf 90' lang='lat' dir='ltr'><strong>ut</strong></span> <span class='ocrx_word' id='word_1_271' title='bbox 1143 4152 1309 4236; x_wconf 90' lang='lat' dir='ltr'><strong>dissiperis</strong></span> <span class='ocrx_word' id='word_1_272' title='bbox 1346 4162 1397 4218; x_wconf 89' lang='lat' dir='ltr'><strong>est</strong></span> <span class='ocrx_word' id='word_1_273' title='bbox 1433 4175 1528 4236; x_wconf 89' lang='lat' dir='ltr'><strong>opus.</strong></span> 
     </span>
     <span class='ocr_line' id='line_1_35' title="bbox 375 4253 1528 4338; baseline 0.001 -16"><span class='ocrx_word' id='word_1_274' title='bbox 375 4255 589 4336; x_wconf 89' lang='lat' dir='ltr'><strong>Ubicumque</strong></span> <span class='ocrx_word' id='word_1_275' title='bbox 603 4254 792 4319; x_wconf 86' lang='lat' dir='ltr'><strong>arietaveris</strong></span> <span class='ocrx_word' id='word_1_276' title='bbox 807 4254 953 4319; x_wconf 88' lang='lat' dir='ltr'><strong>solveris.</strong></span> <span class='ocrx_word' id='word_1_277' title='bbox 999 4253 1090 4338; x_wconf 90' lang='lat' dir='ltr'><strong>Quid</strong></span> <span class='ocrx_word' id='word_1_278' title='bbox 1106 4265 1157 4320; x_wconf 90' lang='lat' dir='ltr'><strong>est</strong></span> <span class='ocrx_word' id='word_1_279' title='bbox 1177 4255 1302 4322; x_wconf 86' lang='lat' dir='ltr'><strong>homo?</strong></span> <span class='ocrx_word' id='word_1_280' title='bbox 1325 4257 1528 4323; x_wconf 91' lang='lat' dir='ltr'><strong>imbecillum</strong></span> 
     </span>
     <span class='ocr_line' id='line_1_36' title="bbox 374 4358 1528 4445; baseline 0.002 -22"><span class='ocrx_word' id='word_1_281' title='bbox 374 4379 492 4440; x_wconf 92' lang='lat' dir='ltr'><strong>corpus</strong></span> <span class='ocrx_word' id='word_1_282' title='bbox 515 4369 549 4423; x_wconf 92' lang='lat' dir='ltr'><strong>et</strong></span> <span class='ocrx_word' id='word_1_283' title='bbox 571 4358 694 4442; x_wconf 87' lang='lat' dir='ltr'><strong>fragile,</strong></span> <span class='ocrx_word' id='word_1_284' title='bbox 708 4359 845 4437; x_wconf 88' lang='lat' dir='ltr'><strong>nudum,</strong></span> <span class='ocrx_word' id='word_1_285' title='bbox 867 4367 986 4441; x_wconf 90' lang='lat' dir='ltr'><strong>suapte</strong></span> <span class='ocrx_word' id='word_1_286' title='bbox 1009 4368 1127 4424; x_wconf 87' lang='lat' dir='ltr'><strong>natura</strong></span> <span class='ocrx_word' id='word_1_287' title='bbox 1151 4359 1285 4441; x_wconf 91' lang='lat' dir='ltr'><strong>inerme,</strong></span> <span class='ocrx_word' id='word_1_288' title='bbox 1308 4361 1435 4426; x_wconf 88' lang='lat' dir='ltr'><strong>alienae</strong></span> <span class='ocrx_word' id='word_1_289' title='bbox 1454 4363 1528 4445; x_wconf 90' lang='lat' dir='ltr'><strong>opis</strong></span> 
     </span>
     <span class='ocr_line' id='line_1_37' title="bbox 374 4461 1529 4549; baseline 0.005 -25"><span class='ocrx_word' id='word_1_290' title='bbox 374 4461 536 4544; x_wconf 87' lang='lat' dir='ltr'><strong>indigens,</strong></span> <span class='ocrx_word' id='word_1_291' title='bbox 552 4461 595 4525; x_wconf 89' lang='lat' dir='ltr'><strong>ad</strong></span> <span class='ocrx_word' id='word_1_292' title='bbox 612 4461 720 4526; x_wconf 89' lang='lat' dir='ltr'><strong>omnis</strong></span> <span class='ocrx_word' id='word_1_293' title='bbox 736 4461 888 4527; x_wconf 91' lang='lat' dir='ltr'><strong>fortunae</strong></span> <span class='ocrx_word' id='word_1_294' title='bbox 904 4463 1120 4528; x_wconf 87' lang='lat' dir='ltr'><strong>contumelias</strong></span> <span class='ocrx_word' id='word_1_295' title='bbox 1141 4463 1327 4548; x_wconf 87' lang='lat' dir='ltr'><strong>projectum</strong></span> <span class='ocrx_word' id='word_1_296' title='bbox 1343 4511 1350 4527; x_wconf 91' lang='lat'><strong>.</strong></span> <span class='ocrx_word' id='word_1_297' title='bbox 1367 4515 1375 4532; x_wconf 88' lang='lat'><strong>.</strong></span> <span class='ocrx_word' id='word_1_298' title='bbox 1391 4515 1399 4534; x_wconf 93' lang='lat'><strong>.</strong></span> <span class='ocrx_word' id='word_1_299' title='bbox 1418 4465 1529 4549; x_wconf 90' lang='lat' dir='ltr'><strong>cujus-</strong></span> 
     </span>
    </p>
   </div>
   <div class='ocr_carea' id='block_1_6' title="bbox 668 4638 1219 4705">
    <p class='ocr_par' dir='ltr' id='par_1_9' title="bbox 668 4638 1219 4705">
     <span class='ocr_line' id='line_1_38' title="bbox 668 4638 1219 4705; baseline 0.007 -15"><span class='ocrx_word' id='word_1_300' title='bbox 668 4638 677 4669; x_wconf 89' lang='lat'><strong>¹</strong></span> <span class='ocrx_word' id='word_1_301' title='bbox 696 4640 769 4690; x_wconf 88' lang='lat' dir='ltr'><strong>Deus</strong></span> <span class='ocrx_word' id='word_1_302' title='bbox 780 4639 802 4690; x_wconf 84' lang='lat' dir='ltr'><strong>is</strong></span> <span class='ocrx_word' id='word_1_303' title='bbox 814 4640 988 4704; x_wconf 79' lang='lat' dir='ltr'><strong>interpolated</strong></span> <span class='ocrx_word' id='word_1_304' title='bbox 999 4642 1063 4692; x_wconf 88' lang='lat' dir='ltr'><strong>here</strong></span> <span class='ocrx_word' id='word_1_305' title='bbox 1074 4642 1109 4705; x_wconf 87' lang='lat' dir='ltr'><strong>by</strong></span> <span class='ocrx_word' id='word_1_306' title='bbox 1121 4643 1219 4695; x_wconf 80' lang='lat' dir='ltr'><strong>Bacon.</strong></span> 
     </span>
    </p>
   </div>
   <div class='ocr_carea' id='block_1_7' title="bbox 0 0 1781 5359">
    <p class='ocr_par' dir='ltr' id='par_1_10' title="bbox 0 0 1781 5359">
     <span class='ocr_line' id='line_1_39' title="bbox 0 0 1781 5359; baseline 0 0"><span class='ocrx_word' id='word_1_307' title='bbox 0 0 1781 5359; x_wconf 95' lang='lat' dir='ltr'><strong> </strong></span> 
     </span>
    </p>
   </div>
  </div>
 </body>
</html>
