3542 5359
169 1177 276 1254 Magna:

168 1247 293 1307 nmmm

169 1308 255 1360 rulers.

336 579 397 663 284
549 585 704 667 OPERIS
728 585 917 654 MAJORIS
942 585 1056 642 PARS
1081 583 1279 644 SEPTIMA.

336 744 416 808 nihil
447 766 545 830 posse
576 768 644 830 quo
674 746 840 830 instigeris
870 747 1040 811 accidere.’
1087 747 1190 830 ‘Quis
1224 748 1312 812 enim
1350 746 1490 812 traditus

336 849 441 913 dolori
473 850 655 929 etsurens,
684 872 750 914 non
782 851 924 932 primam
959 851 1073 934 rejecit
1102 853 1361 917 verecundiam?
1407 851 1491 935 Quis

338 955 464 1037 impetu
487 956 638 1019 turbidus
658 966 692 1020 et
708 955 741 1019 in
756 955 902 1037 aliquem
922 976 1028 1036 ruenS,
1043 978 1110 1021 non
1127 957 1284 1041 quicquid
1298 957 1331 1020 in
1348 977 1385 1020 se
1401 975 1490 1019 vere·

339 1060 436 1122 cundi
453 1058 580 1134 habuit,
595 1059 718 1141 abjecit
728 1058 759 1124 ?’

382 1164 468 1228 Cum
496 1165 595 1247 igitur
620 1163 702 1226 nihil
729 1185 834 1246 aeque
864 1164 1033 1228 hominem
1062 1186 1162 1248 quam
1191 1185 1331 1248 magnus
1360 1166 1491 1229 animus

338 1269 444 1345 decet,
464 1277 502 1332 ut
528 1269 610 1333 dicit
637 1267 764 1332 Seneca
787 1267 871 1332 libro
896 1271 1042 1333 secundo
1064 1271 1107 1334 de
1132 1269 1327 1348 Clementia,
1349 1279 1383 1333 et
1406 1271 1492 1334 hanc

336 1374 492 1438 virtutem
530 1371 801 1456 gloriosissimam
839 1372 1013 1440 confundit
1051 1372 1107 1452 ira,
1140 1385 1173 1438 et
1211 1384 1360 1447 evacuat,
1393 1374 1492 1438 debet

337 1479 438 1541 homo
457 1476 660 1542 iracundiam
678 1497 699 1540 a
719 1498 780 1540 suo
800 1478 913 1541 animo
932 1477 1079 1542 funditus
1097 1478 1274 1561 extirpare,
1290 1488 1324 1542 et
1345 1479 1493 1542 maxime

338 1582 395 1665 qui
423 1591 563 1667 praeest.
609 1579 777 1663 Quoniam
808 1581 841 1644 in
873 1583 983 1664 primo
1013 1581 1097 1646 libro
1126 1584 1216 1660 dicit,
1239 1584 1329 1665 quod
1360 1583 1491 1666 ‘magni

340 1684 463 1750 animi¹
488 1696 540 1749 est
567 1685 702 1767 injurias
729 1685 762 1748 in
792 1704 923 1749 summa
949 1687 1099 1769 potentia
1124 1686 1202 1769 pati,
1226 1707 1286 1750 nec
1311 1687 1490 1769 quicquam

338 1789 512 1872 gloriosius
537 1809 610 1852 esse
636 1789 783 1871 principe
813 1791 950 1872 impune
980 1789 1088 1854 laeso.'
1136 1790 1182 1853 Et
1208 1790 1240 1854 in
1270 1791 1418 1854 secundo
1449 1793 1492 1854 de

341 1894 395 1957 Ira
413 1893 508 1956 affert
527 1892 719 1977 exemplum
737 1893 780 1957 ad
798 1893 874 1971 hoc,
891 1892 971 1957 ‘Ille
992 1891 1246 1977 magnanimus²
1260 1903 1294 1959 et
1310 1894 1491 1957 immobilis

338 2000 467 2080 estqui
492 2019 584 2061 more
610 2018 749 2081 magnae
775 1997 863 2062 serae
884 1998 1026 2062 latratus
1051 2019 1185 2062 suorum
1213 1999 1333 2062 civium
1356 2017 1491 2061 securus

339 2101 497 2168 exaudit.'
542 2104 589 2168 Et
616 2104 725 2168 adhuc
748 2102 782 2166 iu
806 2106 907 2169 tertio
932 2103 1058 2185 adjicit,
1078 2104 1185 2168 ‘illud
1212 2124 1277 2167 non
1302 2103 1435 2167 veniet³
1458 2103 1489 2166 in

338 2210 475 2273 dubium
500 2209 577 2292 quin
604 2231 641 2274 se
665 2211 828 2273 exemerit
853 2212 970 2274 turbae
1002 2219 1035 2272 et
1061 2209 1160 2273 altius
1186 2209 1315 2272 steterit
1341 2207 1491 2289 quisquis

338 2313 493 2398 despexit
517 2313 731 2378 lacessentes:
753 2315 924 2396 proprium
947 2325 997 2379 est
1018 2314 1107 2376 enim
1128 2331 1225 2377 verae
1249 2312 1488 2394 magnitudinis

339 2438 404 2480 nou
420 2419 541 2482 sentire
555 2439 591 2482 se
607 2437 678 2482 esse
693 2439 895 2502 percussum.
942 2418 998 2484 Sic
1015 2419 1167 2483 immanis
1184 2417 1252 2481 fera
1272 2418 1314 2480 ad
1334 2417 1490 2480 latratum

339 2542 457 2586 canum
481 2521 569 2586 lenta
591 2520 757 2605 respexit?
803 2523 892 2586 Nam
917 2524 970 2587 leo
997 2543 1063 2586 non
1088 2523 1244 2606 dignatur
1269 2521 1424 2585 festinare
1448 2521 1491 2584 ad

340 2627 501 2694 clamores
515 2628 708 2691 venantium
724 2636 758 2690 et
776 2627 951 2692 tumultus.
997 2627 1072 2693 ‘Sic
1088 2627 1197 2690 irritus
1214 2626 1337 2710 ingenti
1352 2625 1491 2708 scopulo

338 2731 458 2796 fluctus
480 2732 636 2796 adsultat.
682 2732 748 2815 Qui
771 2752 838 2795 nou
862 2732 1019 2811 irascitur,
1042 2732 1253 2796 inconcussus
1276 2730 1394 2813 injuria
1417 2751 1492 2813 per·

337 2837 444 2915 stitit3
467 2836 619 2920 quivero
635 2836 785 2902 irascitur
800 2848 911 2902 motus
932 2833 1003 2901 est.'
1050 2837 1150 2902 Unde
1168 2835 1232 2900 hoc
1249 2845 1300 2900 est
1315 2833 1489 2900 consilium

339 2942 429 3023 quod
450 2952 565 3005 contra
583 2941 665 3005 iram
685 2942 821 3006 adhibet
844 2942 967 3020 dicens,
983 2941 1090 3005 ‘Vide
1112 2962 1154 3005 ne
1175 2938 1373 3022 magnitudo
1389 2939 1491 3002 animi

339 3045 387 3111 tui
410 3045 640 3127 creditumque
663 3047 753 3129 apud
780 3047 957 3129 plerosque
980 3046 1080 3109 robur
1103 3041 1240 3121 cadat’3
1266 3044 1491 3126 propriissime

339 3150 471 3232 respicit
481 3150 634 3214 homines
650 3171 805 3232 magnam
821 3150 1054 3215 auctoritatem
1067 3148 1239 3214 habentes.
1275 3149 1322 3211 Et
1333 3149 1367 3212 in
1378 3149 1491 3226 tertio,

340 3248 464 3316 ‘Pars⁴
480 3255 628 3335 superior
648 3255 762 3319 mundi
787 3265 822 3319 et
845 3255 1027 3320 ordinatior
1051 3273 1090 3318 ac
1113 3254 1299 3336 propinqua
1325 3252 1488 3316 sideribus

339 3377 401 3422 nec
419 3358 452 3419 in
473 3357 594 3420 nubem
612 3359 741 3441 cogitur
758 3379 818 3423 nec
834 3359 866 3422 in
881 3369 1117 3441 tempestatem
1134 3379 1193 3422 nec
1208 3367 1358 3422 versatur
1373 3356 1406 3419 in
1421 3365 1490 3420 tur-

338 3461 471 3539 binem;
494 3457 584 3524 om'ni
604 3443 750 3525 tumultu
769 3473 868 3526 caret.
917 3463 1074 3526 inferiora
1088 3461 1312 3525 fulminantur.
1358 3460 1489 3524 Eodem

337 3566 439 3630 modo
455 3565 607 3629 sublimis
621 3566 762 3642 animus,
774 3569 903 3650 quietus
919 3587 1050 3652 semper
1065 3577 1098 3630 et
1110 3567 1144 3629 in
1159 3567 1302 3631 statione
1313 3564 1490 3647 tranquilla

336 3670 530 3747 collocatus,
554 3671 666 3734 omnia
691 3671 779 3735 intra
809 3692 845 3734 se
872 3691 1025 3753 premens
1057 3671 1176 3753 quibus
1201 3669 1251 3735 ira
1277 3670 1491 3748 contrahitur,

337 3775 509 3839 modestus
529 3784 563 3837 et
584 3775 781 3839 venerabilis
801 3785 852 3839 est
873 3787 907 3839 et
931 3775 1131 3858 dispositus;
1165 3793 1307 3857 quorum
1333 3773 1416 3837 nihil
1441 3774 1490 3838 in-

336 3879 450 3944 venies
477 3878 510 3941 in
536 3878 641 3942 irato!
686 3879 787 3944 Unde
811 3881 857 3942 ira
880 3899 948 3942 non
972 3879 1073 3942 habet
1095 3878 1221 3960 aliquid
1241 3878 1491 3960 magnitudinis,

336 3984 518 4048 secundum
549 3983 640 4065 quod
671 3983 751 4047 dicit
782 3984 815 4045 in
843 3983 952 4064 primo
977 3982 1071 4045 libro.
1131 3981 1204 4047 ‘Ne
1229 3982 1309 4046 illud
1329 3981 1491 4065 quidem⁵

334 4088 551 4170 judicandum
575 4098 634 4165 est,
662 4086 786 4169 aliquid
811 4086 893 4149 iram
920 4087 962 4150 ad
994 4086 1258 4169 magnitudinem
1282 4087 1385 4151 animi
1412 4107 1491 4152 con·

337 4193 428 4256 serre.
473 4191 553 4255 Non
577 4192 666 4254 enim
690 4200 740 4255 est
764 4190 821 4254 illa
845 4191 1052 4274 magnitudo,
1079 4200 1190 4255 tumor
1215 4201 1276 4256 est.
1323 4191 1396 4257 Nec
1419 4212 1491 4256 cor-

337 4296 473 4380 poribus
498 4294 593 4376 copia
617 4295 725 4359 vitiosi
752 4293 901 4358 humoris
927 4296 1061 4360 intentis
1088 4295 1223 4360 morbus
1248 4295 1490 4360 incrementum

337 4408 398 4475 est,
419 4399 478 4462 sed
504 4397 663 4480 pestilens
684 4397 899 4463 abundantia.
946 4397 1074 4464 Omnes
1101 4419 1186 4481 quos
1215 4418 1329 4464 vecors
1359 4399 1491 4463 animus

371 4533 379 4563 ¹
397 4532 436 4582 De
448 4533 589 4594 Clemenh'a,
602 4533 617 4583 i.
629 4549 670 4583 πο.
781 4531 791 4561 ²
808 4532 906 4596 Delm,
920 4535 945 4585 ii.
958 4549 998 4598 3²·
1241 4534 1251 4563 ¹
1268 4534 1298 4585 rb.
1311 4533 1346 4583 iii.
1359 4549 1399 4598 25.

642 4612 652 4640 ⁴
670 4613 700 4662 rb.
714 4612 749 4662 iii.
761 4613 785 4664 6.
1060 4613 1070 4642 ⁵
1087 4615 1119 4663 it.
1132 4614 1147 4662 i.
1159 4629 1199 4663 20.
