<?xml version="1.0" encoding="UTF-8"?>
<!DOCTYPE html PUBLIC "-//W3C//DTD XHTML 1.0 Transitional//EN"
    "http://www.w3.org/TR/xhtml1/DTD/xhtml1-transitional.dtd">
<html xmlns="http://www.w3.org/1999/xhtml" xml:lang="en" lang="en">
 <head>
  <title>
</title>
<meta http-equiv="Content-Type" content="text/html;charset=utf-8" />
  <meta name='ocr-system' content='tesseract 3.04.00' />
  <meta name='ocr-capabilities' content='ocr_page ocr_carea ocr_par ocr_line ocrx_word'/>
</head>
<body>
  <div class='ocr_page' id='page_1' title='image "./opusmajusrogerb02bridgoog/opusmajusrogerb02bridgoog_0451.png"; bbox 0 0 3542 5359; ppageno 0'>
   <div class='ocr_carea' id='block_1_1' title="bbox 373 631 1258 710">
    <p class='ocr_par' dir='ltr' id='par_1_1' title="bbox 373 631 1258 710">
     <span class='ocr_line' id='line_1_1' title="bbox 373 631 1258 710; baseline 0.001 -20"><span class='ocrx_word' id='word_1_1' title='bbox 373 647 434 710; x_wconf 81' lang='lat'>43²</span> <span class='ocrx_word' id='word_1_2' title='bbox 641 632 979 692; x_wconf 70' lang='lat' dir='ltr'>rrurrrmrcrrro</span> <span class='ocrx_word' id='word_1_3' title='bbox 1003 631 1258 692; x_wconf 67' lang='lat' dir='ltr'>sererentur.</span> 
     </span>
    </p>
   </div>
   <div class='ocr_carea' id='block_1_2' title="bbox 204 795 1538 3600">
    <p class='ocr_par' dir='ltr' id='par_1_2' title="bbox 204 795 1538 3600">
     <span class='ocr_line' id='line_1_2' title="bbox 208 795 1533 884; baseline 0.003 -23"><span class='ocrx_word' id='word_1_4' title='bbox 208 813 228 848; x_wconf 87' lang='lat'>1·</span> <span class='ocrx_word' id='word_1_5' title='bbox 241 798 338 878; x_wconf 55' lang='lat' dir='ltr'>Nothi</span> <span class='ocrx_word' id='word_1_6' title='bbox 375 815 438 862; x_wconf 89' lang='lat' dir='ltr'>nec</span> <span class='ocrx_word' id='word_1_7' title='bbox 459 795 565 860; x_wconf 86' lang='lat' dir='ltr'>emitti</span> <span class='ocrx_word' id='word_1_8' title='bbox 589 798 631 862; x_wconf 91' lang='lat' dir='ltr'>ab</span> <span class='ocrx_word' id='word_1_9' title='bbox 655 798 727 880; x_wconf 87' lang='lat' dir='ltr'>ipso</span> <span class='ocrx_word' id='word_1_10' title='bbox 750 809 880 882; x_wconf 85' lang='lat' dir='ltr'>agente,</span> <span class='ocrx_word' id='word_1_11' title='bbox 896 799 973 882; x_wconf 89' lang='lat' dir='ltr'>quia</span> <span class='ocrx_word' id='word_1_12' title='bbox 996 800 1149 864; x_wconf 86' lang='lat' dir='ltr'>accidens</span> <span class='ocrx_word' id='word_1_13' title='bbox 1171 821 1237 865; x_wconf 93' lang='lat' dir='ltr'>non</span> <span class='ocrx_word' id='word_1_14' title='bbox 1263 812 1431 884; x_wconf 87' lang='lat' dir='ltr'>permutat</span> <span class='ocrx_word' id='word_1_15' title='bbox 1451 803 1533 866; x_wconf 90' lang='lat' dir='ltr'>sub·</span> 
     </span>
     <span class='ocr_line' id='line_1_3' title="bbox 204 879 1533 988; baseline 0.005 -25"><span class='ocrx_word' id='word_1_16' title='bbox 204 879 330 915; x_wconf 60' lang='lat' dir='ltr'>‘&#39;mm&#39;&#39;</span> <span class='ocrx_word' id='word_1_17' title='bbox 371 901 507 984; x_wconf 92' lang='lat' dir='ltr'>jectum,</span> <span class='ocrx_word' id='word_1_18' title='bbox 532 923 592 967; x_wconf 91' lang='lat' dir='ltr'>nec</span> <span class='ocrx_word' id='word_1_19' title='bbox 621 924 698 988; x_wconf 90' lang='lat' dir='ltr'>pars</span> <span class='ocrx_word' id='word_1_20' title='bbox 727 904 955 969; x_wconf 87' lang='lat' dir='ltr'>substantialis</span> <span class='ocrx_word' id='word_1_21' title='bbox 984 903 1055 968; x_wconf 90' lang='lat' dir='ltr'>sine</span> <span class='ocrx_word' id='word_1_22' title='bbox 1084 906 1294 988; x_wconf 85' lang='lat' dir='ltr'>corruptione</span> <span class='ocrx_word' id='word_1_23' title='bbox 1322 905 1533 971; x_wconf 90' lang='lat' dir='ltr'>substantiae</span> 
     </span>
     <span class='ocr_line' id='line_1_4' title="bbox 375 1007 1532 1095; baseline 0.005 -26"><span class='ocrx_word' id='word_1_24' title='bbox 375 1008 487 1071; x_wconf 89' lang='lat' dir='ltr'>totius.</span> <span class='ocrx_word' id='word_1_25' title='bbox 542 1007 610 1072; x_wconf 86' lang='lat' dir='ltr'>Sed</span> <span class='ocrx_word' id='word_1_26' title='bbox 648 1010 797 1073; x_wconf 86' lang='lat' dir='ltr'>maxime</span> <span class='ocrx_word' id='word_1_27' title='bbox 830 1010 947 1085; x_wconf 85' lang='lat' dir='ltr'>activa,</span> <span class='ocrx_word' id='word_1_28' title='bbox 978 1020 1014 1074; x_wconf 91' lang='lat' dir='ltr'>ut</span> <span class='ocrx_word' id='word_1_29' title='bbox 1044 1010 1249 1075; x_wconf 88' lang='lat' dir='ltr'>substantiae</span> <span class='ocrx_word' id='word_1_30' title='bbox 1279 1011 1466 1095; x_wconf 82' lang='lat' dir='ltr'>spirituales</span> <span class='ocrx_word' id='word_1_31' title='bbox 1495 1023 1532 1075; x_wconf 92' lang='lat' dir='ltr'>et</span> 
     </span>
     <span class='ocr_line' id='line_1_5' title="bbox 376 1112 1532 1198; baseline 0.004 -23"><span class='ocrx_word' id='word_1_32' title='bbox 376 1112 541 1188; x_wconf 90' lang='lat' dir='ltr'>coelestia,</span> <span class='ocrx_word' id='word_1_33' title='bbox 564 1133 631 1177; x_wconf 91' lang='lat' dir='ltr'>non</span> <span class='ocrx_word' id='word_1_34' title='bbox 654 1123 731 1178; x_wconf 89' lang='lat' dir='ltr'>sunt</span> <span class='ocrx_word' id='word_1_35' title='bbox 754 1115 999 1198; x_wconf 85' lang='lat' dir='ltr'>corruptibilia3</span> <span class='ocrx_word' id='word_1_36' title='bbox 1035 1135 1136 1198; x_wconf 86' lang='lat' dir='ltr'>quare</span> <span class='ocrx_word' id='word_1_37' title='bbox 1162 1115 1287 1198; x_wconf 89' lang='lat' dir='ltr'>species</span> <span class='ocrx_word' id='word_1_38' title='bbox 1313 1115 1404 1179; x_wconf 90' lang='lat' dir='ltr'>nullo</span> <span class='ocrx_word' id='word_1_39' title='bbox 1428 1117 1532 1180; x_wconf 92' lang='lat' dir='ltr'>modo</span> 
     </span>
     <span class='ocr_line' id='line_1_6' title="bbox 376 1216 1532 1301; baseline 0.004 -22"><span class='ocrx_word' id='word_1_40' title='bbox 376 1216 483 1283; x_wconf 89' lang='lat' dir='ltr'>exibit</span> <span class='ocrx_word' id='word_1_41' title='bbox 497 1218 541 1282; x_wconf 94' lang='lat' dir='ltr'>ab</span> <span class='ocrx_word' id='word_1_42' title='bbox 556 1227 685 1301; x_wconf 87' lang='lat' dir='ltr'>agente,</span> <span class='ocrx_word' id='word_1_43' title='bbox 704 1239 780 1282; x_wconf 90' lang='lat' dir='ltr'>cum</span> <span class='ocrx_word' id='word_1_44' title='bbox 796 1239 896 1283; x_wconf 90' lang='lat' dir='ltr'>omne</span> <span class='ocrx_word' id='word_1_45' title='bbox 911 1219 1001 1301; x_wconf 92' lang='lat' dir='ltr'>quod</span> <span class='ocrx_word' id='word_1_46' title='bbox 1022 1229 1073 1284; x_wconf 91' lang='lat' dir='ltr'>est</span> <span class='ocrx_word' id='word_1_47' title='bbox 1095 1219 1127 1282; x_wconf 95' lang='lat' dir='ltr'>in</span> <span class='ocrx_word' id='word_1_48' title='bbox 1149 1240 1190 1284; x_wconf 94' lang='lat' dir='ltr'>eo</span> <span class='ocrx_word' id='word_1_49' title='bbox 1213 1219 1255 1284; x_wconf 90' lang='lat' dir='ltr'>sit</span> <span class='ocrx_word' id='word_1_50' title='bbox 1278 1221 1464 1285; x_wconf 88' lang='lat' dir='ltr'>substantia</span> <span class='ocrx_word' id='word_1_51' title='bbox 1478 1219 1532 1284; x_wconf 88' lang='lat' dir='ltr'>vel</span> 
     </span>
     <span class='ocr_line' id='line_1_7' title="bbox 376 1323 1532 1407; baseline 0.003 -23"><span class='ocrx_word' id='word_1_52' title='bbox 376 1323 539 1398; x_wconf 89' lang='lat' dir='ltr'>accidens,</span> <span class='ocrx_word' id='word_1_53' title='bbox 564 1343 623 1386; x_wconf 91' lang='lat' dir='ltr'>nec</span> <span class='ocrx_word' id='word_1_54' title='bbox 645 1323 807 1407; x_wconf 89' lang='lat' dir='ltr'>contingit</span> <span class='ocrx_word' id='word_1_55' title='bbox 830 1344 953 1407; x_wconf 90' lang='lat' dir='ltr'>ponere</span> <span class='ocrx_word' id='word_1_56' title='bbox 977 1324 1133 1401; x_wconf 91' lang='lat' dir='ltr'>medium,</span> <span class='ocrx_word' id='word_1_57' title='bbox 1156 1335 1193 1387; x_wconf 92' lang='lat' dir='ltr'>ut</span> <span class='ocrx_word' id='word_1_58' title='bbox 1216 1323 1304 1406; x_wconf 90' lang='lat' dir='ltr'>prius</span> <span class='ocrx_word' id='word_1_59' title='bbox 1327 1323 1532 1388; x_wconf 88' lang='lat' dir='ltr'>declaratum</span> 
     </span>
     <span class='ocr_line' id='line_1_8' title="bbox 377 1425 1532 1512; baseline 0.001 -21"><span class='ocrx_word' id='word_1_60' title='bbox 377 1436 437 1491; x_wconf 88' lang='lat' dir='ltr'>est.</span> <span class='ocrx_word' id='word_1_61' title='bbox 483 1425 697 1510; x_wconf 84' lang='lat' dir='ltr'>Quapropter</span> <span class='ocrx_word' id='word_1_62' title='bbox 718 1427 805 1492; x_wconf 91' lang='lat' dir='ltr'>male</span> <span class='ocrx_word' id='word_1_63' title='bbox 827 1428 973 1511; x_wconf 87' lang='lat' dir='ltr'>loquitur</span> <span class='ocrx_word' id='word_1_64' title='bbox 994 1429 1113 1512; x_wconf 87' lang='lat' dir='ltr'>vulgus</span> <span class='ocrx_word' id='word_1_65' title='bbox 1136 1439 1169 1492; x_wconf 92' lang='lat' dir='ltr'>et</span> <span class='ocrx_word' id='word_1_66' title='bbox 1192 1429 1380 1512; x_wconf 89' lang='lat' dir='ltr'>improprie,</span> <span class='ocrx_word' id='word_1_67' title='bbox 1395 1429 1532 1512; x_wconf 90' lang='lat' dir='ltr'>quando</span> 
     </span>
     <span class='ocr_line' id='line_1_9' title="bbox 378 1532 1532 1616; baseline 0.002 -22"><span class='ocrx_word' id='word_1_68' title='bbox 378 1532 458 1595; x_wconf 91' lang='lat' dir='ltr'>dicit</span> <span class='ocrx_word' id='word_1_69' title='bbox 473 1533 563 1614; x_wconf 92' lang='lat' dir='ltr'>quod</span> <span class='ocrx_word' id='word_1_70' title='bbox 581 1553 682 1615; x_wconf 86' lang='lat' dir='ltr'>agens</span> <span class='ocrx_word' id='word_1_71' title='bbox 697 1533 822 1596; x_wconf 89' lang='lat' dir='ltr'>emittit</span> <span class='ocrx_word' id='word_1_72' title='bbox 837 1553 857 1595; x_wconf 90' lang='lat' dir='ltr'>a</span> <span class='ocrx_word' id='word_1_73' title='bbox 872 1554 908 1596; x_wconf 87' lang='lat' dir='ltr'>se</span> <span class='ocrx_word' id='word_1_74' title='bbox 924 1533 1077 1616; x_wconf 88' lang='lat' dir='ltr'>speciem,</span> <span class='ocrx_word' id='word_1_75' title='bbox 1093 1533 1343 1616; x_wconf 85' lang='lat' dir='ltr'>exemplificans</span> <span class='ocrx_word' id='word_1_76' title='bbox 1365 1534 1397 1596; x_wconf 93' lang='lat' dir='ltr'>in</span> <span class='ocrx_word' id='word_1_77' title='bbox 1413 1535 1532 1597; x_wconf 91' lang='lat' dir='ltr'>odora·</span> 
     </span>
     <span class='ocr_line' id='line_1_10' title="bbox 378 1635 1532 1720; baseline 0.002 -22"><span class='ocrx_word' id='word_1_78' title='bbox 378 1635 445 1713; x_wconf 90' lang='lat' dir='ltr'>bili,</span> <span class='ocrx_word' id='word_1_79' title='bbox 460 1637 550 1720; x_wconf 92' lang='lat' dir='ltr'>quod</span> <span class='ocrx_word' id='word_1_80' title='bbox 566 1636 690 1719; x_wconf 89' lang='lat' dir='ltr'>aliquid</span> <span class='ocrx_word' id='word_1_81' title='bbox 712 1637 845 1712; x_wconf 89' lang='lat' dir='ltr'>emittit,</span> <span class='ocrx_word' id='word_1_82' title='bbox 862 1645 898 1700; x_wconf 93' lang='lat' dir='ltr'>ut</span> <span class='ocrx_word' id='word_1_83' title='bbox 920 1638 952 1700; x_wconf 88' lang='lat' dir='ltr'>in</span> <span class='ocrx_word' id='word_1_84' title='bbox 977 1657 1090 1700; x_wconf 92' lang='lat' dir='ltr'>mosco</span> <span class='ocrx_word' id='word_1_85' title='bbox 1111 1638 1182 1702; x_wconf 90' lang='lat' dir='ltr'>sine</span> <span class='ocrx_word' id='word_1_86' title='bbox 1204 1637 1407 1710; x_wconf 88' lang='lat' dir='ltr'>accensione,</span> <span class='ocrx_word' id='word_1_87' title='bbox 1422 1635 1474 1701; x_wconf 90' lang='lat' dir='ltr'>vel</span> <span class='ocrx_word' id='word_1_88' title='bbox 1497 1638 1532 1700; x_wconf 91' lang='lat' dir='ltr'>in</span> 
     </span>
     <span class='ocr_line' id='line_1_11' title="bbox 380 1741 1531 1824; baseline 0 -20"><span class='ocrx_word' id='word_1_89' title='bbox 380 1741 478 1804; x_wconf 89' lang='lat' dir='ltr'>thure</span> <span class='ocrx_word' id='word_1_90' title='bbox 492 1760 641 1805; x_wconf 87' lang='lat' dir='ltr'>accenso.</span> <span class='ocrx_word' id='word_1_91' title='bbox 679 1741 748 1806; x_wconf 88' lang='lat' dir='ltr'>Sed</span> <span class='ocrx_word' id='word_1_92' title='bbox 762 1743 938 1806; x_wconf 92' lang='lat' dir='ltr'>dicendum</span> <span class='ocrx_word' id='word_1_93' title='bbox 954 1743 1109 1824; x_wconf 90' lang='lat' dir='ltr'>estquod</span> <span class='ocrx_word' id='word_1_94' title='bbox 1126 1741 1304 1819; x_wconf 86' lang='lat' dir='ltr'>odorabile,</span> <span class='ocrx_word' id='word_1_95' title='bbox 1319 1742 1351 1804; x_wconf 93' lang='lat' dir='ltr'>in</span> <span class='ocrx_word' id='word_1_96' title='bbox 1368 1751 1531 1824; x_wconf 89' lang='lat' dir='ltr'>quantum</span> 
     </span>
     <span class='ocr_line' id='line_1_12' title="bbox 379 1845 1531 1928; baseline 0.001 -21"><span class='ocrx_word' id='word_1_97' title='bbox 379 1846 523 1908; x_wconf 88' lang='lat' dir='ltr'>activum</span> <span class='ocrx_word' id='word_1_98' title='bbox 553 1853 604 1908; x_wconf 91' lang='lat' dir='ltr'>est</span> <span class='ocrx_word' id='word_1_99' title='bbox 632 1845 764 1927; x_wconf 85' lang='lat' dir='ltr'>speciei,</span> <span class='ocrx_word' id='word_1_100' title='bbox 795 1866 860 1910; x_wconf 90' lang='lat' dir='ltr'>non</span> <span class='ocrx_word' id='word_1_101' title='bbox 892 1847 1015 1910; x_wconf 91' lang='lat' dir='ltr'>emittit</span> <span class='ocrx_word' id='word_1_102' title='bbox 1048 1847 1183 1928; x_wconf 88' lang='lat' dir='ltr'>aliquid,</span> <span class='ocrx_word' id='word_1_103' title='bbox 1213 1848 1270 1910; x_wconf 91' lang='lat' dir='ltr'>sed</span> <span class='ocrx_word' id='word_1_104' title='bbox 1305 1847 1337 1909; x_wconf 95' lang='lat' dir='ltr'>in</span> <span class='ocrx_word' id='word_1_105' title='bbox 1369 1856 1531 1928; x_wconf 90' lang='lat' dir='ltr'>quantum</span> 
     </span>
     <span class='ocr_line' id='line_1_13' title="bbox 379 1949 1533 2034; baseline 0.003 -23"><span class='ocrx_word' id='word_1_106' title='bbox 379 1949 505 2033; x_wconf 91' lang='lat' dir='ltr'>patitur</span> <span class='ocrx_word' id='word_1_107' title='bbox 526 1969 586 2031; x_wconf 90' lang='lat' dir='ltr'>per</span> <span class='ocrx_word' id='word_1_108' title='bbox 606 1949 749 2015; x_wconf 88' lang='lat' dir='ltr'>calidum</span> <span class='ocrx_word' id='word_1_109' title='bbox 774 1951 858 2015; x_wconf 88' lang='lat' dir='ltr'>intra</span> <span class='ocrx_word' id='word_1_110' title='bbox 881 1950 1047 2015; x_wconf 90' lang='lat' dir='ltr'>resolvens</span> <span class='ocrx_word' id='word_1_111' title='bbox 1069 1961 1127 2015; x_wconf 90' lang='lat' dir='ltr'>aut</span> <span class='ocrx_word' id='word_1_112' title='bbox 1150 1963 1267 2030; x_wconf 85' lang='lat' dir='ltr'>extra;</span> <span class='ocrx_word' id='word_1_113' title='bbox 1290 1958 1324 2013; x_wconf 91' lang='lat' dir='ltr'>et</span> <span class='ocrx_word' id='word_1_114' title='bbox 1340 1950 1415 2014; x_wconf 90' lang='lat' dir='ltr'>ideo</span> <span class='ocrx_word' id='word_1_115' title='bbox 1430 1968 1533 2034; x_wconf 87' lang='lat' dir='ltr'>agens</span> 
     </span>
     <span class='ocr_line' id='line_1_14' title="bbox 380 2053 1532 2138; baseline 0.002 -23"><span class='ocrx_word' id='word_1_116' title='bbox 380 2053 539 2128; x_wconf 88' lang='lat' dir='ltr'>naturale,</span> <span class='ocrx_word' id='word_1_117' title='bbox 553 2055 585 2116; x_wconf 93' lang='lat' dir='ltr'>in</span> <span class='ocrx_word' id='word_1_118' title='bbox 597 2065 760 2138; x_wconf 88' lang='lat' dir='ltr'>quantum</span> <span class='ocrx_word' id='word_1_119' title='bbox 773 2075 884 2138; x_wconf 87' lang='lat' dir='ltr'>agens,</span> <span class='ocrx_word' id='word_1_120' title='bbox 898 2076 962 2120; x_wconf 91' lang='lat' dir='ltr'>non</span> <span class='ocrx_word' id='word_1_121' title='bbox 973 2056 1096 2120; x_wconf 91' lang='lat' dir='ltr'>emittit</span> <span class='ocrx_word' id='word_1_122' title='bbox 1108 2055 1241 2138; x_wconf 87' lang='lat' dir='ltr'>aliquid,</span> <span class='ocrx_word' id='word_1_123' title='bbox 1252 2057 1309 2118; x_wconf 91' lang='lat' dir='ltr'>sed</span> <span class='ocrx_word' id='word_1_124' title='bbox 1323 2056 1355 2118; x_wconf 95' lang='lat' dir='ltr'>in</span> <span class='ocrx_word' id='word_1_125' title='bbox 1369 2066 1532 2137; x_wconf 89' lang='lat' dir='ltr'>quantum</span> 
     </span>
     <span class='ocr_line' id='line_1_15' title="bbox 381 2159 1531 2242; baseline 0 -21"><span class='ocrx_word' id='word_1_126' title='bbox 381 2159 505 2239; x_wconf 88' lang='lat' dir='ltr'>patitur</span> <span class='ocrx_word' id='word_1_127' title='bbox 513 2168 547 2222; x_wconf 91' lang='lat' dir='ltr'>et</span> <span class='ocrx_word' id='word_1_128' title='bbox 558 2159 745 2222; x_wconf 83' lang='lat' dir='ltr'>destruitur.</span> <span class='ocrx_word' id='word_1_129' title='bbox 777 2159 954 2225; x_wconf 89' lang='lat' dir='ltr'>Caeterum</span> <span class='ocrx_word' id='word_1_130' title='bbox 969 2161 1057 2224; x_wconf 90' lang='lat' dir='ltr'>actio</span> <span class='ocrx_word' id='word_1_131' title='bbox 1074 2180 1140 2223; x_wconf 90' lang='lat' dir='ltr'>non</span> <span class='ocrx_word' id='word_1_132' title='bbox 1157 2171 1207 2225; x_wconf 87' lang='lat' dir='ltr'>est</span> <span class='ocrx_word' id='word_1_133' title='bbox 1223 2161 1255 2222; x_wconf 94' lang='lat' dir='ltr'>in</span> <span class='ocrx_word' id='word_1_134' title='bbox 1269 2160 1531 2242; x_wconf 89' lang='lat' dir='ltr'>deperditionem</span> 
     </span>
     <span class='ocr_line' id='line_1_16' title="bbox 380 2264 1533 2349; baseline 0.001 -24"><span class='ocrx_word' id='word_1_135' title='bbox 380 2272 414 2326; x_wconf 90' lang='lat' dir='ltr'>et</span> <span class='ocrx_word' id='word_1_136' title='bbox 450 2265 694 2347; x_wconf 87' lang='lat' dir='ltr'>corruptionem</span> <span class='ocrx_word' id='word_1_137' title='bbox 732 2264 868 2345; x_wconf 85' lang='lat' dir='ltr'>agentis,</span> <span class='ocrx_word' id='word_1_138' title='bbox 898 2264 957 2328; x_wconf 93' lang='lat' dir='ltr'>sed</span> <span class='ocrx_word' id='word_1_139' title='bbox 989 2265 1021 2327; x_wconf 89' lang='lat' dir='ltr'>in</span> <span class='ocrx_word' id='word_1_140' title='bbox 1052 2264 1308 2349; x_wconf 64' lang='lat' dir='ltr'>perlectionem</span> <span class='ocrx_word' id='word_1_141' title='bbox 1346 2265 1423 2348; x_wconf 90' lang='lat' dir='ltr'>quia</span> <span class='ocrx_word' id='word_1_142' title='bbox 1452 2275 1533 2328; x_wconf 90' lang='lat' dir='ltr'>tunc</span> 
     </span>
     <span class='ocr_line' id='line_1_17' title="bbox 382 2367 1533 2453; baseline 0.003 -22"><span class='ocrx_word' id='word_1_143' title='bbox 382 2368 644 2450; x_wconf 90' lang='lat' dir='ltr'>unumquodque</span> <span class='ocrx_word' id='word_1_144' title='bbox 669 2368 850 2451; x_wconf 81' lang='lat' dir='ltr'>perlectum</span> <span class='ocrx_word' id='word_1_145' title='bbox 877 2380 937 2441; x_wconf 88' lang='lat' dir='ltr'>est,</span> <span class='ocrx_word' id='word_1_146' title='bbox 964 2389 1039 2434; x_wconf 90' lang='lat' dir='ltr'>cum</span> <span class='ocrx_word' id='word_1_147' title='bbox 1066 2369 1128 2432; x_wconf 91' lang='lat' dir='ltr'>sibi</span> <span class='ocrx_word' id='word_1_148' title='bbox 1151 2370 1259 2434; x_wconf 90' lang='lat' dir='ltr'>simile</span> <span class='ocrx_word' id='word_1_149' title='bbox 1282 2367 1388 2435; x_wconf 85' lang='lat' dir='ltr'>lacere</span> <span class='ocrx_word' id='word_1_150' title='bbox 1412 2377 1533 2453; x_wconf 87' lang='lat' dir='ltr'>potest,</span> 
     </span>
     <span class='ocr_line' id='line_1_18' title="bbox 383 2469 1192 2539; baseline -0.001 -4"><span class='ocrx_word' id='word_1_151' title='bbox 383 2474 563 2536; x_wconf 88' lang='lat' dir='ltr'>secundum</span> <span class='ocrx_word' id='word_1_152' title='bbox 580 2469 795 2536; x_wconf 88' lang='lat' dir='ltr'>Aristotelem</span> <span class='ocrx_word' id='word_1_153' title='bbox 811 2473 960 2536; x_wconf 89' lang='lat' dir='ltr'>secundo</span> <span class='ocrx_word' id='word_1_154' title='bbox 975 2473 1017 2536; x_wconf 95' lang='lat' dir='ltr'>de</span> <span class='ocrx_word' id='word_1_155' title='bbox 1033 2473 1159 2539; x_wconf 91' lang='lat' dir='ltr'>Anima</span> <span class='ocrx_word' id='word_1_156' title='bbox 1169 2471 1192 2534; x_wconf 90' lang='lat'>¹.</span> 
     </span>
     <span class='ocr_line' id='line_1_19' title="bbox 427 2575 1534 2662; baseline 0.001 -23"><span class='ocrx_word' id='word_1_157' title='bbox 427 2576 558 2640; x_wconf 90' lang='lat' dir='ltr'>Deinde</span> <span class='ocrx_word' id='word_1_158' title='bbox 575 2575 787 2640; x_wconf 81' lang='lat' dir='ltr'>manifestum</span> <span class='ocrx_word' id='word_1_159' title='bbox 809 2578 971 2659; x_wconf 92' lang='lat' dir='ltr'>estquod</span> <span class='ocrx_word' id='word_1_160' title='bbox 992 2597 1094 2660; x_wconf 89' lang='lat' dir='ltr'>agens</span> <span class='ocrx_word' id='word_1_161' title='bbox 1118 2597 1184 2642; x_wconf 91' lang='lat' dir='ltr'>non</span> <span class='ocrx_word' id='word_1_162' title='bbox 1208 2587 1298 2642; x_wconf 87' lang='lat' dir='ltr'>creat</span> <span class='ocrx_word' id='word_1_163' title='bbox 1320 2578 1464 2662; x_wconf 91' lang='lat' dir='ltr'>speciem</span> <span class='ocrx_word' id='word_1_164' title='bbox 1489 2599 1534 2640; x_wconf 91' lang='lat' dir='ltr'>ex</span> 
     </span>
     <span class='ocr_line' id='line_1_20' title="bbox 383 2679 1536 2765; baseline 0.003 -22"><span class='ocrx_word' id='word_1_165' title='bbox 383 2679 496 2754; x_wconf 91' lang='lat' dir='ltr'>nihilo,</span> <span class='ocrx_word' id='word_1_166' title='bbox 511 2701 617 2762; x_wconf 93' lang='lat' dir='ltr'>neque</span> <span class='ocrx_word' id='word_1_167' title='bbox 631 2681 752 2763; x_wconf 86' lang='lat' dir='ltr'>accipit</span> <span class='ocrx_word' id='word_1_168' title='bbox 767 2701 840 2745; x_wconf 87' lang='lat' dir='ltr'>eam</span> <span class='ocrx_word' id='word_1_169' title='bbox 856 2681 978 2745; x_wconf 90' lang='lat' dir='ltr'>alicubi</span> <span class='ocrx_word' id='word_1_170' title='bbox 994 2692 1091 2745; x_wconf 89' lang='lat' dir='ltr'>extra</span> <span class='ocrx_word' id='word_1_171' title='bbox 1106 2703 1141 2746; x_wconf 89' lang='lat' dir='ltr'>sc</span> <span class='ocrx_word' id='word_1_172' title='bbox 1156 2681 1209 2746; x_wconf 90' lang='lat' dir='ltr'>vel</span> <span class='ocrx_word' id='word_1_173' title='bbox 1228 2693 1323 2747; x_wconf 89' lang='lat' dir='ltr'>extra</span> <span class='ocrx_word' id='word_1_174' title='bbox 1342 2685 1482 2765; x_wconf 90' lang='lat' dir='ltr'>patiens,</span> <span class='ocrx_word' id='word_1_175' title='bbox 1497 2691 1536 2746; x_wconf 94' lang='lat' dir='ltr'>ut</span> 
     </span>
     <span class='ocr_line' id='line_1_21' title="bbox 214 2783 1537 2869; baseline -0.003 -14"><span class='ocrx_word' id='word_1_176' title='bbox 214 2807 269 2855; x_wconf 82' lang='lat' dir='ltr'>Nor</span> <span class='ocrx_word' id='word_1_177' title='bbox 280 2803 319 2867; x_wconf 64' lang='grc' dir='ltr'>(ι)</span> <span class='ocrx_word' id='word_1_178' title='bbox 332 2805 365 2868; x_wconf 78' lang='lat' dir='ltr'>by</span> <span class='ocrx_word' id='word_1_179' title='bbox 383 2803 457 2848; x_wconf 90' lang='lat' dir='ltr'>eam</span> <span class='ocrx_word' id='word_1_180' title='bbox 481 2793 620 2868; x_wconf 87' lang='lat' dir='ltr'>reponat</span> <span class='ocrx_word' id='word_1_181' title='bbox 643 2783 675 2847; x_wconf 91' lang='lat' dir='ltr'>in</span> <span class='ocrx_word' id='word_1_182' title='bbox 698 2785 868 2868; x_wconf 83' lang='lat' dir='ltr'>patiente3</span> <span class='ocrx_word' id='word_1_183' title='bbox 903 2785 967 2850; x_wconf 94' lang='lat' dir='ltr'>hoc</span> <span class='ocrx_word' id='word_1_184' title='bbox 989 2787 1079 2849; x_wconf 91' lang='lat' dir='ltr'>enim</span> <span class='ocrx_word' id='word_1_185' title='bbox 1104 2787 1277 2852; x_wconf 90' lang='lat' dir='ltr'>ridiculum</span> <span class='ocrx_word' id='word_1_186' title='bbox 1301 2798 1396 2852; x_wconf 89' lang='lat' dir='ltr'>esset.</span> <span class='ocrx_word' id='word_1_187' title='bbox 1443 2785 1537 2869; x_wconf 84' lang='lat' dir='ltr'>Qua·</span> 
     </span>
     <span class='ocr_line' id='line_1_22' title="bbox 215 2873 1535 3000; baseline 0.003 -50"><span class='ocrx_word' id='word_1_188' title='bbox 215 2873 365 3000; x_wconf 47' lang='lat' dir='ltr'>ffily‘ssnffl</span> <span class='ocrx_word' id='word_1_189' title='bbox 384 2899 520 2972; x_wconf 93' lang='lat' dir='ltr'>propter</span> <span class='ocrx_word' id='word_1_190' title='bbox 533 2889 713 2973; x_wconf 88' lang='lat' dir='ltr'>improprie</span> <span class='ocrx_word' id='word_1_191' title='bbox 726 2898 762 2952; x_wconf 97' lang='lat' dir='ltr'>et</span> <span class='ocrx_word' id='word_1_192' title='bbox 777 2889 864 2953; x_wconf 89' lang='lat' dir='ltr'>male</span> <span class='ocrx_word' id='word_1_193' title='bbox 882 2889 1012 2966; x_wconf 90' lang='lat' dir='ltr'>dicitur,</span> <span class='ocrx_word' id='word_1_194' title='bbox 1022 2891 1113 2973; x_wconf 90' lang='lat' dir='ltr'>quod</span> <span class='ocrx_word' id='word_1_195' title='bbox 1130 2911 1232 2974; x_wconf 89' lang='lat' dir='ltr'>agens</span> <span class='ocrx_word' id='word_1_196' title='bbox 1246 2893 1396 2956; x_wconf 90' lang='lat' dir='ltr'>immittit</span> <span class='ocrx_word' id='word_1_197' title='bbox 1410 2891 1535 2973; x_wconf 86' lang='lat' dir='ltr'>aliquid</span> 
     </span>
     <span class='ocr_line' id='line_1_23' title="bbox 214 2993 1537 3079; baseline 0.005 -27"><span class='ocrx_word' id='word_1_198' title='bbox 214 3002 355 3078; x_wconf 71' lang='lat' dir='ltr'>troduetiqn</span> <span class='ocrx_word' id='word_1_199' title='bbox 384 2995 417 3057; x_wconf 91' lang='lat' dir='ltr'>in</span> <span class='ocrx_word' id='word_1_200' title='bbox 439 2993 569 3076; x_wconf 88' lang='lat' dir='ltr'>patiens</span> <span class='ocrx_word' id='word_1_201' title='bbox 591 3002 626 3056; x_wconf 88' lang='lat' dir='ltr'>et</span> <span class='ocrx_word' id='word_1_202' title='bbox 647 2994 736 3077; x_wconf 92' lang='lat' dir='ltr'>quod</span> <span class='ocrx_word' id='word_1_203' title='bbox 761 2993 891 3071; x_wconf 84' lang='lat' dir='ltr'>influit3</span> <span class='ocrx_word' id='word_1_204' title='bbox 923 3013 1000 3058; x_wconf 89' lang='lat' dir='ltr'>nam</span> <span class='ocrx_word' id='word_1_205' title='bbox 1025 3006 1103 3059; x_wconf 93' lang='lat' dir='ltr'>tunc</span> <span class='ocrx_word' id='word_1_206' title='bbox 1126 2996 1169 3057; x_wconf 88' lang='lat' dir='ltr'>ab</span> <span class='ocrx_word' id='word_1_207' title='bbox 1192 3007 1287 3060; x_wconf 86' lang='lat' dir='ltr'>extra</span> <span class='ocrx_word' id='word_1_208' title='bbox 1310 2996 1537 3079; x_wconf 84' lang='lat' dir='ltr'>ingrederetur</span> 
     </span>
     <span class='ocr_line' id='line_1_24' title="bbox 215 3067 1538 3183; baseline 0.002 -23"><span class='ocrx_word' id='word_1_209' title='bbox 215 3067 372 3183; x_wconf 55' lang='lat' dir='ltr'><strong>{ffffimg</strong></span> <span class='ocrx_word' id='word_1_210' title='bbox 383 3097 507 3180; x_wconf 88' lang='lat' dir='ltr'>aliquid</span> <span class='ocrx_word' id='word_1_211' title='bbox 523 3099 557 3161; x_wconf 95' lang='lat' dir='ltr'>in</span> <span class='ocrx_word' id='word_1_212' title='bbox 573 3098 683 3182; x_wconf 90' lang='lat' dir='ltr'>ipsum</span> <span class='ocrx_word' id='word_1_213' title='bbox 699 3099 836 3181; x_wconf 89' lang='lat' dir='ltr'>patiens,</span> <span class='ocrx_word' id='word_1_214' title='bbox 852 3099 942 3180; x_wconf 91' lang='lat' dir='ltr'>quod</span> <span class='ocrx_word' id='word_1_215' title='bbox 965 3118 1031 3162; x_wconf 93' lang='lat' dir='ltr'>non</span> <span class='ocrx_word' id='word_1_216' title='bbox 1051 3110 1163 3182; x_wconf 88' lang='lat' dir='ltr'>potest</span> <span class='ocrx_word' id='word_1_217' title='bbox 1183 3119 1263 3175; x_wconf 90' lang='lat' dir='ltr'>esse,</span> <span class='ocrx_word' id='word_1_218' title='bbox 1284 3101 1361 3183; x_wconf 88' lang='lat' dir='ltr'>quia</span> <span class='ocrx_word' id='word_1_219' title='bbox 1382 3111 1460 3165; x_wconf 92' lang='lat' dir='ltr'>tunc</span> <span class='ocrx_word' id='word_1_220' title='bbox 1483 3097 1538 3162; x_wconf 89' lang='lat' dir='ltr'>vel</span> 
     </span>
     <span class='ocr_line' id='line_1_25' title="bbox 215 3203 1537 3295; baseline 0.002 -29"><span class='ocrx_word' id='word_1_221' title='bbox 215 3208 306 3295; x_wconf 57' lang='lat' dir='ltr'>mffttef</span> <span class='ocrx_word' id='word_1_222' title='bbox 341 3278 348 3292; x_wconf 40' lang='grc'>·</span> <span class='ocrx_word' id='word_1_223' title='bbox 385 3203 492 3266; x_wconf 85' lang='lat' dir='ltr'>exiret</span> <span class='ocrx_word' id='word_1_224' title='bbox 507 3203 551 3267; x_wconf 91' lang='lat' dir='ltr'>ab</span> <span class='ocrx_word' id='word_1_225' title='bbox 570 3213 698 3285; x_wconf 82' lang='lat' dir='ltr'>agente,</span> <span class='ocrx_word' id='word_1_226' title='bbox 714 3203 767 3266; x_wconf 92' lang='lat' dir='ltr'>vel</span> <span class='ocrx_word' id='word_1_227' title='bbox 788 3223 889 3286; x_wconf 85' lang='lat' dir='ltr'>agens</span> <span class='ocrx_word' id='word_1_228' title='bbox 908 3203 1066 3266; x_wconf 86' lang='lat' dir='ltr'>inveniret</span> <span class='ocrx_word' id='word_1_229' title='bbox 1090 3203 1123 3267; x_wconf 93' lang='lat' dir='ltr'>id</span> <span class='ocrx_word' id='word_1_230' title='bbox 1146 3213 1241 3266; x_wconf 88' lang='lat' dir='ltr'>extra</span> <span class='ocrx_word' id='word_1_231' title='bbox 1265 3224 1300 3269; x_wconf 91' lang='lat' dir='ltr'>se</span> <span class='ocrx_word' id='word_1_232' title='bbox 1322 3204 1373 3267; x_wconf 92' lang='lat' dir='ltr'>vel</span> <span class='ocrx_word' id='word_1_233' title='bbox 1397 3205 1537 3288; x_wconf 68' lang='lat' dir='ltr'>patiens</span> 
     </span>
     <span class='ocr_line' id='line_1_26' title="bbox 215 3265 1416 3391; baseline 0.002 -22"><span class='ocrx_word' id='word_1_234' title='bbox 215 3265 287 3319; x_wconf 56' lang='lat' dir='ltr'>md</span> <span class='ocrx_word' id='word_1_235' title='bbox 299 3281 349 3323; x_wconf 53' lang='grc' dir='ltr'>ου’</span> <span class='ocrx_word' id='word_1_236' title='bbox 385 3305 437 3369; x_wconf 89' lang='lat' dir='ltr'>vel</span> <span class='ocrx_word' id='word_1_237' title='bbox 453 3319 577 3370; x_wconf 87' lang='lat' dir='ltr'>crearet</span> <span class='ocrx_word' id='word_1_238' title='bbox 593 3307 673 3370; x_wconf 91' lang='lat' dir='ltr'>illud</span> <span class='ocrx_word' id='word_1_239' title='bbox 691 3308 732 3370; x_wconf 92' lang='lat' dir='ltr'>de</span> <span class='ocrx_word' id='word_1_240' title='bbox 748 3307 860 3384; x_wconf 89' lang='lat' dir='ltr'>nihilo,</span> <span class='ocrx_word' id='word_1_241' title='bbox 876 3327 1019 3390; x_wconf 92' lang='lat' dir='ltr'>quorum</span> <span class='ocrx_word' id='word_1_242' title='bbox 1035 3307 1208 3391; x_wconf 92' lang='lat' dir='ltr'>quodlibet</span> <span class='ocrx_word' id='word_1_243' title='bbox 1224 3318 1274 3372; x_wconf 89' lang='lat' dir='ltr'>est</span> <span class='ocrx_word' id='word_1_244' title='bbox 1290 3307 1416 3373; x_wconf 85' lang='lat' dir='ltr'>falsum.</span> 
     </span>
     <span class='ocr_line' id='line_1_27' title="bbox 217 3410 1538 3545; baseline -0.005 -63"><span class='ocrx_word' id='word_1_245' title='bbox 217 3434 321 3497; x_wconf 50' lang='lat' dir='ltr'>Noto)</span> <span class='ocrx_word' id='word_1_246' title='bbox 332 3432 366 3545; x_wconf 69' lang='lat' dir='ltr'>hp</span> <span class='ocrx_word' id='word_1_247' title='bbox 430 3410 476 3473; x_wconf 88' lang='lat' dir='ltr'>Et</span> <span class='ocrx_word' id='word_1_248' title='bbox 489 3410 564 3473; x_wconf 90' lang='lat' dir='ltr'>ideo</span> <span class='ocrx_word' id='word_1_249' title='bbox 576 3421 708 3494; x_wconf 91' lang='lat' dir='ltr'>oportet</span> <span class='ocrx_word' id='word_1_250' title='bbox 718 3431 819 3476; x_wconf 89' lang='lat' dir='ltr'>unam</span> <span class='ocrx_word' id='word_1_251' title='bbox 836 3412 975 3475; x_wconf 89' lang='lat' dir='ltr'>duarum</span> <span class='ocrx_word' id='word_1_252' title='bbox 990 3411 1118 3474; x_wconf 89' lang='lat' dir='ltr'>viarum</span> <span class='ocrx_word' id='word_1_253' title='bbox 1136 3411 1221 3496; x_wconf 88' lang='lat' dir='ltr'>eligi,</span> <span class='ocrx_word' id='word_1_254' title='bbox 1233 3413 1358 3477; x_wconf 90' lang='lat' dir='ltr'>scilicet</span> <span class='ocrx_word' id='word_1_255' title='bbox 1373 3413 1462 3496; x_wconf 91' lang='lat' dir='ltr'>quod</span> <span class='ocrx_word' id='word_1_256' title='bbox 1479 3432 1538 3496; x_wconf 93' lang='lat' dir='ltr'>per</span> 
     </span>
     <span class='ocr_line' id='line_1_28' title="bbox 216 3501 1537 3600; baseline 0.002 -22"><span class='ocrx_word' id='word_1_257' title='bbox 216 3501 320 3564; x_wconf 65' lang='lat' dir='ltr'>impres</span> <span class='ocrx_word' id='word_1_258' title='bbox 330 3513 347 3546; x_wconf 88' lang='lat'>⁰</span> <span class='ocrx_word' id='word_1_259' title='bbox 386 3514 473 3578; x_wconf 87' lang='lat' dir='ltr'>viam</span> <span class='ocrx_word' id='word_1_260' title='bbox 485 3511 733 3595; x_wconf 79' lang='lat' dir='ltr'>impressionis²</span> <span class='ocrx_word' id='word_1_261' title='bbox 745 3514 803 3578; x_wconf 86' lang='lat' dir='ltr'>fiat</span> <span class='ocrx_word' id='word_1_262' title='bbox 814 3515 950 3597; x_wconf 88' lang='lat' dir='ltr'>species,</span> <span class='ocrx_word' id='word_1_263' title='bbox 962 3527 1021 3580; x_wconf 91' lang='lat' dir='ltr'>aut</span> <span class='ocrx_word' id='word_1_264' title='bbox 1033 3517 1125 3598; x_wconf 90' lang='lat' dir='ltr'>quod</span> <span class='ocrx_word' id='word_1_265' title='bbox 1141 3537 1201 3600; x_wconf 88' lang='lat' dir='ltr'>per</span> <span class='ocrx_word' id='word_1_266' title='bbox 1216 3517 1400 3582; x_wconf 88' lang='lat' dir='ltr'>naturalem</span> <span class='ocrx_word' id='word_1_267' title='bbox 1415 3519 1537 3581; x_wconf 89' lang='lat' dir='ltr'>immu-</span> 
     </span>
    </p>
   </div>
   <div class='ocr_carea' id='block_1_3' title="bbox 216 3573 332 3629">
    <p class='ocr_par' dir='ltr' id='par_1_3' title="bbox 216 3573 332 3629">
     <span class='ocr_line' id='line_1_29' title="bbox 216 3573 332 3629; baseline -0.017 -15"><span class='ocrx_word' id='word_1_268' title='bbox 216 3573 290 3629; x_wconf 84' lang='lat' dir='ltr'>agent</span> <span class='ocrx_word' id='word_1_269' title='bbox 300 3579 332 3613; x_wconf 93' lang='lat' dir='ltr'>on</span> 
     </span>
    </p>
   </div>
   <div class='ocr_carea' id='block_1_4' title="bbox 217 3619 1540 3703">
    <p class='ocr_par' dir='ltr' id='par_1_4' title="bbox 217 3619 1540 3703">
     <span class='ocr_line' id='line_1_30' title="bbox 217 3619 1540 3703; baseline 0.004 -24"><span class='ocrx_word' id='word_1_270' title='bbox 217 3632 313 3694; x_wconf 81' lang='lat' dir='ltr'>pauent</span> <span class='ocrx_word' id='word_1_271' title='bbox 326 3645 353 3678; x_wconf 72' lang='lat' dir='ltr'>as</span> <span class='ocrx_word' id='word_1_272' title='bbox 386 3619 544 3683; x_wconf 90' lang='lat' dir='ltr'>tationem</span> <span class='ocrx_word' id='word_1_273' title='bbox 562 3627 595 3681; x_wconf 93' lang='lat' dir='ltr'>et</span> <span class='ocrx_word' id='word_1_274' title='bbox 610 3619 817 3684; x_wconf 90' lang='lat' dir='ltr'>eductionem</span> <span class='ocrx_word' id='word_1_275' title='bbox 834 3621 875 3683; x_wconf 93' lang='lat' dir='ltr'>de</span> <span class='ocrx_word' id='word_1_276' title='bbox 891 3621 1038 3703; x_wconf 86' lang='lat' dir='ltr'>potentia</span> <span class='ocrx_word' id='word_1_277' title='bbox 1056 3622 1193 3684; x_wconf 86' lang='lat' dir='ltr'>materia</span> <span class='ocrx_word' id='word_1_278' title='bbox 1210 3621 1374 3703; x_wconf 88' lang='lat' dir='ltr'>patientis.</span> <span class='ocrx_word' id='word_1_279' title='bbox 1406 3620 1474 3686; x_wconf 87' lang='lat' dir='ltr'>Sed</span> <span class='ocrx_word' id='word_1_280' title='bbox 1485 3621 1540 3685; x_wconf 82' lang='lat' dir='ltr'>via</span> 
     </span>
    </p>
   </div>
   <div class='ocr_carea' id='block_1_5' title="bbox 216 3694 1540 3808">
    <p class='ocr_par' dir='ltr' id='par_1_5' title="bbox 216 3694 1540 3808">
     <span class='ocr_line' id='line_1_31' title="bbox 216 3694 1540 3808; baseline 0.008 -29"><span class='ocrx_word' id='word_1_281' title='bbox 216 3697 300 3746; x_wconf 51' lang='grc' dir='ltr'>Μ’</span> <span class='ocrx_word' id='word_1_282' title='bbox 312 3694 372 3745; x_wconf 67' lang='lat'>“²¹⁶</span> <span class='ocrx_word' id='word_1_283' title='bbox 386 3722 611 3804; x_wconf 89' lang='lat' dir='ltr'>impressionis</span> <span class='ocrx_word' id='word_1_284' title='bbox 625 3743 692 3786; x_wconf 90' lang='lat' dir='ltr'>non</span> <span class='ocrx_word' id='word_1_285' title='bbox 706 3735 758 3788; x_wconf 88' lang='lat' dir='ltr'>est</span> <span class='ocrx_word' id='word_1_286' title='bbox 773 3723 949 3806; x_wconf 88' lang='lat' dir='ltr'>possibilis,</span> <span class='ocrx_word' id='word_1_287' title='bbox 964 3725 1122 3808; x_wconf 91' lang='lat' dir='ltr'>quoniam</span> <span class='ocrx_word' id='word_1_288' title='bbox 1140 3725 1312 3808; x_wconf 85' lang='lat' dir='ltr'>impressio</span> <span class='ocrx_word' id='word_1_289' title='bbox 1333 3745 1398 3789; x_wconf 93' lang='lat' dir='ltr'>non</span> <span class='ocrx_word' id='word_1_290' title='bbox 1416 3723 1454 3789; x_wconf 90' lang='lat' dir='ltr'>fit</span> <span class='ocrx_word' id='word_1_291' title='bbox 1476 3725 1540 3790; x_wconf 88' lang='lat' dir='ltr'>nisi</span> 
     </span>
    </p>
   </div>
   <div class='ocr_carea' id='block_1_6' title="bbox 387 3825 1544 4328">
    <p class='ocr_par' dir='ltr' id='par_1_6' title="bbox 387 3825 1544 4328">
     <span class='ocr_line' id='line_1_32' title="bbox 387 3825 1540 3912; baseline 0.002 -22"><span class='ocrx_word' id='word_1_292' title='bbox 387 3828 420 3890; x_wconf 94' lang='lat' dir='ltr'>in</span> <span class='ocrx_word' id='word_1_293' title='bbox 447 3825 628 3910; x_wconf 86' lang='lat' dir='ltr'>superficie,</span> <span class='ocrx_word' id='word_1_294' title='bbox 653 3837 689 3889; x_wconf 93' lang='lat' dir='ltr'>ut</span> <span class='ocrx_word' id='word_1_295' title='bbox 715 3827 814 3910; x_wconf 85' lang='lat' dir='ltr'>sigilli</span> <span class='ocrx_word' id='word_1_296' title='bbox 840 3828 872 3890; x_wconf 91' lang='lat' dir='ltr'>in</span> <span class='ocrx_word' id='word_1_297' title='bbox 897 3848 980 3905; x_wconf 89' lang='lat' dir='ltr'>cera,</span> <span class='ocrx_word' id='word_1_298' title='bbox 1005 3848 1063 3911; x_wconf 90' lang='lat' dir='ltr'>per</span> <span class='ocrx_word' id='word_1_299' title='bbox 1086 3829 1303 3894; x_wconf 87' lang='lat' dir='ltr'>elevationem</span> <span class='ocrx_word' id='word_1_300' title='bbox 1331 3829 1540 3912; x_wconf 89' lang='lat' dir='ltr'>quarundem</span> 
     </span>
     <span class='ocr_line' id='line_1_33' title="bbox 387 3929 1540 4015; baseline 0.002 -19"><span class='ocrx_word' id='word_1_301' title='bbox 387 3932 530 4015; x_wconf 88' lang='lat' dir='ltr'>partium</span> <span class='ocrx_word' id='word_1_302' title='bbox 560 3929 742 4014; x_wconf 82' lang='lat' dir='ltr'>superficiei</span> <span class='ocrx_word' id='word_1_303' title='bbox 780 3941 815 3994; x_wconf 93' lang='lat' dir='ltr'>et</span> <span class='ocrx_word' id='word_1_304' title='bbox 852 3932 1097 4013; x_wconf 88' lang='lat' dir='ltr'>depressionem</span> <span class='ocrx_word' id='word_1_305' title='bbox 1138 3932 1284 3996; x_wconf 90' lang='lat' dir='ltr'>aliarum.</span> <span class='ocrx_word' id='word_1_306' title='bbox 1346 3931 1413 3998; x_wconf 90' lang='lat' dir='ltr'>Sed</span> <span class='ocrx_word' id='word_1_307' title='bbox 1452 3935 1540 3998; x_wconf 89' lang='lat' dir='ltr'>actio</span> 
     </span>
     <span class='ocr_line' id='line_1_34' title="bbox 388 4033 1542 4119; baseline 0.003 -20"><span class='ocrx_word' id='word_1_308' title='bbox 388 4035 546 4099; x_wconf 87' lang='lat' dir='ltr'>naturalis</span> <span class='ocrx_word' id='word_1_309' title='bbox 565 4044 617 4100; x_wconf 90' lang='lat' dir='ltr'>est</span> <span class='ocrx_word' id='word_1_310' title='bbox 640 4036 673 4098; x_wconf 92' lang='lat' dir='ltr'>in</span> <span class='ocrx_word' id='word_1_311' title='bbox 694 4033 859 4118; x_wconf 83' lang='lat' dir='ltr'>profundo</span> <span class='ocrx_word' id='word_1_312' title='bbox 878 4035 1044 4117; x_wconf 86' lang='lat' dir='ltr'>patientis.</span> <span class='ocrx_word' id='word_1_313' title='bbox 1090 4037 1177 4100; x_wconf 91' lang='lat' dir='ltr'>Item</span> <span class='ocrx_word' id='word_1_314' title='bbox 1201 4057 1260 4119; x_wconf 91' lang='lat' dir='ltr'>per</span> <span class='ocrx_word' id='word_1_315' title='bbox 1281 4038 1409 4119; x_wconf 92' lang='lat' dir='ltr'>species</span> <span class='ocrx_word' id='word_1_316' title='bbox 1433 4059 1542 4102; x_wconf 89' lang='lat' dir='ltr'>rerum</span> 
     </span>
     <span class='ocr_line' id='line_1_35' title="bbox 388 4139 1543 4222; baseline 0.004 -21"><span class='ocrx_word' id='word_1_317' title='bbox 388 4141 548 4202; x_wconf 88' lang='lat' dir='ltr'>sentimus</span> <span class='ocrx_word' id='word_1_318' title='bbox 570 4159 621 4202; x_wconf 90' lang='lat' dir='ltr'>res</span> <span class='ocrx_word' id='word_1_319' title='bbox 644 4139 754 4220; x_wconf 87' lang='lat' dir='ltr'>ipsas;</span> <span class='ocrx_word' id='word_1_320' title='bbox 776 4141 835 4203; x_wconf 88' lang='lat' dir='ltr'>sed</span> <span class='ocrx_word' id='word_1_321' title='bbox 859 4158 919 4221; x_wconf 91' lang='lat' dir='ltr'>per</span> <span class='ocrx_word' id='word_1_322' title='bbox 941 4139 1172 4222; x_wconf 87' lang='lat' dir='ltr'>impressiones</span> <span class='ocrx_word' id='word_1_323' title='bbox 1195 4159 1281 4222; x_wconf 87' lang='lat' dir='ltr'>quae</span> <span class='ocrx_word' id='word_1_324' title='bbox 1304 4140 1387 4205; x_wconf 90' lang='lat' dir='ltr'>fiunt</span> <span class='ocrx_word' id='word_1_325' title='bbox 1410 4142 1444 4204; x_wconf 90' lang='lat' dir='ltr'>in</span> <span class='ocrx_word' id='word_1_326' title='bbox 1469 4162 1543 4206; x_wconf 90' lang='lat' dir='ltr'>cera</span> 
     </span>
     <span class='ocr_line' id='line_1_36' title="bbox 389 4242 1544 4328; baseline 0.003 -22"><span class='ocrx_word' id='word_1_327' title='bbox 389 4252 423 4306; x_wconf 91' lang='lat' dir='ltr'>et</span> <span class='ocrx_word' id='word_1_328' title='bbox 437 4242 628 4325; x_wconf 89' lang='lat' dir='ltr'>hujusmodi</span> <span class='ocrx_word' id='word_1_329' title='bbox 645 4263 711 4306; x_wconf 90' lang='lat' dir='ltr'>non</span> <span class='ocrx_word' id='word_1_330' title='bbox 730 4244 890 4307; x_wconf 90' lang='lat' dir='ltr'>sentimus</span> <span class='ocrx_word' id='word_1_331' title='bbox 906 4263 957 4307; x_wconf 88' lang='lat' dir='ltr'>res</span> <span class='ocrx_word' id='word_1_332' title='bbox 972 4243 1207 4327; x_wconf 90' lang='lat' dir='ltr'>imprimentes,</span> <span class='ocrx_word' id='word_1_333' title='bbox 1223 4264 1303 4328; x_wconf 88' lang='lat' dir='ltr'>ergo</span> <span class='ocrx_word' id='word_1_334' title='bbox 1317 4265 1383 4308; x_wconf 94' lang='lat' dir='ltr'>non</span> <span class='ocrx_word' id='word_1_335' title='bbox 1398 4255 1450 4310; x_wconf 89' lang='lat' dir='ltr'>est</span> <span class='ocrx_word' id='word_1_336' title='bbox 1467 4267 1544 4310; x_wconf 91' lang='lat' dir='ltr'>con·</span> 
     </span>
    </p>
   </div>
   <div class='ocr_carea' id='block_1_7' title="bbox 422 4436 1545 4581">
    <p class='ocr_par' dir='ltr' id='par_1_7' title="bbox 422 4436 1545 4581">
     <span class='ocr_line' id='line_1_37' title="bbox 422 4436 746 4501; baseline 0.009 -17"><span class='ocrx_word' id='word_1_337' title='bbox 422 4436 429 4464; x_wconf 93' lang='lat'><strong>¹</strong></span> <span class='ocrx_word' id='word_1_338' title='bbox 447 4436 606 4501; x_wconf 59' lang='lat' dir='ltr'>DeAm&#39;ma,</span> <span class='ocrx_word' id='word_1_339' title='bbox 620 4437 682 4499; x_wconf 82' lang='lat' dir='ltr'>li.4,</span> <span class='ocrx_word' id='word_1_340' title='bbox 698 4442 746 4497; x_wconf 71' lang='lat'>52.</span> 
     </span>
     <span class='ocr_line' id='line_1_38' title="bbox 422 4512 1545 4581; baseline 0.006 -18"><span class='ocrx_word' id='word_1_341' title='bbox 422 4512 433 4545; x_wconf 84' lang='lat'><strong>¹</strong></span> <span class='ocrx_word' id='word_1_342' title='bbox 450 4515 490 4564; x_wconf 79' lang='lat' dir='ltr'>Cf.</span> <span class='ocrx_word' id='word_1_343' title='bbox 503 4531 528 4578; x_wconf 87' lang='lat' dir='ltr'>p.</span> <span class='ocrx_word' id='word_1_344' title='bbox 541 4531 601 4575; x_wconf 81' lang='lat'>410,</span> <span class='ocrx_word' id='word_1_345' title='bbox 612 4516 703 4564; x_wconf 86' lang='lat' dir='ltr'>where</span> <span class='ocrx_word' id='word_1_346' title='bbox 715 4515 848 4565; x_wconf 81' lang='lat' dir='ltr'>reference</span> <span class='ocrx_word' id='word_1_347' title='bbox 862 4515 884 4565; x_wconf 87' lang='lat' dir='ltr'>is</span> <span class='ocrx_word' id='word_1_348' title='bbox 896 4517 971 4564; x_wconf 81' lang='lat' dir='ltr'>made</span> <span class='ocrx_word' id='word_1_349' title='bbox 983 4525 1010 4566; x_wconf 89' lang='lat' dir='ltr'>to</span> <span class='ocrx_word' id='word_1_350' title='bbox 1023 4517 1178 4580; x_wconf 83' lang='lat' dir='ltr'>DeAnr&#39;ma,</span> <span class='ocrx_word' id='word_1_351' title='bbox 1194 4518 1219 4566; x_wconf 90' lang='lat' dir='ltr'>ii.</span> <span class='ocrx_word' id='word_1_352' title='bbox 1235 4533 1273 4578; x_wconf 73' lang='grc' dir='ltr'>η,</span> <span class='ocrx_word' id='word_1_353' title='bbox 1286 4522 1299 4576; x_wconf 70' lang='lat'>5</span> <span class='ocrx_word' id='word_1_354' title='bbox 1315 4533 1326 4568; x_wconf 85' lang='lat' dir='ltr'>r</span> <span class='ocrx_word' id='word_1_355' title='bbox 1339 4517 1355 4580; x_wconf 79' lang='lat' dir='ltr'>&#39;l</span> <span class='ocrx_word' id='word_1_356' title='bbox 1366 4517 1480 4581; x_wconf 69' lang='grc' dir='ltr'>αἴσθησίς</span> <span class='ocrx_word' id='word_1_357' title='bbox 1490 4519 1545 4570; x_wconf 69' lang='grc' dir='ltr'>ἐστι</span> 
     </span>
    </p>
   </div>
   <div class='ocr_carea' id='block_1_8' title="bbox 390 4589 1547 4735">
    <p class='ocr_par' dir='ltr' id='par_1_8' title="bbox 390 4589 1547 4735">
     <span class='ocr_line' id='line_1_39' title="bbox 390 4589 1547 4660; baseline 0.009 -22"><span class='ocrx_word' id='word_1_358' title='bbox 390 4589 420 4638; x_wconf 80' lang='lat' dir='ltr'>rl</span> <span class='ocrx_word' id='word_1_359' title='bbox 431 4591 541 4640; x_wconf 71' lang='grc' dir='ltr'>δεκτικὸν</span> <span class='ocrx_word' id='word_1_360' title='bbox 552 4593 602 4640; x_wconf 72' lang='grc' dir='ltr'>τῶν</span> <span class='ocrx_word' id='word_1_361' title='bbox 612 4593 735 4655; x_wconf 62' lang='lat' dir='ltr'>aldomin</span> <span class='ocrx_word' id='word_1_362' title='bbox 746 4593 817 4642; x_wconf 68' lang='lat' dir='ltr'>ellim</span> <span class='ocrx_word' id='word_1_363' title='bbox 827 4593 886 4642; x_wconf 73' lang='grc' dir='ltr'>ἅνω</span> <span class='ocrx_word' id='word_1_364' title='bbox 898 4594 941 4656; x_wconf 75' lang='grc' dir='ltr'>τῆς</span> <span class='ocrx_word' id='word_1_365' title='bbox 951 4594 1019 4658; x_wconf 72' lang='grc' dir='ltr'>ὕλης,</span> <span class='ocrx_word' id='word_1_366' title='bbox 1036 4593 1089 4645; x_wconf 76' lang='grc' dir='ltr'>οἷον</span> <span class='ocrx_word' id='word_1_367' title='bbox 1105 4597 1119 4646; x_wconf 78' lang='lat' dir='ltr'>d</span> <span class='ocrx_word' id='word_1_368' title='bbox 1136 4595 1208 4660; x_wconf 74' lang='grc' dir='ltr'>κηρὸς</span> <span class='ocrx_word' id='word_1_369' title='bbox 1225 4597 1271 4646; x_wconf 80' lang='grc' dir='ltr'>τοῦ</span> <span class='ocrx_word' id='word_1_370' title='bbox 1287 4594 1420 4646; x_wconf 73' lang='grc' dir='ltr'>δακτυλίω</span> <span class='ocrx_word' id='word_1_371' title='bbox 1430 4596 1490 4646; x_wconf 65' lang='grc' dir='ltr'>ἄνευ</span> <span class='ocrx_word' id='word_1_372' title='bbox 1500 4599 1547 4648; x_wconf 76' lang='lat' dir='ltr'>rori</span> 
     </span>
     <span class='ocr_line' id='line_1_40' title="bbox 391 4667 974 4735; baseline 0.012 -19"><span class='ocrx_word' id='word_1_373' title='bbox 391 4667 490 4730; x_wconf 71' lang='grc' dir='ltr'>σιδήρου</span> <span class='ocrx_word' id='word_1_374' title='bbox 499 4668 542 4717; x_wconf 72' lang='lat' dir='ltr'>nal</span> <span class='ocrx_word' id='word_1_375' title='bbox 553 4670 598 4718; x_wconf 77' lang='grc' dir='ltr'>τοῦ</span> <span class='ocrx_word' id='word_1_376' title='bbox 608 4671 702 4730; x_wconf 68' lang='grc' dir='ltr'>χμισοῦ</span> <span class='ocrx_word' id='word_1_377' title='bbox 713 4669 812 4734; x_wconf 63' lang='grc' dir='ltr'>δέχεται</span> <span class='ocrx_word' id='word_1_378' title='bbox 823 4669 853 4719; x_wconf 78' lang='grc' dir='ltr'>τὸ</span> <span class='ocrx_word' id='word_1_379' title='bbox 864 4672 974 4735; x_wconf 73' lang='grc' dir='ltr'>σημεῖον.</span> 
     </span>
    </p>
   </div>
   <div class='ocr_carea' id='block_1_9' title="bbox 0 0 1796 5359">
    <p class='ocr_par' dir='ltr' id='par_1_9' title="bbox 0 0 1796 5359">
     <span class='ocr_line' id='line_1_41' title="bbox 0 0 1796 5359; baseline 0 0"><span class='ocrx_word' id='word_1_380' title='bbox 0 0 1796 5359; x_wconf 95' lang='lat' dir='ltr'> </span> 
     </span>
    </p>
   </div>
  </div>
 </body>
</html>
