<?xml version="1.0" encoding="UTF-8"?>
<!DOCTYPE html PUBLIC "-//W3C//DTD XHTML 1.0 Transitional//EN"
    "http://www.w3.org/TR/xhtml1/DTD/xhtml1-transitional.dtd">
<html xmlns="http://www.w3.org/1999/xhtml" xml:lang="en" lang="en">
 <head>
  <title>
</title>
<meta http-equiv="Content-Type" content="text/html;charset=utf-8" />
  <meta name='ocr-system' content='tesseract 3.04.00' />
  <meta name='ocr-capabilities' content='ocr_page ocr_carea ocr_par ocr_line ocrx_word'/>
</head>
<body>
  <div class='ocr_page' id='page_1' title='image "./opusmajusrogerb02bridgoog/opusmajusrogerb02bridgoog_0493.png"; bbox 0 0 3542 5359; ppageno 0'>
   <div class='ocr_carea' id='block_1_1' title="bbox 362 624 1245 715">
    <p class='ocr_par' dir='ltr' id='par_1_1' title="bbox 362 624 1245 715">
     <span class='ocr_line' id='line_1_1' title="bbox 362 624 1245 715; baseline -0.001 -28"><span class='ocrx_word' id='word_1_1' title='bbox 362 638 422 701; x_wconf 87' lang='lat'>474</span> <span class='ocrx_word' id='word_1_2' title='bbox 627 624 964 715; x_wconf 63' lang='lat' dir='ltr'>MULTJPLIQrTlo</span> <span class='ocrx_word' id='word_1_3' title='bbox 989 627 1245 687; x_wconf 85' lang='lat' dir='ltr'><em>SPECIERUM.</em></span> 
     </span>
    </p>
   </div>
   <div class='ocr_carea' id='block_1_2' title="bbox 195 784 1526 4412">
    <p class='ocr_par' dir='ltr' id='par_1_2' title="bbox 257 784 1522 2954">
     <span class='ocr_line' id='line_1_2' title="bbox 363 784 1517 873; baseline 0.004 -26"><span class='ocrx_word' id='word_1_4' title='bbox 363 805 438 848; x_wconf 91' lang='lat' dir='ltr'>cum</span> <span class='ocrx_word' id='word_1_5' title='bbox 461 784 525 848; x_wconf 88' lang='lat' dir='ltr'>hoc</span> <span class='ocrx_word' id='word_1_6' title='bbox 548 785 591 849; x_wconf 92' lang='lat' dir='ltr'>sit</span> <span class='ocrx_word' id='word_1_7' title='bbox 613 806 737 861; x_wconf 89' lang='lat' dir='ltr'>verum,</span> <span class='ocrx_word' id='word_1_8' title='bbox 758 789 802 851; x_wconf 91' lang='lat' dir='ltr'>de</span> <span class='ocrx_word' id='word_1_9' title='bbox 823 790 1020 853; x_wconf 78' lang='lat' dir='ltr'>necessitate</span> <span class='ocrx_word' id='word_1_10' title='bbox 1042 790 1200 872; x_wconf 88' lang='lat' dir='ltr'>sequitur,</span> <span class='ocrx_word' id='word_1_11' title='bbox 1216 789 1307 873; x_wconf 92' lang='lat' dir='ltr'>quod</span> <span class='ocrx_word' id='word_1_12' title='bbox 1329 788 1426 855; x_wconf 88' lang='lat' dir='ltr'>stella</span> <span class='ocrx_word' id='word_1_13' title='bbox 1448 810 1517 854; x_wconf 91' lang='lat' dir='ltr'>non</span> 
     </span>
     <span class='ocr_line' id='line_1_3' title="bbox 363 890 1517 976; baseline 0.006 -28"><span class='ocrx_word' id='word_1_14' title='bbox 363 890 517 952; x_wconf 91' lang='lat' dir='ltr'>videatur</span> <span class='ocrx_word' id='word_1_15' title='bbox 544 909 676 971; x_wconf 86' lang='lat' dir='ltr'>semper</span> <span class='ocrx_word' id='word_1_16' title='bbox 706 892 739 954; x_wconf 91' lang='lat' dir='ltr'>in</span> <span class='ocrx_word' id='word_1_17' title='bbox 763 891 842 971; x_wconf 92' lang='lat' dir='ltr'>loco</span> <span class='ocrx_word' id='word_1_18' title='bbox 872 913 933 956; x_wconf 90' lang='lat' dir='ltr'>suo</span> <span class='ocrx_word' id='word_1_19' title='bbox 963 913 1051 970; x_wconf 88' lang='lat' dir='ltr'>vero,</span> <span class='ocrx_word' id='word_1_20' title='bbox 1084 914 1145 958; x_wconf 91' lang='lat' dir='ltr'>nec</span> <span class='ocrx_word' id='word_1_21' title='bbox 1176 916 1235 976; x_wconf 88' lang='lat' dir='ltr'>per</span> <span class='ocrx_word' id='word_1_22' title='bbox 1266 895 1369 959; x_wconf 89' lang='lat' dir='ltr'>lineas</span> <span class='ocrx_word' id='word_1_23' title='bbox 1400 905 1517 958; x_wconf 88' lang='lat' dir='ltr'>rectas.</span> 
     </span>
     <span class='ocr_line' id='line_1_4' title="bbox 364 992 1518 1080; baseline 0.005 -26"><span class='ocrx_word' id='word_1_24' title='bbox 364 992 534 1075; x_wconf 84' lang='lat' dir='ltr'><strong>Quoniam</strong></span> <span class='ocrx_word' id='word_1_25' title='bbox 556 995 583 1055; x_wconf 87' lang='lat' dir='ltr'>si</span> <span class='ocrx_word' id='word_1_26' title='bbox 606 994 639 1057; x_wconf 91' lang='lat' dir='ltr'>in</span> <span class='ocrx_word' id='word_1_27' title='bbox 662 1015 723 1058; x_wconf 90' lang='lat' dir='ltr'>suo</span> <span class='ocrx_word' id='word_1_28' title='bbox 745 994 818 1061; x_wconf 91' lang='lat' dir='ltr'>loco</span> <span class='ocrx_word' id='word_1_29' title='bbox 839 1016 919 1060; x_wconf 91' lang='lat' dir='ltr'>vero</span> <span class='ocrx_word' id='word_1_30' title='bbox 941 1017 1071 1079; x_wconf 86' lang='lat' dir='ltr'>semper</span> <span class='ocrx_word' id='word_1_31' title='bbox 1090 999 1258 1062; x_wconf 87' lang='lat' dir='ltr'>videretur</span> <span class='ocrx_word' id='word_1_32' title='bbox 1279 1007 1313 1062; x_wconf 91' lang='lat' dir='ltr'>et</span> <span class='ocrx_word' id='word_1_33' title='bbox 1335 1018 1394 1080; x_wconf 91' lang='lat' dir='ltr'>per</span> <span class='ocrx_word' id='word_1_34' title='bbox 1413 998 1518 1061; x_wconf 89' lang='lat' dir='ltr'>lineas</span> 
     </span>
     <span class='ocr_line' id='line_1_5' title="bbox 257 1100 1518 1184; baseline 0.004 -25"><span class='ocrx_word' id='word_1_35' title='bbox 257 1105 270 1126; x_wconf 77' lang='lat'><strong>·</strong></span> <span class='ocrx_word' id='word_1_36' title='bbox 365 1107 482 1175; x_wconf 87' lang='lat' dir='ltr'>rectas,</span> <span class='ocrx_word' id='word_1_37' title='bbox 502 1108 581 1162; x_wconf 92' lang='lat' dir='ltr'>tunc</span> <span class='ocrx_word' id='word_1_38' title='bbox 600 1100 741 1162; x_wconf 89' lang='lat' dir='ltr'>eandem</span> <span class='ocrx_word' id='word_1_39' title='bbox 761 1101 954 1164; x_wconf 85' lang='lat' dir='ltr'>distantiam</span> <span class='ocrx_word' id='word_1_40' title='bbox 975 1123 997 1165; x_wconf 92' lang='lat' dir='ltr'>a</span> <span class='ocrx_word' id='word_1_41' title='bbox 1016 1101 1095 1183; x_wconf 93' lang='lat' dir='ltr'>polo</span> <span class='ocrx_word' id='word_1_42' title='bbox 1117 1101 1240 1166; x_wconf 91' lang='lat' dir='ltr'>habere</span> <span class='ocrx_word' id='word_1_43' title='bbox 1257 1101 1462 1184; x_wconf 90' lang='lat' dir='ltr'>judicaretur</span> <span class='ocrx_word' id='word_1_44' title='bbox 1482 1101 1518 1164; x_wconf 89' lang='lat' dir='ltr'>in</span> 
     </span>
     <span class='ocr_line' id='line_1_6' title="bbox 364 1185 1520 1290; baseline 0.003 -26"><span class='ocrx_word' id='word_1_45' title='bbox 364 1200 537 1265; x_wconf 87' lang='lat' dir='ltr'>horizonte</span> <span class='ocrx_word' id='word_1_46' title='bbox 558 1212 593 1266; x_wconf 90' lang='lat' dir='ltr'>et</span> <span class='ocrx_word' id='word_1_47' title='bbox 614 1203 701 1278; x_wconf 89' lang='lat' dir='ltr'>alibi,</span> <span class='ocrx_word' id='word_1_48' title='bbox 720 1205 798 1286; x_wconf 91' lang='lat' dir='ltr'>quia</span> <span class='ocrx_word' id='word_1_49' title='bbox 821 1205 854 1267; x_wconf 94' lang='lat' dir='ltr'>in</span> <span class='ocrx_word' id='word_1_50' title='bbox 878 1207 996 1269; x_wconf 90' lang='lat' dir='ltr'>eadem</span> <span class='ocrx_word' id='word_1_51' title='bbox 1019 1215 1117 1269; x_wconf 89' lang='lat' dir='ltr'>nocte</span> <span class='ocrx_word' id='word_1_52' title='bbox 1140 1215 1174 1270; x_wconf 88' lang='lat' dir='ltr'>et</span> <span class='ocrx_word' id='word_1_53' title='bbox 1195 1185 1328 1290; x_wconf 60' lang='lat' dir='ltr'>sempe‘r</span> <span class='ocrx_word' id='word_1_54' title='bbox 1350 1206 1520 1269; x_wconf 89' lang='lat' dir='ltr'>videretur</span> 
     </span>
     <span class='ocr_line' id='line_1_7' title="bbox 365 1305 1518 1391; baseline 0.005 -23"><span class='ocrx_word' id='word_1_55' title='bbox 365 1305 441 1369; x_wconf 89' lang='lat' dir='ltr'>ferri</span> <span class='ocrx_word' id='word_1_56' title='bbox 462 1306 495 1369; x_wconf 93' lang='lat' dir='ltr'>in</span> <span class='ocrx_word' id='word_1_57' title='bbox 515 1308 633 1370; x_wconf 89' lang='lat' dir='ltr'>eodem</span> <span class='ocrx_word' id='word_1_58' title='bbox 655 1307 776 1371; x_wconf 91' lang='lat' dir='ltr'>circulo</span> <span class='ocrx_word' id='word_1_59' title='bbox 798 1310 1053 1391; x_wconf 89' lang='lat' dir='ltr'>aequidistante.</span> <span class='ocrx_word' id='word_1_60' title='bbox 1099 1309 1173 1373; x_wconf 89' lang='lat' dir='ltr'>Nisi</span> <span class='ocrx_word' id='word_1_61' title='bbox 1196 1311 1288 1391; x_wconf 91' lang='lat' dir='ltr'>quod</span> <span class='ocrx_word' id='word_1_62' title='bbox 1310 1310 1342 1373; x_wconf 94' lang='lat' dir='ltr'>in</span> <span class='ocrx_word' id='word_1_63' title='bbox 1367 1310 1518 1374; x_wconf 87' lang='lat' dir='ltr'>maximo</span> 
     </span>
     <span class='ocr_line' id='line_1_8' title="bbox 364 1398 1518 1497; baseline 0.003 -24"><span class='ocrx_word' id='word_1_64' title='bbox 364 1398 517 1491; x_wconf 89' lang='lat' dir='ltr'>tempore</span> <span class='ocrx_word' id='word_1_65' title='bbox 532 1409 627 1475; x_wconf 90' lang='lat' dir='ltr'>aliter</span> <span class='ocrx_word' id='word_1_66' title='bbox 642 1421 790 1494; x_wconf 88' lang='lat' dir='ltr'>apparet,</span> <span class='ocrx_word' id='word_1_67' title='bbox 804 1414 987 1477; x_wconf 91' lang='lat' dir='ltr'>secundum</span> <span class='ocrx_word' id='word_1_68' title='bbox 1008 1415 1099 1495; x_wconf 91' lang='lat' dir='ltr'>quod</span> <span class='ocrx_word' id='word_1_69' title='bbox 1116 1411 1262 1478; x_wconf 85' lang='lat' dir='ltr'>Thebit¹</span> <span class='ocrx_word' id='word_1_70' title='bbox 1279 1423 1313 1477; x_wconf 91' lang='lat' dir='ltr'>et</span> <span class='ocrx_word' id='word_1_71' title='bbox 1330 1413 1425 1476; x_wconf 90' lang='lat' dir='ltr'>multi</span> <span class='ocrx_word' id='word_1_72' title='bbox 1441 1434 1518 1497; x_wconf 88' lang='lat' dir='ltr'>pro-</span> 
     </span>
     <span class='ocr_line' id='line_1_9' title="bbox 363 1513 1519 1602; baseline 0.003 -27"><span class='ocrx_word' id='word_1_73' title='bbox 363 1513 536 1578; x_wconf 90' lang='lat' dir='ltr'>bationum</span> <span class='ocrx_word' id='word_1_74' title='bbox 572 1517 722 1596; x_wconf 85' lang='lat' dir='ltr'>magistri</span> <span class='ocrx_word' id='word_1_75' title='bbox 758 1515 980 1596; x_wconf 88' lang='lat' dir='ltr'>firmaverunt,</span> <span class='ocrx_word' id='word_1_76' title='bbox 1012 1518 1138 1582; x_wconf 89' lang='lat' dir='ltr'>scilicet</span> <span class='ocrx_word' id='word_1_77' title='bbox 1175 1519 1284 1602; x_wconf 89' lang='lat' dir='ltr'>capita</span> <span class='ocrx_word' id='word_1_78' title='bbox 1320 1518 1445 1582; x_wconf 87' lang='lat' dir='ltr'>Arietis</span> <span class='ocrx_word' id='word_1_79' title='bbox 1482 1527 1519 1580; x_wconf 90' lang='lat' dir='ltr'>et</span> 
     </span>
     <span class='ocr_line' id='line_1_10' title="bbox 364 1618 1519 1706; baseline 0.003 -25"><span class='ocrx_word' id='word_1_80' title='bbox 364 1618 487 1681; x_wconf 87' lang='lat' dir='ltr'>Librae</span> <span class='ocrx_word' id='word_1_81' title='bbox 501 1618 627 1682; x_wconf 90' lang='lat' dir='ltr'>zodiaci</span> <span class='ocrx_word' id='word_1_82' title='bbox 643 1619 774 1682; x_wconf 91' lang='lat' dir='ltr'>mobilis</span> <span class='ocrx_word' id='word_1_83' title='bbox 790 1622 823 1683; x_wconf 89' lang='lat' dir='ltr'>in</span> <span class='ocrx_word' id='word_1_84' title='bbox 839 1621 968 1686; x_wconf 86' lang='lat' dir='ltr'>circulis</span> <span class='ocrx_word' id='word_1_85' title='bbox 989 1622 1144 1686; x_wconf 89' lang='lat' dir='ltr'>brevibus</span> <span class='ocrx_word' id='word_1_86' title='bbox 1160 1625 1245 1687; x_wconf 87' lang='lat' dir='ltr'>circa</span> <span class='ocrx_word' id='word_1_87' title='bbox 1264 1624 1376 1706; x_wconf 89' lang='lat' dir='ltr'>capita</span> <span class='ocrx_word' id='word_1_88' title='bbox 1390 1620 1519 1684; x_wconf 88' lang='lat' dir='ltr'>Arietis</span> 
     </span>
     <span class='ocr_line' id='line_1_11' title="bbox 364 1722 1518 1803; baseline 0.003 -19"><span class='ocrx_word' id='word_1_89' title='bbox 364 1733 398 1785; x_wconf 93' lang='lat' dir='ltr'>et</span> <span class='ocrx_word' id='word_1_90' title='bbox 419 1722 540 1785; x_wconf 88' lang='lat' dir='ltr'>Librae</span> <span class='ocrx_word' id='word_1_91' title='bbox 560 1723 687 1787; x_wconf 89' lang='lat' dir='ltr'>zodiaci</span> <span class='ocrx_word' id='word_1_92' title='bbox 705 1724 886 1789; x_wconf 91' lang='lat' dir='ltr'>immobilis</span> <span class='ocrx_word' id='word_1_93' title='bbox 907 1727 1027 1789; x_wconf 91' lang='lat' dir='ltr'>circum</span> <span class='ocrx_word' id='word_1_94' title='bbox 1044 1727 1128 1803; x_wconf 87' lang='lat' dir='ltr'>serri,</span> <span class='ocrx_word' id='word_1_95' title='bbox 1144 1737 1202 1790; x_wconf 90' lang='lat' dir='ltr'>aut</span> <span class='ocrx_word' id='word_1_96' title='bbox 1220 1736 1329 1790; x_wconf 91' lang='lat' dir='ltr'>totum</span> <span class='ocrx_word' id='word_1_97' title='bbox 1344 1727 1518 1789; x_wconf 88' lang='lat' dir='ltr'>zodiacum</span> 
     </span>
     <span class='ocr_line' id='line_1_12' title="bbox 365 1825 1519 1895; baseline 0.003 -6"><span class='ocrx_word' id='word_1_98' title='bbox 365 1825 524 1889; x_wconf 91' lang='lat' dir='ltr'>mobilem</span> <span class='ocrx_word' id='word_1_99' title='bbox 551 1828 677 1890; x_wconf 92' lang='lat' dir='ltr'>moveri</span> <span class='ocrx_word' id='word_1_100' title='bbox 704 1839 798 1892; x_wconf 88' lang='lat' dir='ltr'>motu</span> <span class='ocrx_word' id='word_1_101' title='bbox 827 1829 1022 1893; x_wconf 88' lang='lat' dir='ltr'>accessionis</span> <span class='ocrx_word' id='word_1_102' title='bbox 1053 1841 1086 1895; x_wconf 89' lang='lat' dir='ltr'>et</span> <span class='ocrx_word' id='word_1_103' title='bbox 1118 1832 1309 1894; x_wconf 89' lang='lat' dir='ltr'>recessionis</span> <span class='ocrx_word' id='word_1_104' title='bbox 1336 1830 1519 1894; x_wconf 90' lang='lat' dir='ltr'>secundum</span> 
     </span>
     <span class='ocr_line' id='line_1_13' title="bbox 366 1930 1519 2018; baseline 0.001 -25"><span class='ocrx_word' id='word_1_105' title='bbox 366 1930 574 1995; x_wconf 89' lang='lat' dir='ltr'>latitudinem</span> <span class='ocrx_word' id='word_1_106' title='bbox 604 1933 813 1997; x_wconf 92' lang='lat' dir='ltr'>ascendendo</span> <span class='ocrx_word' id='word_1_107' title='bbox 843 1944 878 1996; x_wconf 92' lang='lat' dir='ltr'>et</span> <span class='ocrx_word' id='word_1_108' title='bbox 909 1935 1149 2012; x_wconf 70' lang='lat' dir='ltr'>descendendo</span> <span class='ocrx_word' id='word_1_109' title='bbox 1178 1943 1214 1998; x_wconf 93' lang='lat' dir='ltr'>ut</span> <span class='ocrx_word' id='word_1_110' title='bbox 1243 1935 1411 2018; x_wconf 88' lang='lat' dir='ltr'>sapientes</span> <span class='ocrx_word' id='word_1_111' title='bbox 1442 1932 1519 1996; x_wconf 89' lang='lat' dir='ltr'>Indi</span> 
     </span>
     <span class='ocr_line' id='line_1_14' title="bbox 365 2035 1520 2120; baseline 0.001 -23"><span class='ocrx_word' id='word_1_112' title='bbox 365 2045 556 2118; x_wconf 90' lang='lat' dir='ltr'>posuerunt,</span> <span class='ocrx_word' id='word_1_113' title='bbox 571 2045 630 2098; x_wconf 91' lang='lat' dir='ltr'>aut</span> <span class='ocrx_word' id='word_1_114' title='bbox 646 2046 781 2118; x_wconf 91' lang='lat' dir='ltr'>propter</span> <span class='ocrx_word' id='word_1_115' title='bbox 800 2036 946 2119; x_wconf 90' lang='lat' dir='ltr'>aliquem</span> <span class='ocrx_word' id='word_1_116' title='bbox 968 2037 1071 2102; x_wconf 92' lang='lat' dir='ltr'>alium</span> <span class='ocrx_word' id='word_1_117' title='bbox 1094 2049 1233 2112; x_wconf 85' lang='lat' dir='ltr'>motum,</span> <span class='ocrx_word' id='word_1_118' title='bbox 1247 2059 1347 2120; x_wconf 93' lang='lat' dir='ltr'>quem</span> <span class='ocrx_word' id='word_1_119' title='bbox 1369 2035 1520 2118; x_wconf 82' lang='lat' dir='ltr'>magistri</span> 
     </span>
     <span class='ocr_line' id='line_1_15' title="bbox 366 2139 1520 2226; baseline 0.001 -25"><span class='ocrx_word' id='word_1_120' title='bbox 366 2139 600 2222; x_wconf 91' lang='lat' dir='ltr'>probationum</span> <span class='ocrx_word' id='word_1_121' title='bbox 617 2141 890 2222; x_wconf 85' lang='lat' dir='ltr'>excogitaverunt</span> <span class='ocrx_word' id='word_1_122' title='bbox 908 2163 980 2207; x_wconf 92' lang='lat' dir='ltr'>esse</span> <span class='ocrx_word' id='word_1_123' title='bbox 998 2143 1190 2226; x_wconf 92' lang='lat' dir='ltr'>possibilem</span> <span class='ocrx_word' id='word_1_124' title='bbox 1212 2145 1244 2206; x_wconf 94' lang='lat' dir='ltr'>in</span> <span class='ocrx_word' id='word_1_125' title='bbox 1261 2142 1356 2206; x_wconf 89' lang='lat' dir='ltr'>coelo</span> <span class='ocrx_word' id='word_1_126' title='bbox 1375 2141 1520 2218; x_wconf 91' lang='lat' dir='ltr'>stellato,</span> 
     </span>
     <span class='ocr_line' id='line_1_16' title="bbox 365 2244 1521 2329; baseline 0.002 -22"><span class='ocrx_word' id='word_1_127' title='bbox 365 2244 435 2308; x_wconf 90' lang='lat' dir='ltr'>sive</span> <span class='ocrx_word' id='word_1_128' title='bbox 452 2245 496 2308; x_wconf 91' lang='lat' dir='ltr'>sit</span> <span class='ocrx_word' id='word_1_129' title='bbox 511 2244 662 2308; x_wconf 91' lang='lat' dir='ltr'>inventus</span> <span class='ocrx_word' id='word_1_130' title='bbox 677 2245 795 2323; x_wconf 90' lang='lat' dir='ltr'>adhuc,</span> <span class='ocrx_word' id='word_1_131' title='bbox 805 2247 875 2310; x_wconf 92' lang='lat' dir='ltr'>sive</span> <span class='ocrx_word' id='word_1_132' title='bbox 891 2266 976 2324; x_wconf 90' lang='lat' dir='ltr'>non;</span> <span class='ocrx_word' id='word_1_133' title='bbox 1000 2249 1182 2312; x_wconf 91' lang='lat' dir='ltr'>secundum</span> <span class='ocrx_word' id='word_1_134' title='bbox 1198 2248 1289 2329; x_wconf 94' lang='lat' dir='ltr'>quod</span> <span class='ocrx_word' id='word_1_135' title='bbox 1305 2265 1389 2310; x_wconf 91' lang='lat' dir='ltr'>unus</span> <span class='ocrx_word' id='word_1_136' title='bbox 1404 2264 1521 2309; x_wconf 91' lang='lat' dir='ltr'>eorum</span> 
     </span>
     <span class='ocr_line' id='line_1_17' title="bbox 365 2348 1521 2433; baseline -0.002 -21"><span class='ocrx_word' id='word_1_137' title='bbox 365 2348 548 2430; x_wconf 85' lang='lat' dir='ltr'>Albategni</span> <span class='ocrx_word' id='word_1_138' title='bbox 566 2349 654 2424; x_wconf 89' lang='lat' dir='ltr'>dicit,</span> <span class='ocrx_word' id='word_1_139' title='bbox 676 2350 834 2432; x_wconf 89' lang='lat' dir='ltr'>possibile</span> <span class='ocrx_word' id='word_1_140' title='bbox 853 2362 904 2415; x_wconf 90' lang='lat' dir='ltr'>est</span> <span class='ocrx_word' id='word_1_141' title='bbox 925 2351 1070 2433; x_wconf 88' lang='lat' dir='ltr'>aliquem</span> <span class='ocrx_word' id='word_1_142' title='bbox 1093 2363 1222 2416; x_wconf 92' lang='lat' dir='ltr'>motum</span> <span class='ocrx_word' id='word_1_143' title='bbox 1245 2352 1277 2414; x_wconf 91' lang='lat' dir='ltr'>in</span> <span class='ocrx_word' id='word_1_144' title='bbox 1299 2350 1394 2415; x_wconf 89' lang='lat' dir='ltr'>coelo</span> <span class='ocrx_word' id='word_1_145' title='bbox 1416 2349 1521 2412; x_wconf 91' lang='lat' dir='ltr'>latere</span> 
     </span>
     <span class='ocr_line' id='line_1_18' title="bbox 365 2452 1522 2537; baseline 0.002 -23"><span class='ocrx_word' id='word_1_146' title='bbox 365 2473 499 2515; x_wconf 91' lang='lat' dir='ltr'>omnem</span> <span class='ocrx_word' id='word_1_147' title='bbox 531 2452 775 2536; x_wconf 92' lang='lat' dir='ltr'>philosophum.</span> <span class='ocrx_word' id='word_1_148' title='bbox 822 2453 909 2518; x_wconf 86' lang='lat' dir='ltr'>Cum</span> <span class='ocrx_word' id='word_1_149' title='bbox 939 2455 1040 2537; x_wconf 82' lang='lat' dir='ltr'>igitur</span> <span class='ocrx_word' id='word_1_150' title='bbox 1066 2475 1133 2518; x_wconf 90' lang='lat' dir='ltr'>non</span> <span class='ocrx_word' id='word_1_151' title='bbox 1163 2456 1317 2519; x_wconf 90' lang='lat' dir='ltr'>videatur</span> <span class='ocrx_word' id='word_1_152' title='bbox 1341 2453 1439 2517; x_wconf 89' lang='lat' dir='ltr'>stella</span> <span class='ocrx_word' id='word_1_153' title='bbox 1468 2473 1522 2516; x_wconf 90' lang='lat' dir='ltr'>se-</span> 
     </span>
     <span class='ocr_line' id='line_1_19' title="bbox 365 2555 1521 2642; baseline 0.001 -23"><span class='ocrx_word' id='word_1_154' title='bbox 365 2558 511 2620; x_wconf 92' lang='lat' dir='ltr'>cundum</span> <span class='ocrx_word' id='word_1_155' title='bbox 539 2555 643 2620; x_wconf 91' lang='lat' dir='ltr'>lineas</span> <span class='ocrx_word' id='word_1_156' title='bbox 670 2567 785 2636; x_wconf 90' lang='lat' dir='ltr'>rectas,</span> <span class='ocrx_word' id='word_1_157' title='bbox 812 2570 948 2642; x_wconf 90' lang='lat' dir='ltr'>propter</span> <span class='ocrx_word' id='word_1_158' title='bbox 974 2560 1137 2624; x_wconf 88' lang='lat' dir='ltr'>diversam</span> <span class='ocrx_word' id='word_1_159' title='bbox 1168 2560 1359 2623; x_wconf 90' lang='lat' dir='ltr'>distantiam</span> <span class='ocrx_word' id='word_1_160' title='bbox 1389 2579 1410 2622; x_wconf 94' lang='lat' dir='ltr'>a</span> <span class='ocrx_word' id='word_1_161' title='bbox 1439 2556 1521 2640; x_wconf 93' lang='lat' dir='ltr'>polo</span> 
     </span>
     <span class='ocr_line' id='line_1_20' title="bbox 366 2660 1521 2747; baseline 0 -24"><span class='ocrx_word' id='word_1_162' title='bbox 366 2680 468 2744; x_wconf 93' lang='lat' dir='ltr'>quam</span> <span class='ocrx_word' id='word_1_163' title='bbox 491 2660 613 2726; x_wconf 86' lang='lat' dir='ltr'>habere</span> <span class='ocrx_word' id='word_1_164' title='bbox 636 2682 703 2724; x_wconf 94' lang='lat' dir='ltr'>non</span> <span class='ocrx_word' id='word_1_165' title='bbox 728 2670 838 2744; x_wconf 89' lang='lat' dir='ltr'>potest</span> <span class='ocrx_word' id='word_1_166' title='bbox 861 2665 1044 2727; x_wconf 91' lang='lat' dir='ltr'>secundum</span> <span class='ocrx_word' id='word_1_167' title='bbox 1066 2664 1251 2741; x_wconf 88' lang='lat' dir='ltr'>veritatem,</span> <span class='ocrx_word' id='word_1_168' title='bbox 1274 2670 1406 2747; x_wconf 87' lang='lat' dir='ltr'>oportet</span> <span class='ocrx_word' id='word_1_169' title='bbox 1427 2661 1521 2743; x_wconf 92' lang='lat' dir='ltr'>quod</span> 
     </span>
     <span class='ocr_line' id='line_1_21' title="bbox 365 2763 1521 2842; baseline 0 -15"><span class='ocrx_word' id='word_1_170' title='bbox 365 2765 516 2828; x_wconf 90' lang='lat' dir='ltr'>videatur</span> <span class='ocrx_word' id='word_1_171' title='bbox 538 2763 671 2842; x_wconf 82' lang='lat' dir='ltr'>reflexe,</span> <span class='ocrx_word' id='word_1_172' title='bbox 691 2765 743 2830; x_wconf 93' lang='lat' dir='ltr'>vel</span> <span class='ocrx_word' id='word_1_173' title='bbox 765 2768 947 2830; x_wconf 90' lang='lat' dir='ltr'>secundum</span> <span class='ocrx_word' id='word_1_174' title='bbox 970 2766 1092 2831; x_wconf 87' lang='lat' dir='ltr'>lineam</span> <span class='ocrx_word' id='word_1_175' title='bbox 1116 2764 1276 2842; x_wconf 84' lang='lat' dir='ltr'>fractam3</span> <span class='ocrx_word' id='word_1_176' title='bbox 1297 2767 1357 2830; x_wconf 91' lang='lat' dir='ltr'>sed</span> <span class='ocrx_word' id='word_1_177' title='bbox 1379 2785 1446 2828; x_wconf 89' lang='lat' dir='ltr'>non</span> <span class='ocrx_word' id='word_1_178' title='bbox 1468 2773 1521 2827; x_wconf 92' lang='lat' dir='ltr'>est</span> 
     </span>
     <span class='ocr_line' id='line_1_22' title="bbox 365 2859 1521 2954; baseline 0 -23"><span class='ocrx_word' id='word_1_179' title='bbox 365 2859 411 2931; x_wconf 89' lang='lat' dir='ltr'>ibi</span> <span class='ocrx_word' id='word_1_180' title='bbox 432 2868 579 2948; x_wconf 86' lang='lat' dir='ltr'>reflexio,</span> <span class='ocrx_word' id='word_1_181' title='bbox 599 2890 675 2934; x_wconf 91' lang='lat' dir='ltr'>cum</span> <span class='ocrx_word' id='word_1_182' title='bbox 697 2872 826 2934; x_wconf 93' lang='lat' dir='ltr'>nonsit</span> <span class='ocrx_word' id='word_1_183' title='bbox 847 2871 892 2933; x_wconf 91' lang='lat' dir='ltr'>ibi</span> <span class='ocrx_word' id='word_1_184' title='bbox 913 2870 1076 2950; x_wconf 84' lang='lat' dir='ltr'>densum3</span> <span class='ocrx_word' id='word_1_185' title='bbox 1098 2879 1232 2954; x_wconf 92' lang='lat' dir='ltr'>oportet</span> <span class='ocrx_word' id='word_1_186' title='bbox 1250 2891 1330 2954; x_wconf 87' lang='lat' dir='ltr'>ergo</span> <span class='ocrx_word' id='word_1_187' title='bbox 1348 2869 1438 2951; x_wconf 93' lang='lat' dir='ltr'>quod</span> <span class='ocrx_word' id='word_1_188' title='bbox 1459 2889 1521 2952; x_wconf 89' lang='lat' dir='ltr'>per</span> 
     </span>
    </p>

    <p class='ocr_par' dir='ltr' id='par_1_3' title="bbox 195 2972 1526 4412">
     <span class='ocr_line' id='line_1_23' title="bbox 365 2972 818 3039; baseline 0.002 -4"><span class='ocrx_word' id='word_1_189' title='bbox 365 2972 487 3037; x_wconf 85' lang='lat' dir='ltr'>lineam</span> <span class='ocrx_word' id='word_1_190' title='bbox 504 2972 643 3038; x_wconf 82' lang='lat' dir='ltr'>fractam</span> <span class='ocrx_word' id='word_1_191' title='bbox 657 2976 818 3039; x_wconf 90' lang='lat' dir='ltr'>videatur.</span> 
     </span>
     <span class='ocr_line' id='line_1_24' title="bbox 197 3075 1521 3169; baseline 0 -29"><span class='ocrx_word' id='word_1_192' title='bbox 197 3087 330 3169; x_wconf 63' lang='lat' dir='ltr'>alhazen&#39;s</span> <span class='ocrx_word' id='word_1_193' title='bbox 411 3077 458 3141; x_wconf 90' lang='lat' dir='ltr'>Et</span> <span class='ocrx_word' id='word_1_194' title='bbox 477 3078 630 3142; x_wconf 91' lang='lat' dir='ltr'>Alhazen</span> <span class='ocrx_word' id='word_1_195' title='bbox 650 3079 791 3162; x_wconf 84' lang='lat' dir='ltr'>exponit</span> <span class='ocrx_word' id='word_1_196' title='bbox 807 3077 1035 3142; x_wconf 89' lang='lat' dir='ltr'>Ptolemaeum</span> <span class='ocrx_word' id='word_1_197' title='bbox 1057 3079 1090 3142; x_wconf 91' lang='lat' dir='ltr'>in</span> <span class='ocrx_word' id='word_1_198' title='bbox 1105 3078 1168 3143; x_wconf 88' lang='lat' dir='ltr'>hac</span> <span class='ocrx_word' id='word_1_199' title='bbox 1185 3089 1278 3160; x_wconf 90' lang='lat' dir='ltr'>parte</span> <span class='ocrx_word' id='word_1_200' title='bbox 1298 3077 1383 3142; x_wconf 92' lang='lat' dir='ltr'>sicut</span> <span class='ocrx_word' id='word_1_201' title='bbox 1399 3079 1431 3140; x_wconf 94' lang='lat' dir='ltr'>in</span> <span class='ocrx_word' id='word_1_202' title='bbox 1446 3075 1521 3140; x_wconf 86' lang='lat' dir='ltr'>aliis</span> 
     </span>
     <span class='ocr_line' id='line_1_25' title="bbox 196 3164 1520 3288; baseline -0.001 -44"><span class='ocrx_word' id='word_1_203' title='bbox 196 3164 356 3288; x_wconf 55' lang='lat' dir='ltr'>murffi</span> <span class='ocrx_word' id='word_1_204' title='bbox 366 3179 489 3257; x_wconf 89' lang='lat' dir='ltr'>dicens,</span> <span class='ocrx_word' id='word_1_205' title='bbox 504 3182 597 3263; x_wconf 91' lang='lat' dir='ltr'>quod</span> <span class='ocrx_word' id='word_1_206' title='bbox 616 3183 661 3245; x_wconf 87' lang='lat' dir='ltr'>‘si</span> <span class='ocrx_word' id='word_1_207' title='bbox 684 3183 803 3265; x_wconf 87' lang='lat' dir='ltr'>aliquis</span> <span class='ocrx_word' id='word_1_208' title='bbox 820 3182 963 3247; x_wconf 88' lang='lat' dir='ltr'>voluerit</span> <span class='ocrx_word' id='word_1_209' title='bbox 983 3184 1046 3248; x_wconf 93' lang='lat' dir='ltr'>hoc</span> <span class='ocrx_word' id='word_1_210' title='bbox 1068 3183 1220 3266; x_wconf 87' lang='lat' dir='ltr'>experiri,</span> <span class='ocrx_word' id='word_1_211' title='bbox 1235 3184 1377 3265; x_wconf 86' lang='lat' dir='ltr'>accipiat</span> <span class='ocrx_word' id='word_1_212' title='bbox 1399 3181 1520 3244; x_wconf 90' lang='lat' dir='ltr'>instru-</span> 
     </span>
     <span class='ocr_line' id='line_1_26' title="bbox 196 3285 1521 3370; baseline -0.003 -18"><span class='ocrx_word' id='word_1_213' title='bbox 196 3288 334 3366; x_wconf 71' lang='lat' dir='ltr'>Prolemy’s</span> <span class='ocrx_word' id='word_1_214' title='bbox 368 3294 516 3349; x_wconf 91' lang='lat' dir='ltr'>mentum</span> <span class='ocrx_word' id='word_1_215' title='bbox 535 3287 577 3350; x_wconf 91' lang='lat' dir='ltr'>de</span> <span class='ocrx_word' id='word_1_216' title='bbox 597 3287 735 3351; x_wconf 87' lang='lat' dir='ltr'>armillis</span> <span class='ocrx_word' id='word_1_217' title='bbox 751 3297 785 3351; x_wconf 92' lang='lat' dir='ltr'>et</span> <span class='ocrx_word' id='word_1_218' title='bbox 806 3296 910 3370; x_wconf 89' lang='lat' dir='ltr'>ponat</span> <span class='ocrx_word' id='word_1_219' title='bbox 926 3285 1005 3351; x_wconf 93' lang='lat' dir='ltr'>illud</span> <span class='ocrx_word' id='word_1_220' title='bbox 1022 3287 1054 3350; x_wconf 91' lang='lat' dir='ltr'>in</span> <span class='ocrx_word' id='word_1_221' title='bbox 1074 3287 1150 3350; x_wconf 93' lang='lat' dir='ltr'>loco</span> <span class='ocrx_word' id='word_1_222' title='bbox 1165 3286 1333 3363; x_wconf 86' lang='lat' dir='ltr'>eminenti,</span> <span class='ocrx_word' id='word_1_223' title='bbox 1348 3295 1383 3350; x_wconf 91' lang='lat' dir='ltr'>et</span> <span class='ocrx_word' id='word_1_224' title='bbox 1398 3285 1431 3347; x_wconf 93' lang='lat' dir='ltr'>in</span> <span class='ocrx_word' id='word_1_225' title='bbox 1451 3304 1521 3367; x_wconf 92' lang='lat' dir='ltr'>quo</span> 
     </span>
     <span class='ocr_line' id='line_1_27' title="bbox 195 3353 1522 3476; baseline -0.002 -23"><span class='ocrx_word' id='word_1_226' title='bbox 195 3353 332 3420; x_wconf 51' lang='lat' dir='ltr'>dmm</span> <span class='ocrx_word' id='word_1_227' title='bbox 367 3389 490 3471; x_wconf 91' lang='lat' dir='ltr'>poterit</span> <span class='ocrx_word' id='word_1_228' title='bbox 515 3411 677 3474; x_wconf 89' lang='lat' dir='ltr'>apparere</span> <span class='ocrx_word' id='word_1_229' title='bbox 706 3391 844 3455; x_wconf 90' lang='lat' dir='ltr'>horizon</span> <span class='ocrx_word' id='word_1_230' title='bbox 869 3391 1046 3469; x_wconf 89' lang='lat' dir='ltr'>orientalis,</span> <span class='ocrx_word' id='word_1_231' title='bbox 1075 3401 1110 3454; x_wconf 88' lang='lat' dir='ltr'>et</span> <span class='ocrx_word' id='word_1_232' title='bbox 1136 3400 1238 3476; x_wconf 89' lang='lat' dir='ltr'>ponat</span> <span class='ocrx_word' id='word_1_233' title='bbox 1265 3391 1522 3454; x_wconf 86' lang='lat' dir='ltr'>instrumentum</span> 
     </span>
     <span class='ocr_line' id='line_1_28' title="bbox 367 3493 1522 3579; baseline -0.003 -21"><span class='ocrx_word' id='word_1_234' title='bbox 367 3493 570 3558; x_wconf 90' lang='lat' dir='ltr'>armillarum</span> <span class='ocrx_word' id='word_1_235' title='bbox 588 3515 651 3559; x_wconf 91' lang='lat' dir='ltr'>suo</span> <span class='ocrx_word' id='word_1_236' title='bbox 672 3496 774 3560; x_wconf 93' lang='lat' dir='ltr'>modo</span> <span class='ocrx_word' id='word_1_237' title='bbox 797 3496 942 3579; x_wconf 88' lang='lat' dir='ltr'>proprio,</span> <span class='ocrx_word' id='word_1_238' title='bbox 961 3495 1096 3573; x_wconf 91' lang='lat' dir='ltr'>scilicet,</span> <span class='ocrx_word' id='word_1_239' title='bbox 1114 3498 1206 3578; x_wconf 91' lang='lat' dir='ltr'>quod</span> <span class='ocrx_word' id='word_1_240' title='bbox 1228 3503 1333 3578; x_wconf 93' lang='lat' dir='ltr'>ponat</span> <span class='ocrx_word' id='word_1_241' title='bbox 1355 3493 1522 3557; x_wconf 90' lang='lat' dir='ltr'>armillam</span> 
     </span>
     <span class='ocr_line' id='line_1_29' title="bbox 366 3598 1522 3682; baseline 0 -21"><span class='ocrx_word' id='word_1_242' title='bbox 366 3610 513 3680; x_wconf 88' lang='lat' dir='ltr'>quaeest</span> <span class='ocrx_word' id='word_1_243' title='bbox 526 3599 643 3663; x_wconf 85' lang='lat' dir='ltr'>in&#39;loco</span> <span class='ocrx_word' id='word_1_244' title='bbox 655 3599 765 3663; x_wconf 90' lang='lat' dir='ltr'>circuli</span> <span class='ocrx_word' id='word_1_245' title='bbox 776 3598 1000 3664; x_wconf 90' lang='lat' dir='ltr'>meridionalis</span> <span class='ocrx_word' id='word_1_246' title='bbox 1013 3601 1045 3663; x_wconf 93' lang='lat' dir='ltr'>in</span> <span class='ocrx_word' id='word_1_247' title='bbox 1058 3599 1230 3682; x_wconf 88' lang='lat' dir='ltr'>superficie</span> <span class='ocrx_word' id='word_1_248' title='bbox 1240 3599 1352 3665; x_wconf 92' lang='lat' dir='ltr'>circuli</span> <span class='ocrx_word' id='word_1_249' title='bbox 1363 3598 1522 3676; x_wconf 89' lang='lat' dir='ltr'>meridiei,</span> 
     </span>
     <span class='ocr_line' id='line_1_30' title="bbox 368 3703 1522 3787; baseline -0.001 -22"><span class='ocrx_word' id='word_1_250' title='bbox 368 3713 402 3766; x_wconf 92' lang='lat' dir='ltr'>et</span> <span class='ocrx_word' id='word_1_251' title='bbox 418 3703 514 3786; x_wconf 92' lang='lat' dir='ltr'>polus</span> <span class='ocrx_word' id='word_1_252' title='bbox 529 3703 600 3787; x_wconf 84' lang='lat' dir='ltr'>ejus</span> <span class='ocrx_word' id='word_1_253' title='bbox 612 3704 654 3768; x_wconf 91' lang='lat' dir='ltr'>sit</span> <span class='ocrx_word' id='word_1_254' title='bbox 669 3705 767 3767; x_wconf 94' lang='lat' dir='ltr'>altior</span> <span class='ocrx_word' id='word_1_255' title='bbox 782 3714 877 3783; x_wconf 88' lang='lat' dir='ltr'>terra,</span> <span class='ocrx_word' id='word_1_256' title='bbox 891 3705 1073 3768; x_wconf 90' lang='lat' dir='ltr'>secundum</span> <span class='ocrx_word' id='word_1_257' title='bbox 1089 3704 1297 3768; x_wconf 89' lang='lat' dir='ltr'>altitudinem</span> <span class='ocrx_word' id='word_1_258' title='bbox 1315 3703 1383 3786; x_wconf 92' lang='lat' dir='ltr'>poli</span> <span class='ocrx_word' id='word_1_259' title='bbox 1404 3703 1522 3765; x_wconf 90' lang='lat' dir='ltr'>mundi</span> 
     </span>
     <span class='ocr_line' id='line_1_31' title="bbox 368 3807 1523 3892; baseline -0.003 -20"><span class='ocrx_word' id='word_1_260' title='bbox 368 3828 466 3891; x_wconf 89' lang='lat' dir='ltr'>super</span> <span class='ocrx_word' id='word_1_261' title='bbox 479 3808 653 3872; x_wconf 87' lang='lat' dir='ltr'>horizonta</span> <span class='ocrx_word' id='word_1_262' title='bbox 673 3807 737 3872; x_wconf 91' lang='lat' dir='ltr'>loci</span> <span class='ocrx_word' id='word_1_263' title='bbox 756 3808 789 3872; x_wconf 93' lang='lat' dir='ltr'>in</span> <span class='ocrx_word' id='word_1_264' title='bbox 804 3829 872 3891; x_wconf 89' lang='lat' dir='ltr'>qua</span> <span class='ocrx_word' id='word_1_265' title='bbox 892 3808 1028 3892; x_wconf 90' lang='lat' dir='ltr'>ponitur</span> <span class='ocrx_word' id='word_1_266' title='bbox 1043 3809 1309 3886; x_wconf 88' lang='lat' dir='ltr'>instrumentum,</span> <span class='ocrx_word' id='word_1_267' title='bbox 1325 3807 1406 3870; x_wconf 91' lang='lat' dir='ltr'>etin</span> <span class='ocrx_word' id='word_1_268' title='bbox 1422 3815 1523 3869; x_wconf 91' lang='lat' dir='ltr'>nocte</span> 
     </span>
     <span class='ocr_line' id='line_1_32' title="bbox 367 3910 1524 3995; baseline -0.006 -17"><span class='ocrx_word' id='word_1_269' title='bbox 367 3913 544 3978; x_wconf 82' lang='lat' dir='ltr'>observet²</span> <span class='ocrx_word' id='word_1_270' title='bbox 570 3912 716 3994; x_wconf 86' lang='lat' dir='ltr'>aliquam</span> <span class='ocrx_word' id='word_1_271' title='bbox 737 3912 870 3976; x_wconf 86' lang='lat' dir='ltr'>stellam</span> <span class='ocrx_word' id='word_1_272' title='bbox 893 3912 1037 3976; x_wconf 87' lang='lat' dir='ltr'>fixarum</span> <span class='ocrx_word' id='word_1_273' title='bbox 1066 3931 1271 3995; x_wconf 87' lang='lat' dir='ltr'>magnarum,</span> <span class='ocrx_word' id='word_1_274' title='bbox 1293 3931 1379 3992; x_wconf 88' lang='lat' dir='ltr'>quae</span> <span class='ocrx_word' id='word_1_275' title='bbox 1402 3910 1524 3973; x_wconf 90' lang='lat' dir='ltr'>transit</span> 
     </span>
     <span class='ocr_line' id='line_1_33' title="bbox 369 4013 1522 4102; baseline -0.003 -22"><span class='ocrx_word' id='word_1_276' title='bbox 369 4038 428 4100; x_wconf 94' lang='lat' dir='ltr'>per</span> <span class='ocrx_word' id='word_1_277' title='bbox 443 4017 555 4080; x_wconf 88' lang='lat' dir='ltr'>zenith</span> <span class='ocrx_word' id='word_1_278' title='bbox 570 4019 689 4099; x_wconf 87' lang='lat' dir='ltr'>capitis</span> <span class='ocrx_word' id='word_1_279' title='bbox 706 4015 794 4080; x_wconf 91' lang='lat' dir='ltr'>illius</span> <span class='ocrx_word' id='word_1_280' title='bbox 806 4016 870 4079; x_wconf 93' lang='lat' dir='ltr'>loci</span> <span class='ocrx_word' id='word_1_281' title='bbox 886 4025 944 4080; x_wconf 91' lang='lat' dir='ltr'>aut</span> <span class='ocrx_word' id='word_1_282' title='bbox 957 4037 1069 4102; x_wconf 90' lang='lat' dir='ltr'>prope,</span> <span class='ocrx_word' id='word_1_283' title='bbox 1084 4025 1118 4080; x_wconf 89' lang='lat' dir='ltr'>et</span> <span class='ocrx_word' id='word_1_284' title='bbox 1134 4016 1286 4080; x_wconf 88' lang='lat' dir='ltr'>observet</span> <span class='ocrx_word' id='word_1_285' title='bbox 1303 4033 1376 4078; x_wconf 87' lang='lat' dir='ltr'>eam</span> <span class='ocrx_word' id='word_1_286' title='bbox 1393 4013 1425 4077; x_wconf 92' lang='lat' dir='ltr'>in</span> <span class='ocrx_word' id='word_1_287' title='bbox 1444 4023 1522 4076; x_wconf 88' lang='lat' dir='ltr'>ortu</span> 
     </span>
     <span class='ocr_line' id='line_1_34' title="bbox 368 4119 1526 4201; baseline -0.004 -17"><span class='ocrx_word' id='word_1_288' title='bbox 368 4143 429 4186; x_wconf 90' lang='lat' dir='ltr'>suo</span> <span class='ocrx_word' id='word_1_289' title='bbox 445 4123 487 4186; x_wconf 90' lang='lat' dir='ltr'>ab</span> <span class='ocrx_word' id='word_1_290' title='bbox 503 4123 650 4201; x_wconf 74' lang='lat' dir='ltr'>oriente,</span> <span class='ocrx_word' id='word_1_291' title='bbox 672 4120 767 4186; x_wconf 87' lang='lat' dir='ltr'>stella</span> <span class='ocrx_word' id='word_1_292' title='bbox 787 4133 901 4184; x_wconf 86' lang='lat' dir='ltr'>autem</span> <span class='ocrx_word' id='word_1_293' title='bbox 918 4131 999 4196; x_wconf 87' lang='lat' dir='ltr'>orta,</span> <span class='ocrx_word' id='word_1_294' title='bbox 1020 4121 1166 4185; x_wconf 89' lang='lat' dir='ltr'>revolvat</span> <span class='ocrx_word' id='word_1_295' title='bbox 1181 4119 1354 4198; x_wconf 91' lang='lat' dir='ltr'>armillam,</span> <span class='ocrx_word' id='word_1_296' title='bbox 1369 4137 1455 4199; x_wconf 88' lang='lat' dir='ltr'>quae</span> <span class='ocrx_word' id='word_1_297' title='bbox 1471 4137 1526 4180; x_wconf 94' lang='lat' dir='ltr'>re-</span> 
     </span>
     <span class='ocr_line' id='line_1_35' title="bbox 368 4221 1526 4308; baseline -0.003 -20"><span class='ocrx_word' id='word_1_298' title='bbox 368 4225 512 4288; x_wconf 88' lang='lat' dir='ltr'>volvitur</span> <span class='ocrx_word' id='word_1_299' title='bbox 532 4227 565 4290; x_wconf 92' lang='lat' dir='ltr'>in</span> <span class='ocrx_word' id='word_1_300' title='bbox 580 4227 718 4290; x_wconf 92' lang='lat' dir='ltr'>circuitu</span> <span class='ocrx_word' id='word_1_301' title='bbox 735 4226 802 4308; x_wconf 91' lang='lat' dir='ltr'>poli</span> <span class='ocrx_word' id='word_1_302' title='bbox 825 4225 1075 4306; x_wconf 91' lang='lat' dir='ltr'>aequinoctialis</span> <span class='ocrx_word' id='word_1_303' title='bbox 1095 4226 1202 4289; x_wconf 93' lang='lat' dir='ltr'>donec</span> <span class='ocrx_word' id='word_1_304' title='bbox 1223 4221 1281 4287; x_wconf 86' lang='lat' dir='ltr'>hat</span> <span class='ocrx_word' id='word_1_305' title='bbox 1296 4222 1526 4304; x_wconf 89' lang='lat' dir='ltr'>aequidistans</span> 
     </span>
     <span class='ocr_line' id='line_1_36' title="bbox 368 4325 1526 4412; baseline -0.003 -20"><span class='ocrx_word' id='word_1_306' title='bbox 368 4328 609 4412; x_wconf 88' lang='lat' dir='ltr'>aequinoctiali,</span> <span class='ocrx_word' id='word_1_307' title='bbox 633 4341 667 4394; x_wconf 93' lang='lat' dir='ltr'>et</span> <span class='ocrx_word' id='word_1_308' title='bbox 693 4330 890 4395; x_wconf 88' lang='lat' dir='ltr'>certificetur</span> <span class='ocrx_word' id='word_1_309' title='bbox 916 4330 1010 4393; x_wconf 91' lang='lat' dir='ltr'>locus</span> <span class='ocrx_word' id='word_1_310' title='bbox 1036 4328 1152 4393; x_wconf 91' lang='lat' dir='ltr'>stellae</span> <span class='ocrx_word' id='word_1_311' title='bbox 1181 4349 1226 4392; x_wconf 86' lang='lat' dir='ltr'>ex</span> <span class='ocrx_word' id='word_1_312' title='bbox 1252 4325 1389 4399; x_wconf 90' lang='lat' dir='ltr'>armilla,</span> <span class='ocrx_word' id='word_1_313' title='bbox 1412 4335 1447 4389; x_wconf 90' lang='lat' dir='ltr'>et</span> <span class='ocrx_word' id='word_1_314' title='bbox 1473 4327 1526 4390; x_wconf 88' lang='lat' dir='ltr'>sic</span> 
     </span>
    </p>
   </div>
   <div class='ocr_carea' id='block_1_3' title="bbox 368 4533 1527 4756">
    <p class='ocr_par' dir='ltr' id='par_1_4' title="bbox 368 4533 1527 4756">
     <span class='ocr_line' id='line_1_37' title="bbox 399 4533 1336 4598; baseline -0.005 -14"><span class='ocrx_word' id='word_1_315' title='bbox 399 4535 408 4566; x_wconf 90' lang='lat'><em>¹</em></span> <span class='ocrx_word' id='word_1_316' title='bbox 427 4535 478 4585; x_wconf 88' lang='lat' dir='ltr'>For</span> <span class='ocrx_word' id='word_1_317' title='bbox 488 4533 604 4584; x_wconf 80' lang='lat' dir='ltr'>Thebit’s</span> <span class='ocrx_word' id='word_1_318' title='bbox 615 4535 744 4597; x_wconf 77' lang='lat' dir='ltr'>imagined</span> <span class='ocrx_word' id='word_1_319' title='bbox 757 4536 871 4585; x_wconf 80' lang='lat' dir='ltr'>‘motion</span> <span class='ocrx_word' id='word_1_320' title='bbox 883 4537 914 4585; x_wconf 91' lang='lat' dir='ltr'>os</span> <span class='ocrx_word' id='word_1_321' title='bbox 921 4535 1094 4598; x_wconf 84' lang='lat' dir='ltr'>trepidation&#39;</span> <span class='ocrx_word' id='word_1_322' title='bbox 1106 4533 1137 4584; x_wconf 81' lang='lat' dir='ltr'>cl.</span> <span class='ocrx_word' id='word_1_323' title='bbox 1149 4533 1198 4583; x_wconf 89' lang='lat' dir='ltr'>vol.</span> <span class='ocrx_word' id='word_1_324' title='bbox 1212 4533 1229 4582; x_wconf 94' lang='lat' dir='ltr'>i.</span> <span class='ocrx_word' id='word_1_325' title='bbox 1242 4548 1266 4595; x_wconf 90' lang='lat' dir='ltr'>p.</span> <span class='ocrx_word' id='word_1_326' title='bbox 1281 4547 1336 4595; x_wconf 75' lang='lat'>192.</span> 
     </span>
     <span class='ocr_line' id='line_1_38' title="bbox 399 4609 1527 4679; baseline -0.005 -15"><span class='ocrx_word' id='word_1_327' title='bbox 399 4615 409 4644; x_wconf 91' lang='lat'><strong>¹</strong></span> <span class='ocrx_word' id='word_1_328' title='bbox 424 4615 450 4676; x_wconf 91' lang='lat' dir='ltr'>J.</span> <span class='ocrx_word' id='word_1_329' title='bbox 462 4616 510 4664; x_wconf 82' lang='lat' dir='ltr'>has</span> <span class='ocrx_word' id='word_1_330' title='bbox 516 4616 710 4679; x_wconf 71' lang='lat' dir='ltr'>prmwaerhere</span> <span class='ocrx_word' id='word_1_331' title='bbox 724 4615 776 4663; x_wconf 83' lang='lat' dir='ltr'>aud</span> <span class='ocrx_word' id='word_1_332' title='bbox 790 4615 937 4664; x_wconf 80' lang='lat' dir='ltr'>elsewhere</span> <span class='ocrx_word' id='word_1_333' title='bbox 951 4612 1108 4676; x_wconf 85' lang='lat' dir='ltr'>throughout</span> <span class='ocrx_word' id='word_1_334' title='bbox 1120 4613 1164 4662; x_wconf 88' lang='lat' dir='ltr'>the</span> <span class='ocrx_word' id='word_1_335' title='bbox 1180 4609 1321 4674; x_wconf 87' lang='lat' dir='ltr'>quotation.</span> <span class='ocrx_word' id='word_1_336' title='bbox 1364 4609 1453 4658; x_wconf 85' lang='lat' dir='ltr'>lhave</span> <span class='ocrx_word' id='word_1_337' title='bbox 1465 4623 1527 4658; x_wconf 86' lang='lat' dir='ltr'>eor-</span> 
     </span>
     <span class='ocr_line' id='line_1_39' title="bbox 368 4685 1497 4756; baseline -0.004 -15"><span class='ocrx_word' id='word_1_338' title='bbox 368 4695 455 4742; x_wconf 88' lang='lat' dir='ltr'>rected</span> <span class='ocrx_word' id='word_1_339' title='bbox 468 4694 488 4742; x_wconf 88' lang='lat' dir='ltr'>it</span> <span class='ocrx_word' id='word_1_340' title='bbox 498 4693 564 4742; x_wconf 80' lang='lat' dir='ltr'>from</span> <span class='ocrx_word' id='word_1_341' title='bbox 576 4691 694 4742; x_wconf 83' lang='lat' dir='ltr'>Risner&#39;s</span> <span class='ocrx_word' id='word_1_342' title='bbox 705 4693 804 4743; x_wconf 87' lang='lat' dir='ltr'>edition</span> <span class='ocrx_word' id='word_1_343' title='bbox 815 4693 846 4740; x_wconf 81' lang='lat' dir='ltr'>os</span> <span class='ocrx_word' id='word_1_344' title='bbox 853 4693 976 4742; x_wconf 80' lang='lat' dir='ltr'>Gerard&#39;s</span> <span class='ocrx_word' id='word_1_345' title='bbox 987 4693 1139 4742; x_wconf 81' lang='lat' dir='ltr'>translation</span> <span class='ocrx_word' id='word_1_346' title='bbox 1152 4691 1181 4742; x_wconf 85' lang='lat' dir='ltr'>ol</span> <span class='ocrx_word' id='word_1_347' title='bbox 1188 4691 1305 4740; x_wconf 78' lang='lat' dir='ltr'>Alhazen</span> <span class='ocrx_word' id='word_1_348' title='bbox 1317 4689 1372 4756; x_wconf 90' lang='lat' dir='ltr'>(lib.</span> <span class='ocrx_word' id='word_1_349' title='bbox 1385 4685 1427 4736; x_wconf 83' lang='lat' dir='ltr'>vit</span> <span class='ocrx_word' id='word_1_350' title='bbox 1444 4689 1497 4748; x_wconf 83' lang='lat'>15).</span> 
     </span>
    </p>
   </div>
   <div class='ocr_carea' id='block_1_4' title="bbox 0 0 1786 5359">
    <p class='ocr_par' dir='ltr' id='par_1_5' title="bbox 0 0 1786 5359">
     <span class='ocr_line' id='line_1_40' title="bbox 0 0 1786 5359; baseline 0 0"><span class='ocrx_word' id='word_1_351' title='bbox 0 0 1786 5359; x_wconf 95' lang='lat' dir='ltr'> </span> 
     </span>
    </p>
   </div>
  </div>
 </body>
</html>
