3542 5359
366 635 427 696 442
630 616 967 677 MULTIPLICATIO
992 615 1247 675 SPECIERUM.

367 781 563 847 extremitas
585 781 715 864 agentis
737 781 847 844 distet.
894 777 931 844 Si
950 780 1078 843 dicatur
1099 780 1190 863 quod
1213 780 1239 844 si
1264 799 1340 862 pars
1361 778 1522 862 posterior

367 887 497 970 agentis
511 896 590 968 agat
604 887 758 969 speciem,
773 895 851 949 tunc
872 884 995 949 faceret
1015 904 1090 948 eam
1114 885 1146 946 in
1168 893 1296 967 partem
1318 883 1471 966 priorem,
1487 891 1528 946 et‘

368 991 442 1055 ideo
472 991 628 1055 alterabit
655 991 801 1075 seipsum
831 991 923 1074 prius
952 1009 1052 1073 quam
1080 990 1228 1073 patiens;
1260 988 1437 1052 dicendum
1461 997 1521 1064 est,

367 1097 456 1178 quod
480 1116 555 1180 pars
577 1094 630 1159 hic
653 1115 718 1158 non
741 1096 811 1178 agit
834 1114 954 1177 perse,
977 1114 1038 1156 nec
1057 1105 1107 1158 est
1131 1093 1303 1157 distinctio
1320 1093 1463 1175 partium
1487 1093 1520 1155 in

367 1201 506 1274 actione,
519 1209 556 1263 ut
573 1220 638 1263 una
653 1199 752 1264 saciat
768 1219 867 1263 unam
882 1208 1010 1282 partem
1027 1207 1060 1261 et
1076 1199 1141 1261 alia
1161 1197 1271 1276 aliam,
1282 1198 1365 1262 sicut
1377 1196 1520 1279 objectio

367 1304 526 1388 procedit,
542 1304 601 1367 sed
616 1315 725 1368 totum
742 1304 818 1368 facit
834 1313 941 1367 totam
957 1303 1133 1367 actionem.

200 1406 346 1484 piretune
401 1408 527 1472 'Tertia
551 1407 720 1472 conclusio
743 1418 794 1471 est
818 1408 910 1490 quod
934 1426 1033 1470 omne
1057 1426 1162 1489 agens
1189 1407 1352 1490 contingit
1373 1405 1518 1488 aliquam

199 1474 338 1604 iiiiii&
368 1521 496 1596 partem
529 1513 690 1595 patientis
718 1533 820 1595 quam
850 1521 963 1595 potest
992 1511 1131 1576 alterare
1160 1513 1207 1575 ita
1236 1511 1327 1594 quod
1355 1509 1430 1594 plus
1453 1530 1519 1572 non

199 1605 340 1720 ppceptedin
368 1616 495 1680 alteret.
556 1617 644 1680 Nam
672 1636 774 1698 agens
801 1636 867 1679 non
898 1615 1030 1698 projicit
1060 1635 1121 1679 nec
1153 1616 1295 1679 infundit
1328 1613 1454 1696 aliquid
1486 1613 1519 1676 in

197 1737 289 1788 aetion
369 1720 507 1802 patiens,
521 1729 559 1784 ut
582 1720 671 1801 prius
692 1720 868 1801 probatum
889 1727 949 1798 est,
972 1721 1031 1784 sed
1053 1721 1160 1804 ipsum
1182 1740 1241 1802 per
1255 1719 1305 1781 sui
1329 1726 1519 1782 contactum

367 1834 586 1894 transmutat:
624 1823 684 1887 scd
712 1843 815 1905 agens
845 1842 911 1885 non
942 1832 1144 1888 transmutat
1173 1822 1387 1905 superficiem,
1417 1841 1520 1904 quare

367 1935 500 2009 oportet
527 1927 618 2009 quod
641 1925 786 2008 aliquam
816 1936 945 2010 partem
975 1926 1183 1990 substantiae
1209 1925 1366 2007 patientis
1391 1924 1519 2002 alteret,

366 2051 452 2113 quae
467 2050 544 2113 pars
559 2041 610 2094 est
626 2050 746 2112 corpus
761 2031 955 2104 necessario,
972 2029 1049 2094 licet
1066 2049 1131 2094 non
1147 2040 1225 2095 actu
1242 2030 1381 2094 divisum
1397 2048 1418 2091 a
1433 2038 1518 2092 t0t0.

367 2135 435 2200 Sed
450 2135 529 2217 quia
544 2134 790 2217 approximatio
806 2135 981 2216 requiritur
995 2136 1038 2199 ad
1054 2134 1219 2199 actionem
1236 2143 1394 2215 tanquam
1412 2153 1519 2197 neces·

366 2240 451 2303 saria
465 2239 621 2314 conditi0,
638 2239 713 2303 idco
733 2248 866 2321 oportet
881 2239 972 2320 quod
989 2239 1093 2321 partis
1114 2237 1305 2304 alterandae
1323 2237 1519 2301 extremitas

366 2345 526 2407 remotior
540 2345 584 2406 ab
604 2352 725 2426 agente
747 2344 791 2407 sit
813 2353 943 2406 remota
965 2345 1008 2407 ad
1032 2345 1149 2420 minus,
1172 2363 1273 2425 quarn
1293 2342 1363 2405 fieri
1385 2341 1518 2425 potest1

367 2470 425 2530 per
440 2460 602 2527 naturam,
617 2457 650 2510 et
665 2448 741 2512 ideo
758 2468 823 2511 non
842 2449 903 2512 erit
926 2446 1007 2511 haec
1030 2469 1105 2531 pars
1127 2447 1304 2530 cujuslibet
1324 2447 1520 2530 quantitatis

366 2554 424 2617 scd
437 2552 686 2631 determinatae,
697 2552 742 2614 ita
754 2553 845 2634 quod
857 2552 932 2635 plus
944 2552 1084 2616 alterare
1095 2571 1163 2614 non
1175 2552 1304 2633 poterit.
1341 2548 1519 2614 Caeterum

367 2675 429 2719 nos
446 2657 596 2719 videmus
618 2656 709 2738 quod
732 2655 781 2720 sol
808 2665 842 2719 et
869 2655 947 2720 luna
969 2675 1075 2738 aeque
1097 2655 1163 2719 cito
1187 2656 1364 2719 immutant
1386 2655 1518 2737 quanti-

365 2769 471 2825 tatem
495 2761 634 2825 eandem
664 2761 774 2838 medii,
800 2771 835 2824 et
860 2760 999 2824 candela
1029 2771 1062 2824 et
1090 2760 1173 2843 ignis
1203 2759 1314 2824 locum
1341 2759 1518 2824 obscurum

365 2866 507 2929 eundem
530 2884 637 2946 aeque
659 2866 725 2929 cito
749 2863 923 2945 illustrant,
942 2864 1019 2929 licet
1043 2885 1146 2928 unum
1172 2864 1333 2928 intensius
1355 2873 1390 2927 et
1413 2865 1519 2947 magis

366 2989 468 3053 quam
480 2968 591 3044 aliud3
610 2970 707 3032 etsie
723 2970 766 3033 de
780 2969 936 3033 omnibus
952 2968 1128 3052 agentibus
1141 2990 1149 3048 ;
1168 2989 1270 3050 quare
1282 2977 1415 3051 oportet
1426 2969 1518 3050 quod

366 3074 535 3156 quantitas
557 3073 801 3137 determinetur.
848 3073 885 3137 Si
909 3074 1047 3153 dicatur,
1062 3073 1153 3156 quod
1176 3073 1240 3136 hoc
1263 3082 1314 3137 est
1335 3073 1518 3136 secundum

365 3198 509 3253 sensum,
525 3179 583 3241 sed
598 3177 693 3241 aliter
710 3179 773 3241 erit
788 3179 969 3242 secundum
990 3187 1142 3243 naturam
1159 3177 1322 3255 actionis;
1343 3177 1517 3241 dicendum

365 3293 427 3362 est,
441 3282 533 3364 quod
557 3291 635 3345 tunc
654 3282 819 3344 sensibilis
834 3280 1033 3345 excellentia
1053 3281 1147 3345 unius
1170 3282 1299 3364 agentis
1315 3293 1413 3364 super
1427 3281 1517 3345 aliud

366 3396 403 3449 ut
419 3386 452 3448 in
467 3384 624 3468 centupla
634 3385 685 3448 vel
699 3385 815 3474 majori
830 3387 952 3450 faceret
964 3385 1154 3450 sensibilem
1168 3385 1390 3450 differentiam
1402 3405 1517 3449 secun·

365 3491 446 3553 dum
462 3489 693 3570 quantitatem.
740 3490 786 3553 Et
806 3490 852 3554 ita
867 3491 918 3553 sol
936 3490 1036 3572 longe
1052 3491 1125 3574 plus
1148 3509 1250 3572 quam
1265 3489 1390 3553 centies
1406 3498 1517 3572 posset

364 3593 528 3656 illustrare
543 3602 672 3656 tantam
690 3593 912 3676 quantitatem
934 3595 1034 3676 spatii
1058 3593 1131 3677 plus
1148 3614 1249 3677 quam
1272 3593 1361 3671 luna,
1376 3595 1452 3675 quia
1467 3594 1517 3658 sol

364 3707 416 3761 est
430 3698 553 3762 centies
573 3696 679 3779 major
695 3717 795 3780 quarn
816 3707 890 3763 tota
911 3708 1000 3762 terra
1023 3709 1057 3761 et
1076 3698 1143 3762 fere
1167 3698 1366 3780 septuagies,
1383 3708 1417 3761 et
1438 3697 1517 3761 luna

364 3821 431 3865 non
462 3811 512 3865 est
543 3800 607 3863 nisi
638 3821 703 3864 una
732 3801 776 3865 de
805 3820 848 3886 39
875 3803 1026 3885 partibus
1053 3800 1195 3876 terrae2,
1216 3800 1267 3864 vel
1291 3801 1420 3866 circiter
1443 3800 1516 3877 hoc,

364 3908 448 3971 sicut
472 3906 683 3971 Ptolemaeus
705 3906 804 3970 docet
825 3908 858 3969 in
877 3907 1077 3989 Almagesti.
1125 3905 1192 3970 Sed
1217 3926 1282 3970 non
1306 3906 1424 3970 accidit
1445 3907 1518 3987 soli,

364 4012 454 4094 quod
472 4011 505 4073 in
520 4011 639 4074 eodem
654 4021 807 4093 tempore
825 4011 951 4074 centies
972 4011 1046 4094 plus
1069 4013 1112 4074 de
1133 4011 1242 4096 spatio
1260 4009 1400 4074 illustret
1415 4031 1516 4092 quam

364 4115 453 4178 luna
499 4113 535 4179 Si
559 4115 690 4180 dicatur
704 4116 794 4198 quod
810 4116 837 4179 si
854 4115 965 4198 aliqua
983 4117 1086 4180 virtus
1108 4125 1219 4179 movet
1239 4114 1373 4199 aliquod
1396 4116 1519 4180 mobile

397 4281 406 4310 ¹
423 4281 493 4342 quod
510 4281 567 4330 lieri
584 4297 637 4329 non
655 4287 749 4344 potest,
763 4280 830 4343 Reg.
865 4280 921 4330 The
934 4281 1043 4342 reading
1055 4282 1082 4330 in
1094 4282 1138 4331 the
1152 4288 1209 4331 text
1223 4281 1245 4330 is
1260 4281 1317 4330 that
1333 4281 1363 4331 of
1372 4281 1404 4331 Ο.
1437 4281 1519 4333 What

363 4374 406 4408 wc
417 4359 511 4408 should
522 4366 617 4421 expect
629 4359 651 4408 is
661 4360 694 4409 ad
705 4359 837 4409 minimum
849 4360 919 4422 quod
931 4359 988 4410 fieri
999 4361 1081 4424 possit
1093 4376 1141 4423 per
1153 4367 1277 4410 naturam.

396 4436 409 4469 ¹
426 4438 465 4486 Cf.
477 4438 529 4487 vol.
541 4438 558 4487 i.
572 4453 597 4500 p.
610 4453 669 4500 ²33·
701 4437 751 4499 J.'s
767 4454 840 4488 ermr
855 4440 883 4488 in
900 4440 1005 4502 putting
1021 4455 1097 4490 cccxc
1115 4441 1138 4489 is
1154 4440 1199 4489 the
1216 4455 1289 4488 more
1305 4439 1517 4500 unaccountable,

364 4517 421 4565 that
433 4516 458 4563 in
472 4516 549 4578 Reg,
563 4532 578 4565 a
590 4516 646 4566 MS.
657 4517 745 4567 which
757 4519 791 4567 he
802 4519 853 4568 had
865 4519 1013 4582 constantly
1024 4518 1114 4568 before
1130 4519 1190 4581 him,
1204 4519 1254 4567 and
1266 4518 1353 4567 which
1369 4519 1402 4567 he
1416 4518 1519 4580 usually

363 4595 494 4655 followed,
506 4610 539 4656 39
552 4595 590 4658 (in
601 4594 696 4644 Arabic
707 4596 815 4658 figures)
832 4597 853 4646 is
869 4597 967 4659 clearly
978 4597 1092 4646 written.
1128 4597 1151 4646 lt
1168 4611 1254 4646 seems
1271 4597 1342 4645 clear
1355 4597 1411 4646 that
1427 4597 1518 4646 Bacon

363 4673 408 4721 did
420 4672 461 4720 his
471 4672 530 4722 beet
540 4681 569 4721 to
580 4671 728 4724 familiarite
740 4675 782 4726 his
793 4675 892 4725 limited
900 4676 984 4738 public
994 4677 1058 4726 with
1067 4677 1111 4725 the
1117 4675 1212 4726 Arabio
1222 4676 1339 4726 notation
1349 4675 1379 4726 of
1388 4676 1518 4726 numbers.
