3542 5359
384 596 425 656 60
611 602 767 663 OPERIS
790 604 978 675 MAJORIS
1003 604 1117 665 PARS
1141 605 1311 679 QUINTA.

385 761 478 840 coeli,
493 764 568 827 etd
585 787 604 829 o
618 774 736 848 quarta
750 767 897 851 glacialis
917 779 993 832 sunt
1008 769 1141 846 similes,
1155 778 1189 832 et
1205 767 1375 833 habebunt
1394 767 1537 831 eundem

386 866 542 948 angulum
560 879 697 949 rectum,
708 871 832 937 scilicet
847 892 865 935 o
880 872 902 936 Ιι
917 872 944 935 d
951 896 959 948 3
980 874 1039 937 sed
1056 873 1137 936 illud
1153 893 1219 936 non
1234 873 1335 936 habet
1349 892 1405 954 eg
1420 880 1539 953 quarta

387 991 498 1048 uveae‚
517 973 674 1054 quoniam
697 976 830 1058 respicit
851 978 1010 1059 angulum
1034 999 1063 1060 g
1083 976 1105 1040 Ιι
1127 1000 1152 1054 e,
1175 977 1231 1060 qui
1255 987 1306 1040 est
1329 996 1405 1058 pars
1428 972 1539 1057 anguli

387 1075 466 1140 recti
482 1098 499 1139 0
515 1074 583 1151 hd,
598 1078 656 1141 sed
681 1089 732 1144 θεῖ
755 1080 861 1162 major
884 1083 994 1164 portio
1013 1102 1114 1164 quam
1136 1083 1180 1146 sit
1203 1080 1259 1143 illa
1273 1088 1392 1163 quarta
1413 1079 1538 1143 scilicet

962 1894 1050 2568 ii

904 2641 965 2691 F1o.
980 2639 1041 2705 34¹.-

391 2760 445 2843 rf,
469 2770 502 2826 et
525 2760 601 2826 ideo
624 2762 710 2827 latus
733 2759 898 2844 quadrati,
920 2759 1128 2824 describendi
1152 2759 1185 2823 in
1208 2770 1327 2843 quarta
1349 2780 1453 2826 uveae
1476 2780 1543 2826 non

391 2876 501 2948 potest
518 2867 678 2951 respicere
693 2865 852 2948 angulum
864 2876 991 2928 rectum
1004 2864 1185 2946 pyramidis
1201 2876 1233 2929 et
1248 2866 1405 2950 glacialis,
1418 2879 1452 2931 et
1468 2868 1544 2930 ideo

391 2990 451 3052 per
466 2970 547 3033 illud
564 2971 650 3034 latus
664 2993 730 3035 non
749 2979 860 3053 potest
877 2967 1030 3033 concludi
1046 2969 1187 3051 angulus
1203 2971 1395 3051 pyramidis.
1441 2968 1542 3051 Quod

392 3074 419 3134 si
441 3074 665 3151 concludatur,
682 3076 743 3139 erit
766 3083 892 3148 acutus,
912 3093 978 3136 non
997 3082 1115 3150 rectus,
1131 3083 1166 3135 ut
1188 3083 1280 3157 patet
1301 3075 1343 3137 ad
1359 3093 1493 3137 sensum
1509 3074 1542 3136 in

390 3176 556 3259 angulog
575 3178 597 3239 h
615 3200 640 3255 e,
659 3178 819 3261 quoniam
841 3185 891 3240 est
912 3196 989 3260 pars
1009 3177 1089 3240 recti
1111 3175 1222 3259 anguli
1234 3178 1267 3259 f
1278 3179 1300 3240 h
1319 3177 1350 3253 d,
1371 3186 1406 3241 et
1428 3198 1446 3241 0
1466 3176 1488 3239 h
1509 3176 1542 3252 d,

390 3282 479 3361 quod
496 3281 584 3345 idem
601 3292 660 3345 est.
693 3282 761 3347 Sed
778 3281 894 3344 melius
910 3289 997 3344 esset
1012 3282 1129 3357 dicere,
1141 3280 1230 3363 quod
1248 3282 1357 3366 portio
1373 3281 1544 3345 anterioris

390 3384 536 3466 glacialis
552 3394 602 3449 est
618 3394 737 3469 quarta
751 3386 930 3467 sphaerae3
952 3405 1029 3448 nam
1046 3385 1092 3448 sic
1108 3384 1248 3467 angulus
1260 3385 1442 3468 pyramidis
1456 3395 1543 3449 esset

392 3498 511 3566 rectus,
526 3491 605 3572 quia
619 3500 692 3555 tota
707 3489 815 3572 portio
831 3489 895 3566 illa,
911 3498 1169 3571 quantacunque
1181 3490 1232 3566 sit,
1244 3499 1294 3554 est
1309 3500 1472 3573 occupata
1486 3510 1545 3574 per

392 3594 551 3675 anguium
575 3594 767 3676 pyramidis,
785 3594 862 3676 quia
885 3599 958 3655 tota
979 3602 1031 3656 θεῖ
1063 3592 1320 3657 instrumentum
1344 3594 1486 3666 videndi,
1510 3601 1544 3656 et

393 3717 460 3759 non
477 3695 547 3761 sola
563 3719 640 3781 pars
656 3697 776 3780 aliqua.
823 3697 869 3759 Et
892 3708 972 3760 tunc
994 3696 1081 3759 latus
1102 3698 1257 3779 quadrati
1280 3698 1486 3763 describendi
1509 3697 1542 3759 in

392 3800 523 3884 glaciali
546 3801 754 3865 subtenditur
776 3800 900 3884 angulo
930 3808 1021 3864 recto
1047 3802 1249 3884 pyramidis3
1281 3811 1316 3866 et
1338 3802 1489 3868 similiter
1511 3801 1543 3864 in

393 3906 545 3987 portione
568 3904 715 3969 humoris
737 3904 917 3988 albuginei,
939 3924 1026 3985 quae
1049 3914 1100 3968 est
1123 3906 1156 3967 in
1179 3905 1341 3969 foramine
1364 3926 1488 3981 uveae3
1511 3915 1544 3969 et

393 4008 512 4071 eodem
536 4010 639 4072 modo
669 4009 702 4071 in
733 4009 885 4091 portione
915 4028 1063 4087 corneae,
1085 4028 1163 4073 nam
1189 4018 1284 4071 erunt
1306 4019 1444 4091 quartae
1466 4020 1544 4072 tunc

393 4112 606 4196 sphaerarum
622 4132 764 4188 suarum,
781 4114 859 4195 quia
875 4119 953 4175 sunt
973 4114 1200 4176 concentricae
1218 4113 1358 4195 glaciali.
1404 4112 1449 4175 Et
1466 4114 1545 4194 quia

393 4216 523 4280 coelum
539 4227 625 4281 esset
641 4217 883 4281 concentricum
900 4218 958 4295 eis,
969 4219 997 4280 si
1013 4226 1161 4282 centrum
1175 4218 1260 4281 oculi
1278 4225 1364 4279 esset
1380 4216 1413 4278 in
1430 4226 1545 4280 centro

395 4321 517 4395 mundi,
532 4330 611 4385 tunc
627 4329 746 4403 quarta
766 4320 848 4385 coeli
871 4322 919 4385 eis
941 4322 1156 4405 responderet
1174 4340 1249 4384 cum
1271 4318 1374 4382 latere
1392 4320 1544 4401 quadrati

393 4424 598 4489 describendi
618 4424 652 4487 in
675 4445 724 4502 ea,
741 4433 774 4487 et
795 4425 841 4488 sic
860 4426 1028 4490 videretur
1048 4436 1165 4507 quarta
1185 4423 1277 4487 coeli.
1324 4421 1391 4486 Sed
1413 4444 1474 4487 nec
1494 4434 1546 4488 est

393 4526 621 4607 certificatum,
650 4548 693 4591 an
723 4530 835 4611 portio
864 4529 1039 4594 anterioris
1068 4526 1217 4611 glacialis
1245 4527 1288 4590 sit
1316 4538 1435 4608 quarta
1466 4548 1546 4592 suae

399 4646 401 4651 ’
591 4646 639 4707 ¹J.
653 4646 729 4696 omits
742 4647 875 4698 reference
886 4656 915 4698 to
926 4647 980 4698 this
989 4648 1041 4699 and
1053 4648 1098 4698 the
1108 4646 1244 4710 following
1254 4646 1344 4708 figure.
