3542 5359
740 603 825 679 96
1192 603 1504 663 OPERIS
1554 602 1933 672 MAJORIS
1988 602 2215 662 PARS
2266 604 2609 676 QUINTA.

1574 939 2024 1005 Capu-urum
2078 938 2208 1002 111.

837 1095 914 1159 In
958 1117 1092 1180 quo
1136 1097 1221 1160 ad
1268 1096 1392 1160 hos
1436 1096 1606 1160 duos
1650 1115 1902 1159 errores
1948 1096 2369 1176 componitur
2410 1114 2543 1158 una
2591 1094 2894 1178 figuratio
2933 1118 3052 1179 per

743 1222 944 1265 unum
992 1201 1546 1286 experimentum,
1589 1220 1742 1263 cum
1785 1199 2309 1265 consideratione
2355 1200 2722 1282 imaginum
2761 1202 3047 1285 plurium

745 1307 1238 1388 disparentium.

408 1491 618 1541 Further
836 1461 925 1527 Et
957 1481 1075 1544 per
1105 1461 1381 1551 eandem
1415 1458 1735 1537 tabulam,
1770 1461 1826 1523 si
1853 1460 2267 1542 latitudinem
2310 1459 2552 1524 habeat
2594 1461 3048 1539 sufficientem,

407 1558 599 1672 expetn-
747 1575 968 1652 potest
1023 1565 1161 1630 fieri
1216 1565 1744 1650 experimentum
1802 1566 1886 1628 de
1935 1564 2134 1648 priori
2186 1585 2421 1628 errore.
2543 1565 2841 1631 Sufficiat
2887 1587 3047 1649 ergo

408 1639 706 1753 wiff‘right
749 1692 878 1735 una
924 1693 1046 1756 pro
1100 1683 1380 1753 utroque
1425 1679 1491 1732 et
1536 1669 1622 1731 sit
1669 1668 2069 1750 hujusmodi,
2115 1680 2190 1734 ut
2232 1679 2507 1752 apparet
2555 1671 2620 1732 in
2669 1670 2792 1734 hac
2839 1669 3047 1754 figura

405 1772 495 1819 eye
518 1755 702 1813 closed,
1435 1840 1443 1862 Χ
1509 1772 1685 1837 Nam
1746 1794 1791 1835 a
1850 1782 1918 1836 et
1968 1794 2002 1835 c
2063 1784 2131 1838 et
2190 1774 2229 1837 b
2280 1773 2678 1838 videbuntur
2738 1785 2810 1837 ut
2871 1785 3045 1852 sunt,

407 1821 494 1871 lest
520 1822 683 1886 image
794 1798 834 1873 ΕΞ
865 1878 878 1879 7
954 1878 1000 1879 W

404 1886 706 1952 disappears.
804 1947 805 1967 Χ

1503 1877 1873 1941 dummodo
1934 1877 2109 1940 oculi
2169 1886 2482 1959 aptentur
2541 1888 2733 1956 recte,
2794 1890 2866 1943 ut
2926 1900 3046 1942 ex-

1502 1982 1873 2045 tremitates
1898 1982 2262 2064 pyramidis
2285 1981 2555 2047 visualis
2586 1983 2828 2046 cadant
2851 2005 3048 2066 super

1394 2147 1395 2166 Χ
1499 2107 1535 2148 c
1593 2096 1659 2149 et
1711 2087 1766 2162 b,
1833 2095 1898 2149 et
1965 2106 2131 2150 axes
2184 2106 2381 2170 super
2438 2108 2499 2149 a.
2608 2086 2746 2152 Sed
2800 2088 2851 2152 si
2915 2089 3045 2152 alia

1502 2190 1860 2269 individua,
1919 2189 2023 2254 vel
2078 2190 2191 2255 illa
2251 2193 2509 2270 eadem,
2551 2193 2802 2255 scilicet
2847 2213 2890 2255 a
2933 2192 2971 2255 b
3013 2214 3047 2255 c

1502 2294 1883 2358 ordinentur
1943 2295 2305 2358 secundum
2367 2294 2733 2378 longiorem
2794 2297 3044 2361 diame-

1387 2410 1431 2472 ’,ἡ
1504 2408 1677 2461 trum
1737 2397 1783 2459 lt
1842 2419 1904 2475 a,
1955 2409 2028 2460 ut
2086 2420 2122 2461 c
2180 2409 2460 2482 ponatur
2513 2401 2578 2464 in
2629 2398 2774 2464 loco
2840 2421 2923 2476 m,
2977 2410 3042 2464 et

1501 2503 1539 2566 b
1606 2503 1671 2564 in
1725 2500 1877 2566 loco
1928 2482 1992 2578 ἦ,
2054 2502 2454 2567 videbuntur
2525 2524 2591 2566 m
2654 2515 2722 2568 et
2798 2526 2841 2567 n
2901 2526 3042 2568 esse

1502 2616 1823 2698 quatuor3
1869 2615 1935 2669 et
1975 2606 2145 2670 sicut
2186 2628 2222 2669 c
2259 2607 2591 2672 videbitur
2630 2629 2775 2672 esse
2822 2629 3044 2688 unum,

1502 2712 1768 2793 quando
1816 2720 1915 2774 est
1962 2712 2026 2774 in
2076 2712 2404 2775 diametro
2446 2713 2680 2777 minori
2722 2725 2792 2779 et
2831 2725 3044 2779 trans-

1500 2815 1751 2892 versali,
1798 2816 1888 2880 sic
1933 2814 1972 2891 l,
2025 2816 2205 2898 quod
2249 2836 2483 2899 parum
2539 2818 2628 2881 ab
2673 2837 2754 2882 eo
2794 2816 3043 2882 distat¹

1391 2910 1392 2914 ¹
1500 2929 1567 2982 et
1611 2920 1699 2984 ab
1747 2920 2030 2996 axibus;
2076 2919 2194 2982 sed
2218 2920 2283 3002 f
2316 2921 2495 3003 quod
2546 2922 2830 2985 multum
2879 2922 3044 2986 obli-

1499 3033 1738 3107 quatur
1775 3023 2105 3089 videbitur
2150 3025 2307 3102 duo,
2339 3026 2702 3090 secundum
2748 3027 2927 3107 quod
2975 3027 3041 3088 in

1497 3130 1716 3211 priore
1770 3149 1988 3192 errore
2042 3126 2165 3193 fuit
2214 3138 2628 3193 annotatum.
2726 3130 2901 3193 Nam
2957 3131 3043 3192 ab

1498 3233 1691 3297 oculo
1720 3243 1770 3315 p
1815 3232 2146 3296 videbitur
2197 3232 2324 3295 sub
2362 3233 2604 3314 angulo
2640 3234 2705 3316 f
2724 3244 2774 3316 p
2816 3233 2882 3311 k,
2928 3233 3043 3317 qui

743 3345 843 3398 est
876 3335 1088 3399 minor
1118 3346 1319 3415 recte,
1353 3346 1418 3400 et
1450 3337 1536 3400 ab
1567 3337 1759 3400 oculo
1788 3337 1833 3399 k
1862 3337 2125 3401 videtur
2154 3338 2279 3401 sub
2308 3337 2631 3420 angulos
2646 3338 2691 3400 k
2709 3349 2759 3421 p
2789 3338 2901 3421 qui
2944 3349 3045 3402 est

743 3450 975 3517 rectuS,
1007 3452 1074 3504 et
1119 3441 1268 3504 ideo
1306 3450 1575 3524 oportet
1616 3442 1799 3525 quod
1844 3441 1931 3504 ob
1980 3442 2427 3506 diversitatem
2473 3441 2697 3525 anguli
2744 3443 3048 3506 videatur

739 3544 888 3608 duo,
1001 3544 1095 3608 Et
1124 3546 1687 3627 experimentator
1716 3554 1937 3628 potest
1968 3546 2108 3609 sine
2138 3545 2366 3610 tabula
2411 3547 2693 3629 experiri
2738 3547 2946 3610 multa
2982 3547 3044 3609 in

741 3648 864 3712 hac
899 3659 1102 3731 parte.
1196 3650 1375 3712 Nam
1408 3660 1625 3731 potest
1663 3651 1748 3713 de
1796 3659 1989 3713 nocte
2022 3649 2277 3712 elevare
2309 3650 2588 3733 digitum
2630 3651 2797 3715 inter
2826 3651 3042 3733 ipsum

743 3764 808 3817 et
834 3754 1196 3817 candelam.
1262 3752 1334 3816 Si
1360 3774 1518 3835 ergo
1544 3752 1706 3836 figat
1725 3775 1892 3816 axes
1915 3775 2114 3838 super
2134 3754 2498 3828 candelam,
2520 3754 2850 3818 videbitur
2878 3776 3046 3817 unus

742 3860 988 3941 digitus
1019 3859 1168 3922 duo,
1265 3857 1356 3920 Et
1390 3859 1453 3921 in
1501 3859 1602 3921 his
1644 3859 2196 3921 considerandum
2230 3868 2349 3933 est,
2384 3860 2566 3940 quod
2604 3859 2657 3921 si
2701 3858 3047 3922 claudatur

741 3963 967 4026 oculus
1035 3963 1292 4037 dexter,
1363 3963 1726 4044 disparebit
1791 3963 2016 4045 imago
2078 3963 2357 4038 sinistra,
2423 3973 2490 4026 et
2565 3963 2789 4026 clauso
2851 3962 3045 4025 oculo

742 4068 1004 4131 sinistro
1051 4067 1292 4131 dextra
1336 4077 1683 4131 evanescet
1731 4068 1995 4150 imag03
2049 4066 2227 4148 quod
2265 4067 2629 4129 admiratus
2672 4076 2771 4128 est
2808 4065 3045 4129 beatus

743 4172 1181 4255 AugustinuS,
1223 4181 1291 4234 et
1329 4171 1598 4255 longum
1637 4172 1775 4235 fore
1811 4171 1970 4234 dare
2012 4191 2279 4234 causam
2324 4170 2518 4252 hujus
2564 4171 2654 4233 rei
2700 4170 2926 4234 scribit
2979 4170 3045 4233 in

744 4277 1094 4340 undecimo
1121 4276 1288 4339 libro
1314 4277 1399 4339 de
1417 4275 1747 4339 Trinitate
1769 4275 2060 4358 capitulo
2083 4271 2433 4338 secundo2.
2486 4273 2576 4336 Et
2602 4293 2750 4336 vere
2768 4273 3042 4356 longum

742 4391 842 4444 est
885 4380 1135 4444 homini
1182 4380 1505 4462 ignoranti
1545 4379 2045 4463 perspectivam,
2074 4380 2230 4462 quia
2268 4388 2530 4461 oportet
2567 4379 2781 4460 ipsum
2830 4378 3045 4460 primo

740 4484 1081 4548 addiscere
1129 4484 1299 4546 hanc
1350 4483 1714 4547 scientiam.
1832 4482 2149 4548 Similiter
2195 4493 2296 4547 est
2350 4482 2624 4565 longum
2680 4491 2752 4544 ut
2806 4481 3045 4545 doceat

1197 4616 1213 4644 ²
1249 4619 1441 4667 distant
1463 4618 1512 4684 J.
2292 4615 2313 4645 ³
2347 4617 2513 4680 primo
2534 4616 2584 4678 J.
