3542 5359
564 672 680 732 PARS
704 673 867 732 PRIMA:
895 673 983 734 CAP.
1010 675 1035 733 I.
1319 687 1379 750 417

268 835 381 901 'l'ertio
403 837 574 902 sciendum
597 849 647 902 est
669 837 760 919 quod
782 858 883 921 agens
907 837 1101 902 naturaliter
1130 837 1209 900 lacit
1236 837 1377 902 eundern
1390 849 1541 966 Usnisotpmiry

1390 934 1406 966 0
1427 933 1457 966 80
1478 931 1509 963 0ss

224 942 380 1007 ellectum
419 943 572 1024 primurn,
602 951 639 1006 ut
676 943 833 1024 speciem,
868 942 903 1004 in
942 959 1175 1026 quamcunque
1211 952 1301 1024 agat,
1331 942 1522 1033 ltammrunl

225 1050 315 1130 quod
338 1046 546 1111 uniformiter
567 1048 637 1130 agit
659 1067 680 1110 a
703 1057 800 1130 parte
822 1067 904 1122 sua;
933 1046 1011 1129 quia
1032 1046 1141 1110 solum
1164 1067 1266 1130 agens
1286 1048 1376 1129 quod
1388 1057 1480 1114 ΨΚ

225 1153 294 1235 agit
323 1153 505 1217 secundum
529 1153 718 1217 libertatem
748 1150 928 1217 voluntatis
959 1160 993 1217 et
1017 1173 1076 1234 per
1098 1151 1379 1227 deliberationem,

226 1267 337 1340 potest
366 1277 465 1339 agere
494 1257 690 1321 difformiter
722 1277 743 1320 a
766 1267 861 1339 parte
884 1275 954 1320 sua.
998 1255 1118 1341 Agens
1141 1255 1290 1321 naturale
1311 1277 1379 1321 non

227 1360 328 1425 habet
361 1361 567 1426 voluntatem
604 1381 665 1425 nec
692 1361 976 1439 deliberationem,
1006 1371 1040 1424 et
1071 1361 1146 1425 ideo
1176 1360 1381 1425 uniformiter

227 1466 306 1548 agit.
352 1467 465 1530 Etiam
496 1467 524 1530 si
554 1487 658 1549 agens
685 1465 813 1529 habens
844 1465 1063 1544 voluntatem,
1093 1477 1129 1530 ut
1161 1465 1270 1545 homo,
1300 1476 1380 1550 agat

228 1591 287 1654 per
308 1572 446 1634 modum
468 1581 607 1635 naturae
629 1571 662 1633 in
692 1571 881 1653 generando
906 1570 1062 1654 speciem,
1083 1569 1192 1634 adhuc
1214 1571 1285 1654 agit
1308 1571 1379 1634 uni-

228 1674 375 1738 formiter
396 1685 430 1739 et
452 1696 518 1740 uno
538 1675 641 1739 modo
664 1694 684 1737 a
706 1685 801 1758 parte
822 1695 892 1752 sua,
907 1676 984 1758 quia
1006 1685 1039 1738 et
1063 1687 1180 1739 natura
1203 1684 1237 1738 et
1261 1677 1380 1739 modus

229 1789 367 1843 naturae
388 1800 424 1843 se
445 1779 571 1844 habent
594 1799 662 1844 uno
686 1780 796 1844 modo.
843 1779 889 1844 Et
912 1790 1048 1862 propter
1074 1779 1137 1843 hoc
1160 1780 1381 1863 quodcunque

230 1884 358 1966 patiens
373 1885 403 1947 ei
418 1894 580 1961 occurrat,
596 1903 726 1966 semper
739 1884 817 1948 lacit
832 1885 975 1948 eundern
991 1883 1145 1948 effectum
1162 1884 1324 1967 primum;
1347 1893 1381 1948 et

230 1989 306 2051 ideo
322 1989 388 2051 sive
403 1997 483 2071 agat
499 1989 530 2051 in
547 2008 691 2066 sensum,
707 1989 777 2052 sive
791 1989 823 2051 in
844 1989 1054 2062 contrarium,
1068 1989 1138 2050 sive
1159 1989 1193 2050 in
1210 1989 1380 2052 materiam

230 2092 258 2153 ei
275 2092 556 2176 proportionalem
579 2113 665 2176 quae
683 2094 809 2156 nonsit
829 2093 1003 2168 contraria,
1019 2101 1151 2173 oportet
1169 2092 1260 2173 quod
1276 2091 1381 2156 solam

230 2195 328 2260 saciat
340 2198 485 2280 speciem
501 2197 738 2280 incompletam
753 2195 805 2260 vel
821 2195 1034 2279 completam,
1049 2195 1095 2258 ita
1116 2197 1206 2276 quod
1222 2215 1288 2259 non
1305 2195 1382 2260 facit

231 2299 331 2364 alium
355 2300 511 2366 effectum
533 2302 685 2385 primum.
732 2300 946 2383 Quapropter
976 2299 1121 2362 calidum
1151 2299 1219 2363 sive
1249 2311 1327 2382 agat
1349 2299 1383 2363 in

231 2425 364 2468 sensum
386 2415 505 2481 tactus,
527 2406 596 2468 sive
622 2406 656 2467 in
679 2405 837 2488 frigidum
860 2405 891 2467 ei
915 2403 1123 2481 contrarium,
1146 2424 1277 2487 semper
1307 2404 1383 2468 lacit

231 2509 377 2590 speciem
392 2517 555 2590 quantum
569 2509 612 2571 ad
629 2506 784 2572 effectum
800 2509 954 2591 primum.
1002 2507 1047 2572 Et
1067 2508 1094 2571 si
1117 2507 1167 2573 sol
1183 2519 1337 2592 operetur
1352 2509 1384 2572 in

233 2612 298 2675 ista
327 2609 489 2688 inferiora,
520 2630 607 2692 quae
644 2631 710 2675 non
745 2621 822 2676 suut
855 2613 885 2675 ei
919 2611 1094 2688 contraria,
1126 2611 1277 2676 similiter
1306 2611 1385 2676 facit

233 2713 338 2778 solam
362 2715 519 2798 speeiem,
541 2724 834 2797 quantumcunque
864 2725 942 2780 sunt
965 2716 1096 2780 diversa
1119 2717 1162 2778 ad
1187 2715 1327 2779 invicem
1350 2724 1385 2778 et

234 2817 407 2883 contraria.
452 2817 612 2884 Similiter
625 2817 654 2881 si
672 2839 724 2884 res
744 2829 823 2902 agat
841 2820 874 2882 in
895 2819 1098 2884 intellectum
1117 2818 1216 2883 saciet
1241 2820 1385 2900 speciem

234 2943 329 2988 suam
344 2922 461 3001 solam,
471 2923 558 2987 sicut
573 2923 606 2986 iu
618 2943 764 3001 sensum,
775 2934 809 2988 et
825 2925 901 2988 ideo
916 2923 1000 2987 sicut
1017 2924 1049 2986 in
1062 2924 1272 2987 contrarium
1318 2920 1386 2987 Sed

234 3028 278 3092 de
299 3029 372 3101 hoc,
393 3027 519 3092 scilicet
548 3028 685 3110 quando
713 3028 747 3092 in
777 3028 952 3093 universali
983 3038 1017 3091 et
1051 3028 1084 3090 in
1116 3027 1305 3110 particulari
1328 3025 1386 3092 fiat

234 3133 360 3214 species
375 3131 408 3194 in
420 3132 558 3196 diversis
570 3132 773 3216 patientibus
788 3143 858 3197 tam
872 3131 1099 3216 spiritualibus
1114 3151 1215 3213 quarn
1231 3151 1386 3214 corpora-

237 3238 330 3315 libus,
363 3237 491 3318 patebit
517 3235 662 3302 inferius.
722 3235 821 3300 Nunc
842 3248 957 3302 autem
988 3235 1097 3302 solum
1130 3235 1184 3300 hic
1213 3245 1315 3319 tango
1344 3237 1388 3300 de

236 3341 440 3424 patientibus
472 3351 609 3423 propter
639 3350 827 3424 respectum
857 3341 987 3426 agentis
1016 3341 1059 3405 ad
1090 3339 1145 3404 illa
1175 3340 1208 3402 in
1239 3339 1388 3404 iaciendo

236 3447 378 3509 eundem
393 3444 549 3509 effectum
566 3445 708 3528 primum
724 3444 757 3508 iu
773 3445 996 3529 quodcunque
1011 3442 1068 3509 fiat
1084 3445 1181 3516 actio,
1197 3453 1232 3508 et
1248 3445 1327 3527 quia
1341 3445 1387 3508 sic

237 3559 287 3612 est
302 3549 393 3630 quod
408 3569 509 3630 agens
525 3548 718 3613 naturaliter
731 3549 802 3632 agit
817 3568 838 3611 a
852 3559 947 3631 parte
962 3569 1022 3612 sua
1031 3567 1099 3611 uno
1115 3549 1227 3628 modo,
1238 3559 1272 3612 et
1287 3568 1387 3612 omne

237 3672 338 3734 agens
360 3653 450 3735 quod
481 3665 532 3716 est
561 3673 663 3736 agens
695 3651 888 3717 naturaliter
920 3662 954 3716 et
981 3673 1040 3736 per
1070 3653 1208 3717 modurn
1241 3663 1388 3722 naturae.

240 3755 322 3819 ldeo
342 3775 420 3818 cum
443 3756 588 3820 calidum
611 3757 758 3820 diversas
787 3757 1000 3838 operationes
1022 3756 1099 3820 iacit
1122 3755 1153 3819 in
1178 3755 1332 3838 frigidum
1355 3766 1390 3820 et

239 3871 375 3933 tactum,
396 3858 461 3923 hoc
480 3861 541 3923 erit
562 3869 697 3943 propter
721 3861 949 3925 diversitatem
973 3860 1212 3942 recipientium,
1235 3860 1320 3924 sicut
1340 3860 1389 3923 sol

239 3985 298 4049 per
312 3963 452 4028 eandem
469 3963 624 4027 virtutem
640 3961 789 4028 dissolvit
804 3984 915 4029 ceram
932 3975 966 4029 et
981 3962 1178 4047 constringit
1194 3962 1308 4028 lutum.

285 4069 331 4132 Et
345 4089 389 4131 ex
405 4068 470 4132 boc
484 4077 664 4132 evacuatur
678 4089 768 4132 error
785 4088 902 4134 eorum
919 4069 976 4151 qui
992 4068 1169 4133 aestimant
1180 4069 1270 4151 quod
1285 4087 1390 4148 agens

239 4172 329 4236 aliud
361 4173 512 4236 immittit
536 4172 567 4234 in
598 4191 740 4246 sensum,
763 4183 798 4236 et
827 4174 916 4237 aliud
948 4173 980 4235 in
1004 4171 1216 4248 contrarium,
1239 4171 1390 4238 volentes

240 4277 330 4360 quod
353 4274 412 4340 fiat
434 4277 561 4359 species
583 4276 616 4338 in
639 4295 783 4355 sensum,
805 4285 840 4340 et
863 4296 930 4340 non
954 4277 986 4340 in
1010 4274 1220 4353 contrarium,
1243 4275 1302 4339 sed
1325 4276 1391 4341 alia

240 4381 363 4457 virtus;
396 4380 545 4445 dicentes
567 4379 658 4462 quod
685 4380 829 4445 calidum
852 4381 1035 4462 corrumpit
1061 4379 1224 4462 frigidum,
1242 4380 1301 4444 sed
1325 4401 1391 4444 non

241 4483 422 4567 corrumpit
441 4503 582 4561 sensum,
596 4482 782 4548 dummodo
796 4503 864 4547 non
886 4484 1039 4548 excedat.
1084 4483 1283 4548 Aristoteles
1303 4485 1391 4547 enim

242 4589 322 4654 dicit
339 4589 372 4651 in
391 4589 538 4652 secundo
560 4588 603 4652 de
626 4585 773 4653 Anima¹
795 4589 886 4672 quod
907 4588 996 4652 actio
1017 4587 1049 4651 in
1069 4589 1267 4652 contrarium
1286 4597 1337 4652 est
1359 4589 1391 4654 in

275 4748 341 4798 ¹C1'.
353 4748 393 4798 Dr
405 4749 513 4811 Ambra,
527 4749 588 4812 li.5,
604 4754 631 4811 5}
645 4763 670 4812 5,
682 4748 753 4799 60&
769 4746 961 4798 ἔστιΗῐλοῧν
976 4747 1031 4798 eddi
1049 4747 1078 4797 rl
1093 4747 1207 4814 πάσχειν,
1222 4747 1289 4798 ἀλλὰ
1304 4747 1334 4798 τὸ
1346 4749 1393 4812 μὶν

285 4830 369 4881 VOL.
386 4830 425 4881 ΙΙ.
794 4831 818 4881 E
832 4837 853 4880 e
