<?xml version="1.0" encoding="UTF-8"?>
<!DOCTYPE html PUBLIC "-//W3C//DTD XHTML 1.0 Transitional//EN"
    "http://www.w3.org/TR/xhtml1/DTD/xhtml1-transitional.dtd">
<html xmlns="http://www.w3.org/1999/xhtml" xml:lang="en" lang="en">
 <head>
  <title>
</title>
<meta http-equiv="Content-Type" content="text/html;charset=utf-8" />
  <meta name='ocr-system' content='tesseract 3.04.00' />
  <meta name='ocr-capabilities' content='ocr_page ocr_carea ocr_par ocr_line ocrx_word'/>
</head>
<body>
  <div class='ocr_page' id='page_1' title='image "./opusmajusrogerb02bridgoog/opusmajusrogerb02bridgoog_0198.png"; bbox 0 0 3542 5359; ppageno 0'>
   <div class='ocr_carea' id='block_1_1' title="bbox 528 605 1411 688">
    <p class='ocr_par' dir='ltr' id='par_1_1' title="bbox 528 605 1411 688">
     <span class='ocr_line' id='line_1_1' title="bbox 528 605 1411 688; baseline 0.008 -25"><span class='ocrx_word' id='word_1_1' title='bbox 528 605 731 666; x_wconf 83' lang='lat' dir='ltr'><em>SCIENTIA</em></span> <span class='ocrx_word' id='word_1_2' title='bbox 756 607 1149 670; x_wconf 82' lang='lat' dir='ltr'><em>EXPERIMENTALIS.</em></span> <span class='ocrx_word' id='word_1_3' title='bbox 1352 628 1411 688; x_wconf 86' lang='lat'><strong>179</strong></span> 
     </span>
    </p>
   </div>
   <div class='ocr_carea' id='block_1_2' title="bbox 253 762 1578 3771">
    <p class='ocr_par' dir='ltr' id='par_1_2' title="bbox 304 762 1554 854">
     <span class='ocr_line' id='line_1_2' title="bbox 304 762 1554 854; baseline 0.003 -24"><span class='ocrx_word' id='word_1_4' title='bbox 304 762 340 830; x_wconf 92' lang='lat' dir='ltr'><strong>Si</strong></span> <span class='ocrx_word' id='word_1_5' title='bbox 360 785 438 830; x_wconf 93' lang='lat' dir='ltr'><strong>vero</strong></span> <span class='ocrx_word' id='word_1_6' title='bbox 457 766 489 831; x_wconf 90' lang='lat' dir='ltr'><strong>in</strong></span> <span class='ocrx_word' id='word_1_7' title='bbox 510 777 639 834; x_wconf 91' lang='lat' dir='ltr'><strong>tantum</strong></span> <span class='ocrx_word' id='word_1_8' title='bbox 658 771 884 835; x_wconf 86' lang='lat' dir='ltr'><strong>extendantur</strong></span> <span class='ocrx_word' id='word_1_9' title='bbox 904 772 994 854; x_wconf 92' lang='lat' dir='ltr'><strong>quod</strong></span> <span class='ocrx_word' id='word_1_10' title='bbox 1018 772 1107 836; x_wconf 89' lang='lat' dir='ltr'><strong>basis</strong></span> <span class='ocrx_word' id='word_1_11' title='bbox 1128 785 1257 838; x_wconf 87' lang='lat' dir='ltr'>secetur</span> <span class='ocrx_word' id='word_1_12' title='bbox 1273 795 1294 838; x_wconf 93' lang='lat' dir='ltr'><strong>a</strong></span> <span class='ocrx_word' id='word_1_13' title='bbox 1312 784 1408 852; x_wconf 89' lang='lat' dir='ltr'><strong>terra,</strong></span> <span class='ocrx_word' id='word_1_14' title='bbox 1422 795 1476 845; x_wconf 81' lang='lat' dir='ltr'><strong>The</strong></span> <span class='ocrx_word' id='word_1_15' title='bbox 1488 796 1554 846; x_wconf 80' lang='lat' dir='ltr'><strong>hori-</strong></span> 
     </span>
    </p>

    <p class='ocr_par' dir='ltr' id='par_1_3' title="bbox 253 862 1578 3669">
     <span class='ocr_line' id='line_1_3' title="bbox 258 862 1578 992; baseline 0.009 -62"><span class='ocrx_word' id='word_1_16' title='bbox 258 876 338 932; x_wconf 91' lang='lat' dir='ltr'><strong>tunc</strong></span> <span class='ocrx_word' id='word_1_17' title='bbox 357 872 539 935; x_wconf 90' lang='lat' dir='ltr'><strong>secundum</strong></span> <span class='ocrx_word' id='word_1_18' title='bbox 555 874 778 956; x_wconf 82' lang='lat' dir='ltr'><strong>quantitatem</strong></span> <span class='ocrx_word' id='word_1_19' title='bbox 794 876 949 940; x_wconf 91' lang='lat' dir='ltr'><strong>sectionis</strong></span> <span class='ocrx_word' id='word_1_20' title='bbox 967 877 1142 960; x_wconf 86' lang='lat' dir='ltr'><strong>apparebit</strong></span> <span class='ocrx_word' id='word_1_21' title='bbox 1164 879 1275 960; x_wconf 91' lang='lat' dir='ltr'><strong>portio</strong></span> <span class='ocrx_word' id='word_1_22' title='bbox 1298 878 1408 943; x_wconf 90' lang='lat' dir='ltr'><strong>circuli</strong></span> <span class='ocrx_word' id='word_1_23' title='bbox 1420 862 1578 992; x_wconf 55' lang='lat' dir='ltr'><strong>{ffl‘jgrl</strong></span> 
     </span>
     <span class='ocr_line' id='line_1_4' title="bbox 257 971 1520 1064; baseline 0.005 -28"><span class='ocrx_word' id='word_1_24' title='bbox 257 971 404 1037; x_wconf 91' lang='lat' dir='ltr'><strong>colorati.</strong></span> <span class='ocrx_word' id='word_1_25' title='bbox 437 975 483 1041; x_wconf 89' lang='lat' dir='ltr'><strong>Et</strong></span> <span class='ocrx_word' id='word_1_26' title='bbox 494 977 602 1060; x_wconf 91' lang='lat' dir='ltr'><strong>primo</strong></span> <span class='ocrx_word' id='word_1_27' title='bbox 617 987 727 1060; x_wconf 89' lang='lat' dir='ltr'><strong>potest</strong></span> <span class='ocrx_word' id='word_1_28' title='bbox 739 999 900 1061; x_wconf 88' lang='lat' dir='ltr'><strong>apparere</strong></span> <span class='ocrx_word' id='word_1_29' title='bbox 915 978 1022 1061; x_wconf 90' lang='lat' dir='ltr'><strong>major</strong></span> <span class='ocrx_word' id='word_1_30' title='bbox 1031 982 1141 1062; x_wconf 89' lang='lat' dir='ltr'><strong>portio</strong></span> <span class='ocrx_word' id='word_1_31' title='bbox 1153 982 1287 1064; x_wconf 92' lang='lat' dir='ltr'><strong>quando</strong></span> <span class='ocrx_word' id='word_1_32' title='bbox 1300 983 1408 1047; x_wconf 90' lang='lat' dir='ltr'><strong>minus</strong></span> <span class='ocrx_word' id='word_1_33' title='bbox 1419 993 1520 1042; x_wconf 77' lang='lat' dir='ltr'><strong>rmatler</strong></span> 
     </span>
     <span class='ocr_line' id='line_1_5' title="bbox 256 1059 1560 1176; baseline 0.012 -39"><span class='ocrx_word' id='word_1_34' title='bbox 256 1087 388 1142; x_wconf 87' lang='lat' dir='ltr'><strong>secatur</strong></span> <span class='ocrx_word' id='word_1_35' title='bbox 402 1079 489 1144; x_wconf 90' lang='lat' dir='ltr'><strong>basis</strong></span> <span class='ocrx_word' id='word_1_36' title='bbox 508 1081 708 1163; x_wconf 91' lang='lat' dir='ltr'><strong>pyramidis;</strong></span> <span class='ocrx_word' id='word_1_37' title='bbox 730 1091 765 1146; x_wconf 92' lang='lat' dir='ltr'><strong>et</strong></span> <span class='ocrx_word' id='word_1_38' title='bbox 779 1083 899 1147; x_wconf 91' lang='lat' dir='ltr'><strong>deinde</strong></span> <span class='ocrx_word' id='word_1_39' title='bbox 914 1085 942 1148; x_wconf 91' lang='lat' dir='ltr'><strong>si</strong></span> <span class='ocrx_word' id='word_1_40' title='bbox 958 1084 1120 1149; x_wconf 85' lang='lat' dir='ltr'><strong>medietas</strong></span> <span class='ocrx_word' id='word_1_41' title='bbox 1140 1085 1253 1149; x_wconf 91' lang='lat' dir='ltr'><strong>circuli</strong></span> <span class='ocrx_word' id='word_1_42' title='bbox 1268 1097 1406 1164; x_wconf 88' lang='lat' dir='ltr'><strong>secetur,</strong></span> <span class='ocrx_word' id='word_1_43' title='bbox 1420 1059 1560 1176; x_wconf 54' lang='lat' dir='ltr'><strong>ffiffl</strong></span> 
     </span>
     <span class='ocr_line' id='line_1_6' title="bbox 256 1179 1563 1274; baseline 0.008 -30"><span class='ocrx_word' id='word_1_44' title='bbox 256 1179 382 1245; x_wconf 88' lang='lat' dir='ltr'><strong>altera¹</strong></span> <span class='ocrx_word' id='word_1_45' title='bbox 413 1185 575 1249; x_wconf 88' lang='lat' dir='ltr'><strong>medietas</strong></span> <span class='ocrx_word' id='word_1_46' title='bbox 604 1195 683 1251; x_wconf 92' lang='lat' dir='ltr'><strong>tunc</strong></span> <span class='ocrx_word' id='word_1_47' title='bbox 712 1188 906 1269; x_wconf 89' lang='lat' dir='ltr'><strong>apparebit;</strong></span> <span class='ocrx_word' id='word_1_48' title='bbox 946 1197 981 1252; x_wconf 92' lang='lat' dir='ltr'><strong>et</strong></span> <span class='ocrx_word' id='word_1_49' title='bbox 1003 1189 1109 1252; x_wconf 91' lang='lat' dir='ltr'><strong>minor</strong></span> <span class='ocrx_word' id='word_1_50' title='bbox 1136 1190 1257 1273; x_wconf 90' lang='lat' dir='ltr'><strong>portio,</strong></span> <span class='ocrx_word' id='word_1_51' title='bbox 1281 1191 1309 1253; x_wconf 91' lang='lat' dir='ltr'><strong>si</strong></span> <span class='ocrx_word' id='word_1_52' title='bbox 1330 1190 1405 1273; x_wconf 92' lang='lat' dir='ltr'><strong>plus</strong></span> <span class='ocrx_word' id='word_1_53' title='bbox 1419 1191 1563 1274; x_wconf 45' lang='lat' dir='ltr'><strong>according,</strong></span> 
     </span>
     <span class='ocr_line' id='line_1_7' title="bbox 256 1255 1577 1374; baseline 0.009 -26"><span class='ocrx_word' id='word_1_54' title='bbox 256 1295 390 1350; x_wconf 88' lang='lat' dir='ltr'><strong>secetur.</strong></span> <span class='ocrx_word' id='word_1_55' title='bbox 437 1287 491 1353; x_wconf 93' lang='lat' dir='ltr'><strong>Sic</strong></span> <span class='ocrx_word' id='word_1_56' title='bbox 521 1292 702 1355; x_wconf 89' lang='lat' dir='ltr'><strong>secundum</strong></span> <span class='ocrx_word' id='word_1_57' title='bbox 733 1292 823 1374; x_wconf 90' lang='lat' dir='ltr'><strong>quod</strong></span> <span class='ocrx_word' id='word_1_58' title='bbox 855 1291 964 1374; x_wconf 92' lang='lat' dir='ltr'><strong>majus</strong></span> <span class='ocrx_word' id='word_1_59' title='bbox 985 1293 1037 1356; x_wconf 90' lang='lat' dir='ltr'><strong>vel</strong></span> <span class='ocrx_word' id='word_1_60' title='bbox 1065 1293 1173 1357; x_wconf 89' lang='lat' dir='ltr'><strong>minus</strong></span> <span class='ocrx_word' id='word_1_61' title='bbox 1201 1303 1342 1373; x_wconf 86' lang='lat' dir='ltr'><strong>secatur,</strong></span> <span class='ocrx_word' id='word_1_62' title='bbox 1372 1305 1406 1360; x_wconf 91' lang='lat' dir='ltr'><strong>et</strong></span> <span class='ocrx_word' id='word_1_63' title='bbox 1418 1255 1577 1372; x_wconf 49' lang='lat' dir='ltr'><strong>pnrtqedzqns</strong></span> 
     </span>
     <span class='ocr_line' id='line_1_8' title="bbox 256 1392 1407 1481; baseline 0.01 -28"><span class='ocrx_word' id='word_1_64' title='bbox 256 1392 449 1455; x_wconf 84' lang='lat' dir='ltr'><strong>extenditur</strong></span> <span class='ocrx_word' id='word_1_65' title='bbox 468 1395 623 1476; x_wconf 86' lang='lat' dir='ltr'><strong>pyramis,</strong></span> <span class='ocrx_word' id='word_1_66' title='bbox 645 1395 752 1478; x_wconf 92' lang='lat' dir='ltr'><strong>major</strong></span> <span class='ocrx_word' id='word_1_67' title='bbox 770 1395 822 1461; x_wconf 92' lang='lat' dir='ltr'><strong>vel</strong></span> <span class='ocrx_word' id='word_1_68' title='bbox 842 1397 951 1460; x_wconf 93' lang='lat' dir='ltr'><strong>minor</strong></span> <span class='ocrx_word' id='word_1_69' title='bbox 968 1398 1142 1481; x_wconf 86' lang='lat' dir='ltr'><strong>apparebit</strong></span> <span class='ocrx_word' id='word_1_70' title='bbox 1162 1399 1294 1480; x_wconf 87' lang='lat' dir='ltr'><strong>portio;</strong></span> <span class='ocrx_word' id='word_1_71' title='bbox 1317 1408 1351 1463; x_wconf 93' lang='lat' dir='ltr'><strong>et</strong></span> <span class='ocrx_word' id='word_1_72' title='bbox 1374 1400 1407 1464; x_wconf 87' lang='lat' dir='ltr'><strong>iu</strong></span> 
     </span>
     <span class='ocr_line' id='line_1_9' title="bbox 256 1499 1407 1583; baseline 0.008 -25"><span class='ocrx_word' id='word_1_73' title='bbox 256 1503 387 1558; x_wconf 90' lang='lat' dir='ltr'><strong>tantum</strong></span> <span class='ocrx_word' id='word_1_74' title='bbox 408 1508 519 1577; x_wconf 88' lang='lat' dir='ltr'><strong>potest</strong></span> <span class='ocrx_word' id='word_1_75' title='bbox 544 1500 681 1562; x_wconf 90' lang='lat' dir='ltr'><strong>extendi</strong></span> <span class='ocrx_word' id='word_1_76' title='bbox 701 1500 791 1583; x_wconf 93' lang='lat' dir='ltr'><strong>quod</strong></span> <span class='ocrx_word' id='word_1_77' title='bbox 816 1499 898 1564; x_wconf 91' lang='lat' dir='ltr'><strong>nihil</strong></span> <span class='ocrx_word' id='word_1_78' title='bbox 918 1510 1076 1583; x_wconf 90' lang='lat' dir='ltr'><strong>apparet;</strong></span> <span class='ocrx_word' id='word_1_79' title='bbox 1098 1511 1132 1565; x_wconf 92' lang='lat' dir='ltr'><strong>et</strong></span> <span class='ocrx_word' id='word_1_80' title='bbox 1153 1503 1201 1566; x_wconf 91' lang='lat' dir='ltr'><strong>sic</strong></span> <span class='ocrx_word' id='word_1_81' title='bbox 1224 1504 1407 1567; x_wconf 88' lang='lat' dir='ltr'><strong>secundum</strong></span> 
     </span>
     <span class='ocr_line' id='line_1_10' title="bbox 255 1598 1408 1689; baseline 0.01 -27"><span class='ocrx_word' id='word_1_82' title='bbox 255 1598 496 1682; x_wconf 86' lang='lat' dir='ltr'><strong>longitudinem</strong></span> <span class='ocrx_word' id='word_1_83' title='bbox 525 1612 558 1666; x_wconf 91' lang='lat' dir='ltr'><strong>et</strong></span> <span class='ocrx_word' id='word_1_84' title='bbox 578 1604 775 1668; x_wconf 89' lang='lat' dir='ltr'><strong>brevitatem</strong></span> <span class='ocrx_word' id='word_1_85' title='bbox 799 1606 1011 1687; x_wconf 88' lang='lat' dir='ltr'><strong>pyramidum</strong></span> <span class='ocrx_word' id='word_1_86' title='bbox 1035 1605 1121 1671; x_wconf 89' lang='lat' dir='ltr'><strong>fiunt</strong></span> <span class='ocrx_word' id='word_1_87' title='bbox 1145 1607 1289 1689; x_wconf 89' lang='lat' dir='ltr'><strong>majores</strong></span> <span class='ocrx_word' id='word_1_88' title='bbox 1310 1607 1408 1672; x_wconf 88' lang='lat' dir='ltr'><strong>bases</strong></span> 
     </span>
     <span class='ocr_line' id='line_1_11' title="bbox 255 1702 1407 1792; baseline 0.008 -26"><span class='ocrx_word' id='word_1_89' title='bbox 255 1702 308 1767; x_wconf 92' lang='lat' dir='ltr'><strong>vel</strong></span> <span class='ocrx_word' id='word_1_90' title='bbox 322 1705 474 1783; x_wconf 90' lang='lat' dir='ltr'><strong>minores,</strong></span> <span class='ocrx_word' id='word_1_91' title='bbox 490 1715 524 1771; x_wconf 90' lang='lat' dir='ltr'><strong>et</strong></span> <span class='ocrx_word' id='word_1_92' title='bbox 538 1706 649 1771; x_wconf 90' lang='lat' dir='ltr'><strong>circuli</strong></span> <span class='ocrx_word' id='word_1_93' title='bbox 666 1709 809 1792; x_wconf 90' lang='lat' dir='ltr'><strong>majores</strong></span> <span class='ocrx_word' id='word_1_94' title='bbox 824 1708 961 1774; x_wconf 91' lang='lat' dir='ltr'><strong>colorati</strong></span> <span class='ocrx_word' id='word_1_95' title='bbox 976 1710 1029 1773; x_wconf 87' lang='lat' dir='ltr'><strong>vei</strong></span> <span class='ocrx_word' id='word_1_96' title='bbox 1045 1711 1195 1788; x_wconf 90' lang='lat' dir='ltr'><strong>minores,</strong></span> <span class='ocrx_word' id='word_1_97' title='bbox 1210 1722 1244 1775; x_wconf 92' lang='lat' dir='ltr'><strong>et</strong></span> <span class='ocrx_word' id='word_1_98' title='bbox 1265 1712 1407 1792; x_wconf 88' lang='lat' dir='ltr'><strong>majores</strong></span> 
     </span>
     <span class='ocr_line' id='line_1_12' title="bbox 257 1809 1406 1897; baseline 0.005 -24"><span class='ocrx_word' id='word_1_99' title='bbox 257 1809 425 1892; x_wconf 88' lang='lat' dir='ltr'><strong>portiones</strong></span> <span class='ocrx_word' id='word_1_100' title='bbox 444 1809 497 1875; x_wconf 90' lang='lat' dir='ltr'><strong>vel</strong></span> <span class='ocrx_word' id='word_1_101' title='bbox 516 1813 659 1876; x_wconf 88' lang='lat' dir='ltr'><strong>minores</strong></span> <span class='ocrx_word' id='word_1_102' title='bbox 682 1822 856 1884; x_wconf 85' lang='lat' dir='ltr'><strong>resecatae,</strong></span> <span class='ocrx_word' id='word_1_103' title='bbox 872 1824 906 1878; x_wconf 90' lang='lat' dir='ltr'><strong>et</strong></span> <span class='ocrx_word' id='word_1_104' title='bbox 926 1815 1095 1895; x_wconf 89' lang='lat' dir='ltr'><strong>portiones</strong></span> <span class='ocrx_word' id='word_1_105' title='bbox 1121 1813 1284 1897; x_wconf 88' lang='lat' dir='ltr'><strong>majorum</strong></span> <span class='ocrx_word' id='word_1_106' title='bbox 1305 1815 1406 1880; x_wconf 91' lang='lat' dir='ltr'><strong>circu-</strong></span> 
     </span>
     <span class='ocr_line' id='line_1_13' title="bbox 256 1912 1406 1999; baseline 0.008 -25"><span class='ocrx_word' id='word_1_107' title='bbox 256 1912 361 1976; x_wconf 88' lang='lat' dir='ltr'><strong>lorum</strong></span> <span class='ocrx_word' id='word_1_108' title='bbox 385 1924 420 1979; x_wconf 92' lang='lat' dir='ltr'><strong>et</strong></span> <span class='ocrx_word' id='word_1_109' title='bbox 442 1916 615 1994; x_wconf 88' lang='lat' dir='ltr'><strong>minorum,</strong></span> <span class='ocrx_word' id='word_1_110' title='bbox 637 1927 674 1982; x_wconf 92' lang='lat' dir='ltr'><strong>ut</strong></span> <span class='ocrx_word' id='word_1_111' title='bbox 700 1917 771 1999; x_wconf 90' lang='lat' dir='ltr'><strong>jam</strong></span> <span class='ocrx_word' id='word_1_112' title='bbox 798 1919 878 1982; x_wconf 90' lang='lat' dir='ltr'><strong>satis</strong></span> <span class='ocrx_word' id='word_1_113' title='bbox 900 1927 995 1999; x_wconf 88' lang='lat' dir='ltr'><strong>patet</strong></span> <span class='ocrx_word' id='word_1_114' title='bbox 1016 1918 1152 1982; x_wconf 89' lang='lat' dir='ltr'><strong>cuilibet</strong></span> <span class='ocrx_word' id='word_1_115' title='bbox 1175 1920 1406 1984; x_wconf 87' lang='lat' dir='ltr'><strong>consideranti.</strong></span> 
     </span>
     <span class='ocr_line' id='line_1_14' title="bbox 256 2015 1406 2105; baseline 0.007 -26"><span class='ocrx_word' id='word_1_116' title='bbox 256 2015 303 2080; x_wconf 91' lang='lat' dir='ltr'><strong>Et</strong></span> <span class='ocrx_word' id='word_1_117' title='bbox 317 2017 399 2081; x_wconf 91' lang='lat' dir='ltr'><strong>haec</strong></span> <span class='ocrx_word' id='word_1_118' title='bbox 414 2020 579 2102; x_wconf 89' lang='lat' dir='ltr'><strong>apparitio</strong></span> <span class='ocrx_word' id='word_1_119' title='bbox 594 2022 788 2085; x_wconf 89' lang='lat' dir='ltr'><strong>circulorum</strong></span> <span class='ocrx_word' id='word_1_120' title='bbox 804 2031 838 2085; x_wconf 94' lang='lat' dir='ltr'><strong>et</strong></span> <span class='ocrx_word' id='word_1_121' title='bbox 853 2022 1043 2103; x_wconf 91' lang='lat' dir='ltr'><strong>portionum</strong></span> <span class='ocrx_word' id='word_1_122' title='bbox 1067 2022 1290 2087; x_wconf 91' lang='lat' dir='ltr'><strong>consideratur</strong></span> <span class='ocrx_word' id='word_1_123' title='bbox 1305 2042 1406 2105; x_wconf 91' lang='lat' dir='ltr'><strong>penes</strong></span> 
     </span>
     <span class='ocr_line' id='line_1_15' title="bbox 256 2121 1405 2208; baseline 0.005 -24"><span class='ocrx_word' id='word_1_124' title='bbox 256 2121 454 2187; x_wconf 90' lang='lat' dir='ltr'><strong>brevitatem</strong></span> <span class='ocrx_word' id='word_1_125' title='bbox 477 2133 512 2188; x_wconf 91' lang='lat' dir='ltr'><strong>et</strong></span> <span class='ocrx_word' id='word_1_126' title='bbox 540 2124 782 2207; x_wconf 86' lang='lat' dir='ltr'><strong>longitudinem</strong></span> <span class='ocrx_word' id='word_1_127' title='bbox 813 2126 1035 2208; x_wconf 89' lang='lat' dir='ltr'><strong>pyramidum,</strong></span> <span class='ocrx_word' id='word_1_128' title='bbox 1061 2136 1098 2191; x_wconf 93' lang='lat' dir='ltr'><strong>ut</strong></span> <span class='ocrx_word' id='word_1_129' title='bbox 1126 2126 1209 2205; x_wconf 87' lang='lat' dir='ltr'><strong>dixi,</strong></span> <span class='ocrx_word' id='word_1_130' title='bbox 1231 2127 1308 2191; x_wconf 90' lang='lat' dir='ltr'><strong>licet</strong></span> <span class='ocrx_word' id='word_1_131' title='bbox 1338 2147 1405 2190; x_wconf 93' lang='lat' dir='ltr'><strong>non</strong></span> 
     </span>
     <span class='ocr_line' id='line_1_16' title="bbox 256 2227 1406 2312; baseline 0.003 -21"><span class='ocrx_word' id='word_1_132' title='bbox 256 2227 501 2292; x_wconf 89' lang='lat' dir='ltr'><strong>consideremus</strong></span> <span class='ocrx_word' id='word_1_133' title='bbox 523 2229 740 2295; x_wconf 89' lang='lat' dir='ltr'><strong>elevationem</strong></span> <span class='ocrx_word' id='word_1_134' title='bbox 759 2241 793 2294; x_wconf 91' lang='lat' dir='ltr'><strong>et</strong></span> <span class='ocrx_word' id='word_1_135' title='bbox 815 2231 1059 2312; x_wconf 90' lang='lat' dir='ltr'><strong>depressionem</strong></span> <span class='ocrx_word' id='word_1_136' title='bbox 1080 2231 1165 2294; x_wconf 84' lang='lat' dir='ltr'><strong>solis</strong></span> <span class='ocrx_word' id='word_1_137' title='bbox 1211 2229 1278 2295; x_wconf 91' lang='lat' dir='ltr'><strong>Sed</strong></span> <span class='ocrx_word' id='word_1_138' title='bbox 1293 2241 1406 2295; x_wconf 87' lang='lat' dir='ltr'><strong>tamen</strong></span> 
     </span>
     <span class='ocr_line' id='line_1_17' title="bbox 256 2330 1404 2417; baseline 0.004 -23"><span class='ocrx_word' id='word_1_139' title='bbox 256 2330 292 2394; x_wconf 93' lang='lat' dir='ltr'><strong>in</strong></span> <span class='ocrx_word' id='word_1_140' title='bbox 316 2331 459 2396; x_wconf 91' lang='lat' dir='ltr'><strong>nubibus</strong></span> <span class='ocrx_word' id='word_1_141' title='bbox 479 2353 650 2417; x_wconf 92' lang='lat' dir='ltr'><strong>nunquam</strong></span> <span class='ocrx_word' id='word_1_142' title='bbox 669 2344 809 2416; x_wconf 89' lang='lat' dir='ltr'><strong>apparet</strong></span> <span class='ocrx_word' id='word_1_143' title='bbox 829 2335 968 2399; x_wconf 90' lang='lat' dir='ltr'><strong>circulus</strong></span> <span class='ocrx_word' id='word_1_144' title='bbox 986 2335 1113 2417; x_wconf 84' lang='lat' dir='ltr'><strong>integer</strong></span> <span class='ocrx_word' id='word_1_145' title='bbox 1127 2334 1227 2411; x_wconf 88' lang='lat' dir='ltr'><strong>iridis,</strong></span> <span class='ocrx_word' id='word_1_146' title='bbox 1242 2337 1302 2400; x_wconf 89' lang='lat' dir='ltr'><strong>sed</strong></span> <span class='ocrx_word' id='word_1_147' title='bbox 1318 2347 1354 2400; x_wconf 93' lang='lat' dir='ltr'><strong>ut</strong></span> <span class='ocrx_word' id='word_1_148' title='bbox 1369 2335 1404 2399; x_wconf 92' lang='lat' dir='ltr'><strong>in</strong></span> 
     </span>
     <span class='ocr_line' id='line_1_18' title="bbox 256 2434 1406 2521; baseline 0.004 -24"><span class='ocrx_word' id='word_1_149' title='bbox 256 2434 407 2516; x_wconf 91' lang='lat' dir='ltr'><strong>pluribus</strong></span> <span class='ocrx_word' id='word_1_150' title='bbox 431 2435 561 2501; x_wconf 81' lang='lat' dir='ltr'><strong>minor²</strong></span> <span class='ocrx_word' id='word_1_151' title='bbox 587 2438 705 2521; x_wconf 88' lang='lat' dir='ltr'><strong>portio,</strong></span> <span class='ocrx_word' id='word_1_152' title='bbox 728 2448 763 2503; x_wconf 90' lang='lat' dir='ltr'><strong>et</strong></span> <span class='ocrx_word' id='word_1_153' title='bbox 788 2438 967 2521; x_wconf 83' lang='lat' dir='ltr'><strong>ailquando</strong></span> <span class='ocrx_word' id='word_1_154' title='bbox 990 2439 1214 2503; x_wconf 89' lang='lat' dir='ltr'><strong>semicirculus</strong></span> <span class='ocrx_word' id='word_1_155' title='bbox 1236 2449 1270 2503; x_wconf 92' lang='lat' dir='ltr'><strong>et</strong></span> <span class='ocrx_word' id='word_1_156' title='bbox 1300 2439 1406 2521; x_wconf 88' lang='lat' dir='ltr'><strong>major</strong></span> 
     </span>
     <span class='ocr_line' id='line_1_19' title="bbox 258 2539 1404 2626; baseline 0.002 -23"><span class='ocrx_word' id='word_1_157' title='bbox 258 2539 377 2621; x_wconf 89' lang='lat' dir='ltr'><strong>portio.</strong></span> <span class='ocrx_word' id='word_1_158' title='bbox 423 2542 512 2606; x_wconf 92' lang='lat' dir='ltr'><strong>Nam</strong></span> <span class='ocrx_word' id='word_1_159' title='bbox 537 2543 624 2606; x_wconf 92' lang='lat' dir='ltr'><strong>basis</strong></span> <span class='ocrx_word' id='word_1_160' title='bbox 641 2542 825 2626; x_wconf 87' lang='lat' dir='ltr'><strong>pyramidis</strong></span> <span class='ocrx_word' id='word_1_161' title='bbox 848 2551 939 2607; x_wconf 90' lang='lat' dir='ltr'><strong>secat</strong></span> <span class='ocrx_word' id='word_1_162' title='bbox 963 2554 1083 2607; x_wconf 87' lang='lat' dir='ltr'><strong>terram</strong></span> <span class='ocrx_word' id='word_1_163' title='bbox 1102 2563 1233 2626; x_wconf 89' lang='lat' dir='ltr'><strong>semper</strong></span> <span class='ocrx_word' id='word_1_164' title='bbox 1250 2544 1283 2606; x_wconf 91' lang='lat' dir='ltr'><strong>in</strong></span> <span class='ocrx_word' id='word_1_165' title='bbox 1304 2562 1404 2624; x_wconf 90' lang='lat' dir='ltr'><strong>gene·</strong></span> 
     </span>
     <span class='ocr_line' id='line_1_20' title="bbox 257 2644 1405 2730; baseline 0.003 -24"><span class='ocrx_word' id='word_1_166' title='bbox 257 2644 383 2708; x_wconf 90' lang='lat' dir='ltr'><strong>ratione</strong></span> <span class='ocrx_word' id='word_1_167' title='bbox 395 2645 485 2710; x_wconf 87' lang='lat' dir='ltr'><strong>iridis</strong></span> <span class='ocrx_word' id='word_1_168' title='bbox 497 2647 529 2710; x_wconf 93' lang='lat' dir='ltr'><strong>in</strong></span> <span class='ocrx_word' id='word_1_169' title='bbox 542 2646 555 2684; x_wconf 86' lang='lat'>³</span> <span class='ocrx_word' id='word_1_170' title='bbox 568 2647 710 2711; x_wconf 91' lang='lat' dir='ltr'><strong>nubibus</strong></span> <span class='ocrx_word' id='word_1_171' title='bbox 723 2657 860 2730; x_wconf 87' lang='lat' dir='ltr'><strong>propter</strong></span> <span class='ocrx_word' id='word_1_172' title='bbox 868 2647 939 2729; x_wconf 89' lang='lat' dir='ltr'><strong>ejus</strong></span> <span class='ocrx_word' id='word_1_173' title='bbox 950 2645 1188 2729; x_wconf 89' lang='lat' dir='ltr'><strong>longitudinem</strong></span> <span class='ocrx_word' id='word_1_174' title='bbox 1200 2647 1244 2711; x_wconf 93' lang='lat' dir='ltr'><strong>ab</strong></span> <span class='ocrx_word' id='word_1_175' title='bbox 1253 2646 1360 2724; x_wconf 91' lang='lat' dir='ltr'><strong>oculo,</strong></span> <span class='ocrx_word' id='word_1_176' title='bbox 1370 2655 1405 2710; x_wconf 90' lang='lat' dir='ltr'><strong>et</strong></span> 
     </span>
     <span class='ocr_line' id='line_1_21' title="bbox 254 2749 1405 2835; baseline -0.002 -19"><span class='ocrx_word' id='word_1_177' title='bbox 254 2749 330 2816; x_wconf 90' lang='lat' dir='ltr'><strong>ideo</strong></span> <span class='ocrx_word' id='word_1_178' title='bbox 346 2771 515 2835; x_wconf 90' lang='lat' dir='ltr'><strong>nunquam</strong></span> <span class='ocrx_word' id='word_1_179' title='bbox 536 2760 674 2835; x_wconf 91' lang='lat' dir='ltr'><strong>apparet</strong></span> <span class='ocrx_word' id='word_1_180' title='bbox 697 2751 835 2816; x_wconf 91' lang='lat' dir='ltr'><strong>circulus</strong></span> <span class='ocrx_word' id='word_1_181' title='bbox 855 2750 1051 2832; x_wconf 91' lang='lat' dir='ltr'><strong>completus.</strong></span> <span class='ocrx_word' id='word_1_182' title='bbox 1097 2749 1241 2832; x_wconf 89' lang='lat' dir='ltr'><strong>Quando</strong></span> <span class='ocrx_word' id='word_1_183' title='bbox 1261 2771 1340 2814; x_wconf 92' lang='lat' dir='ltr'><strong>vero</strong></span> <span class='ocrx_word' id='word_1_184' title='bbox 1354 2750 1405 2814; x_wconf 93' lang='lat' dir='ltr'><strong>sol</strong></span> 
     </span>
     <span class='ocr_line' id='line_1_22' title="bbox 255 2853 1404 2938; baseline -0.001 -18"><span class='ocrx_word' id='word_1_185' title='bbox 255 2865 305 2920; x_wconf 89' lang='lat' dir='ltr'><strong>est</strong></span> <span class='ocrx_word' id='word_1_186' title='bbox 328 2855 362 2919; x_wconf 94' lang='lat' dir='ltr'><strong>in</strong></span> <span class='ocrx_word' id='word_1_187' title='bbox 385 2856 519 2930; x_wconf 91' lang='lat' dir='ltr'><strong>oriente,</strong></span> <span class='ocrx_word' id='word_1_188' title='bbox 535 2865 568 2919; x_wconf 92' lang='lat' dir='ltr'><strong>et</strong></span> <span class='ocrx_word' id='word_1_189' title='bbox 590 2855 645 2919; x_wconf 89' lang='lat' dir='ltr'><strong>iris</strong></span> <span class='ocrx_word' id='word_1_190' title='bbox 665 2855 812 2919; x_wconf 90' lang='lat' dir='ltr'><strong>elevatur</strong></span> <span class='ocrx_word' id='word_1_191' title='bbox 834 2874 933 2936; x_wconf 89' lang='lat' dir='ltr'><strong>super</strong></span> <span class='ocrx_word' id='word_1_192' title='bbox 951 2853 1157 2918; x_wconf 90' lang='lat' dir='ltr'><strong>horizontem</strong></span> <span class='ocrx_word' id='word_1_193' title='bbox 1176 2855 1270 2937; x_wconf 90' lang='lat' dir='ltr'><strong>quasi</strong></span> <span class='ocrx_word' id='word_1_194' title='bbox 1287 2876 1346 2938; x_wconf 94' lang='lat' dir='ltr'><strong>per</strong></span> <span class='ocrx_word' id='word_1_195' title='bbox 1360 2872 1404 2932; x_wconf 83' lang='lat'><strong>42</strong></span> 
     </span>
     <span class='ocr_line' id='line_1_23' title="bbox 254 2957 1403 3043; baseline -0.001 -21"><span class='ocrx_word' id='word_1_196' title='bbox 254 2961 385 3043; x_wconf 85' lang='lat' dir='ltr'><strong>gradus,</strong></span> <span class='ocrx_word' id='word_1_197' title='bbox 414 2970 449 3025; x_wconf 91' lang='lat' dir='ltr'><strong>et</strong></span> <span class='ocrx_word' id='word_1_198' title='bbox 477 2960 616 3023; x_wconf 88' lang='lat' dir='ltr'><strong>materia</strong></span> <span class='ocrx_word' id='word_1_199' title='bbox 645 2960 689 3022; x_wconf 93' lang='lat' dir='ltr'><strong>sit</strong></span> <span class='ocrx_word' id='word_1_200' title='bbox 719 2968 914 3042; x_wconf 87' lang='lat' dir='ltr'><strong>praeparata</strong></span> <span class='ocrx_word' id='word_1_201' title='bbox 944 2959 1053 3023; x_wconf 91' lang='lat' dir='ltr'><strong>rorida</strong></span> <span class='ocrx_word' id='word_1_202' title='bbox 1083 2957 1247 3023; x_wconf 92' lang='lat' dir='ltr'><strong>distillans</strong></span> <span class='ocrx_word' id='word_1_203' title='bbox 1277 2959 1403 3022; x_wconf 87' lang='lat' dir='ltr'><strong>habens</strong></span> 
     </span>
     <span class='ocr_line' id='line_1_24' title="bbox 254 3063 1404 3148; baseline -0.001 -21"><span class='ocrx_word' id='word_1_204' title='bbox 254 3063 421 3129; x_wconf 90' lang='lat' dir='ltr'><strong>stillicidia</strong></span> <span class='ocrx_word' id='word_1_205' title='bbox 436 3063 573 3142; x_wconf 84' lang='lat' dir='ltr'><strong>infinita,</strong></span> <span class='ocrx_word' id='word_1_206' title='bbox 586 3074 665 3128; x_wconf 92' lang='lat' dir='ltr'><strong>tunc</strong></span> <span class='ocrx_word' id='word_1_207' title='bbox 680 3073 819 3147; x_wconf 90' lang='lat' dir='ltr'><strong>apparet</strong></span> <span class='ocrx_word' id='word_1_208' title='bbox 834 3064 942 3146; x_wconf 88' lang='lat' dir='ltr'><strong>major</strong></span> <span class='ocrx_word' id='word_1_209' title='bbox 956 3064 1063 3146; x_wconf 92' lang='lat' dir='ltr'><strong>portio</strong></span> <span class='ocrx_word' id='word_1_210' title='bbox 1073 3063 1185 3128; x_wconf 92' lang='lat' dir='ltr'><strong>circuli</strong></span> <span class='ocrx_word' id='word_1_211' title='bbox 1201 3084 1259 3148; x_wconf 92' lang='lat' dir='ltr'><strong>per</strong></span> <span class='ocrx_word' id='word_1_212' title='bbox 1273 3063 1404 3145; x_wconf 91' lang='lat' dir='ltr'><strong>quanti·</strong></span> 
     </span>
     <span class='ocr_line' id='line_1_25' title="bbox 255 3167 1404 3251; baseline -0.003 -17"><span class='ocrx_word' id='word_1_213' title='bbox 255 3179 359 3234; x_wconf 88' lang='lat' dir='ltr'><strong>tatem</strong></span> <span class='ocrx_word' id='word_1_214' title='bbox 382 3189 477 3234; x_wconf 90' lang='lat' dir='ltr'><strong>arcus</strong></span> <span class='ocrx_word' id='word_1_215' title='bbox 493 3168 579 3232; x_wconf 88' lang='lat' dir='ltr'><strong>inter</strong></span> <span class='ocrx_word' id='word_1_216' title='bbox 595 3167 720 3233; x_wconf 91' lang='lat' dir='ltr'><strong>radium</strong></span> <span class='ocrx_word' id='word_1_217' title='bbox 738 3167 899 3233; x_wconf 91' lang='lat' dir='ltr'><strong>visualem</strong></span> <span class='ocrx_word' id='word_1_218' title='bbox 916 3178 949 3231; x_wconf 92' lang='lat' dir='ltr'><strong>et</strong></span> <span class='ocrx_word' id='word_1_219' title='bbox 971 3167 1198 3246; x_wconf 82' lang='lat' dir='ltr'><strong>horizontem3</strong></span> <span class='ocrx_word' id='word_1_220' title='bbox 1220 3178 1254 3231; x_wconf 95' lang='lat' dir='ltr'><strong>et</strong></span> <span class='ocrx_word' id='word_1_221' title='bbox 1270 3169 1404 3251; x_wconf 91' lang='lat' dir='ltr'><strong>quando</strong></span> 
     </span>
     <span class='ocr_line' id='line_1_26' title="bbox 254 3269 1404 3349; baseline -0.002 -13"><span class='ocrx_word' id='word_1_222' title='bbox 254 3272 304 3338; x_wconf 92' lang='lat' dir='ltr'><strong>sol</strong></span> <span class='ocrx_word' id='word_1_223' title='bbox 320 3283 370 3337; x_wconf 90' lang='lat' dir='ltr'><strong>est</strong></span> <span class='ocrx_word' id='word_1_224' title='bbox 386 3273 418 3336; x_wconf 94' lang='lat' dir='ltr'><strong>in</strong></span> <span class='ocrx_word' id='word_1_225' title='bbox 434 3272 608 3337; x_wconf 88' lang='lat' dir='ltr'><strong>altitudine</strong></span> <span class='ocrx_word' id='word_1_226' title='bbox 624 3271 708 3335; x_wconf 91' lang='lat' dir='ltr'><strong>illius</strong></span> <span class='ocrx_word' id='word_1_227' title='bbox 724 3269 860 3349; x_wconf 87' lang='lat' dir='ltr'><strong>lineae⁴,</strong></span> <span class='ocrx_word' id='word_1_228' title='bbox 870 3281 949 3336; x_wconf 92' lang='lat' dir='ltr'><strong>tunc</strong></span> <span class='ocrx_word' id='word_1_229' title='bbox 966 3273 1021 3336; x_wconf 90' lang='lat' dir='ltr'><strong>iris</strong></span> <span class='ocrx_word' id='word_1_230' title='bbox 1031 3272 1133 3336; x_wconf 90' lang='lat' dir='ltr'><strong>habet</strong></span> <span class='ocrx_word' id='word_1_231' title='bbox 1145 3272 1404 3348; x_wconf 86' lang='lat' dir='ltr'><strong>semicirculum3</strong></span> 
     </span>
     <span class='ocr_line' id='line_1_27' title="bbox 253 3375 1404 3460; baseline -0.004 -17"><span class='ocrx_word' id='word_1_232' title='bbox 253 3388 287 3443; x_wconf 88' lang='lat' dir='ltr'><strong>et</strong></span> <span class='ocrx_word' id='word_1_233' title='bbox 302 3378 436 3460; x_wconf 91' lang='lat' dir='ltr'><strong>quando</strong></span> <span class='ocrx_word' id='word_1_234' title='bbox 456 3375 506 3442; x_wconf 87' lang='lat' dir='ltr'><strong>sol</strong></span> <span class='ocrx_word' id='word_1_235' title='bbox 529 3375 732 3442; x_wconf 89' lang='lat' dir='ltr'><strong>transcendit</strong></span> <span class='ocrx_word' id='word_1_236' title='bbox 753 3375 843 3440; x_wconf 90' lang='lat' dir='ltr'><strong>illam</strong></span> <span class='ocrx_word' id='word_1_237' title='bbox 864 3375 997 3452; x_wconf 90' lang='lat' dir='ltr'><strong>lineam,</strong></span> <span class='ocrx_word' id='word_1_238' title='bbox 1012 3385 1092 3441; x_wconf 92' lang='lat' dir='ltr'><strong>tunc</strong></span> <span class='ocrx_word' id='word_1_239' title='bbox 1113 3375 1151 3440; x_wconf 86' lang='lat' dir='ltr'><strong>fit</strong></span> <span class='ocrx_word' id='word_1_240' title='bbox 1167 3377 1273 3440; x_wconf 91' lang='lat' dir='ltr'><strong>minor</strong></span> <span class='ocrx_word' id='word_1_241' title='bbox 1294 3377 1404 3457; x_wconf 91' lang='lat' dir='ltr'><strong>portio</strong></span> 
     </span>
     <span class='ocr_line' id='line_1_28' title="bbox 253 3478 1403 3562; baseline -0.002 -16"><span class='ocrx_word' id='word_1_242' title='bbox 253 3481 364 3546; x_wconf 92' lang='lat' dir='ltr'><strong>circuli</strong></span> <span class='ocrx_word' id='word_1_243' title='bbox 377 3506 384 3557; x_wconf 92' lang='lat'>;</span> <span class='ocrx_word' id='word_1_244' title='bbox 406 3480 452 3544; x_wconf 91' lang='lat' dir='ltr'><strong>sic</strong></span> <span class='ocrx_word' id='word_1_245' title='bbox 469 3479 605 3545; x_wconf 91' lang='lat' dir='ltr'><strong>ulterius</strong></span> <span class='ocrx_word' id='word_1_246' title='bbox 620 3489 746 3562; x_wconf 92' lang='lat' dir='ltr'><strong>quanto</strong></span> <span class='ocrx_word' id='word_1_247' title='bbox 764 3478 813 3544; x_wconf 92' lang='lat' dir='ltr'><strong>sol</strong></span> <span class='ocrx_word' id='word_1_248' title='bbox 833 3479 932 3544; x_wconf 89' lang='lat' dir='ltr'><strong>altius</strong></span> <span class='ocrx_word' id='word_1_249' title='bbox 948 3480 1106 3557; x_wconf 88' lang='lat' dir='ltr'><strong>ascendit,</strong></span> <span class='ocrx_word' id='word_1_250' title='bbox 1121 3478 1159 3544; x_wconf 86' lang='lat' dir='ltr'><strong>fit</strong></span> <span class='ocrx_word' id='word_1_251' title='bbox 1174 3480 1230 3544; x_wconf 88' lang='lat' dir='ltr'><strong>iris</strong></span> <span class='ocrx_word' id='word_1_252' title='bbox 1245 3481 1355 3544; x_wconf 90' lang='lat' dir='ltr'><strong>minor</strong></span> <span class='ocrx_word' id='word_1_253' title='bbox 1369 3489 1403 3544; x_wconf 93' lang='lat' dir='ltr'><strong>et</strong></span> 
     </span>
     <span class='ocr_line' id='line_1_29' title="bbox 253 3585 1298 3669; baseline -0.001 -19"><span class='ocrx_word' id='word_1_254' title='bbox 253 3586 371 3664; x_wconf 90' lang='lat' dir='ltr'><strong>minor,</strong></span> <span class='ocrx_word' id='word_1_255' title='bbox 389 3587 467 3669; x_wconf 91' lang='lat' dir='ltr'><strong>quia</strong></span> <span class='ocrx_word' id='word_1_256' title='bbox 483 3585 589 3668; x_wconf 86' lang='lat' dir='ltr'><strong>magis</strong></span> <span class='ocrx_word' id='word_1_257' title='bbox 603 3585 808 3650; x_wconf 91' lang='lat' dir='ltr'><strong>abscinditur</strong></span> <span class='ocrx_word' id='word_1_258' title='bbox 823 3585 865 3648; x_wconf 90' lang='lat' dir='ltr'><strong>de</strong></span> <span class='ocrx_word' id='word_1_259' title='bbox 881 3605 943 3648; x_wconf 91' lang='lat' dir='ltr'><strong>suo</strong></span> <span class='ocrx_word' id='word_1_260' title='bbox 957 3585 1078 3649; x_wconf 89' lang='lat' dir='ltr'><strong>circulo</strong></span> <span class='ocrx_word' id='word_1_261' title='bbox 1094 3605 1154 3667; x_wconf 87' lang='lat' dir='ltr'><strong>per</strong></span> <span class='ocrx_word' id='word_1_262' title='bbox 1168 3594 1298 3649; x_wconf 89' lang='lat' dir='ltr'><strong>terram.</strong></span> 
     </span>
    </p>

    <p class='ocr_par' dir='ltr' id='par_1_4' title="bbox 296 3687 1552 3771">
     <span class='ocr_line' id='line_1_30' title="bbox 296 3687 1552 3771; baseline 0.002 -16"><span class='ocrx_word' id='word_1_263' title='bbox 296 3689 581 3756; x_wconf 90' lang='lat' dir='ltr'><strong>Considerandum</strong></span> <span class='ocrx_word' id='word_1_264' title='bbox 596 3699 648 3753; x_wconf 91' lang='lat' dir='ltr'><strong>est</strong></span> <span class='ocrx_word' id='word_1_265' title='bbox 663 3699 775 3752; x_wconf 93' lang='lat' dir='ltr'><strong>tamen</strong></span> <span class='ocrx_word' id='word_1_266' title='bbox 796 3689 849 3753; x_wconf 94' lang='lat' dir='ltr'><strong>hic</strong></span> <span class='ocrx_word' id='word_1_267' title='bbox 864 3688 955 3771; x_wconf 93' lang='lat' dir='ltr'><strong>quod</strong></span> <span class='ocrx_word' id='word_1_268' title='bbox 976 3691 1160 3752; x_wconf 91' lang='lat' dir='ltr'><strong>secundum</strong></span> <span class='ocrx_word' id='word_1_269' title='bbox 1176 3687 1403 3767; x_wconf 90' lang='lat' dir='ltr'><strong>Aristotelem,</strong></span> <span class='ocrx_word' id='word_1_270' title='bbox 1415 3708 1552 3758; x_wconf 66' lang='lat' dir='ltr'><strong>curvatae</strong></span> 
     </span>
    </p>
   </div>
   <div class='ocr_carea' id='block_1_3' title="bbox 253 3774 1564 3877">
    <p class='ocr_par' dir='ltr' id='par_1_5' title="bbox 253 3774 1564 3877">
     <span class='ocr_line' id='line_1_31' title="bbox 253 3774 1564 3877; baseline -0.008 -15"><span class='ocrx_word' id='word_1_271' title='bbox 253 3796 429 3877; x_wconf 85' lang='lat' dir='ltr'><strong>praecipue</strong></span> <span class='ocrx_word' id='word_1_272' title='bbox 445 3795 477 3857; x_wconf 91' lang='lat' dir='ltr'><strong>in</strong></span> <span class='ocrx_word' id='word_1_273' title='bbox 493 3815 578 3858; x_wconf 90' lang='lat' dir='ltr'><strong>nova</strong></span> <span class='ocrx_word' id='word_1_274' title='bbox 594 3793 809 3858; x_wconf 88' lang='lat' dir='ltr'><strong>translatione</strong></span> <span class='ocrx_word' id='word_1_275' title='bbox 819 3793 842 3870; x_wconf 81' lang='lat'><strong>⁵,</strong></span> <span class='ocrx_word' id='word_1_276' title='bbox 858 3795 967 3857; x_wconf 92' lang='lat' dir='ltr'><strong>minor</strong></span> <span class='ocrx_word' id='word_1_277' title='bbox 985 3795 1095 3877; x_wconf 91' lang='lat' dir='ltr'><strong>portio</strong></span> <span class='ocrx_word' id='word_1_278' title='bbox 1111 3792 1223 3857; x_wconf 94' lang='lat' dir='ltr'><strong>circuli</strong></span> <span class='ocrx_word' id='word_1_279' title='bbox 1238 3813 1404 3875; x_wconf 88' lang='lat' dir='ltr'><strong>apparens</strong></span> <span class='ocrx_word' id='word_1_280' title='bbox 1415 3774 1445 3823; x_wconf 71' lang='lat' dir='ltr'><strong>⁰s</strong></span> <span class='ocrx_word' id='word_1_281' title='bbox 1452 3774 1495 3824; x_wconf 64' lang='lat'><strong>“¹⁸</strong></span> <span class='ocrx_word' id='word_1_282' title='bbox 1506 3774 1564 3824; x_wconf 80' lang='lat' dir='ltr'><strong>bow</strong></span> 
     </span>
    </p>
   </div>
   <div class='ocr_carea' id='block_1_4' title="bbox 248 3953 1406 4722">
    <p class='ocr_par' dir='ltr' id='par_1_6' title="bbox 283 3953 1260 4018">
     <span class='ocr_line' id='line_1_32' title="bbox 283 3953 1260 4018; baseline -0.002 -12"><span class='ocrx_word' id='word_1_283' title='bbox 283 3955 292 3986; x_wconf 90' lang='lat'>¹</span> <span class='ocrx_word' id='word_1_284' title='bbox 309 3957 334 4018; x_wconf 92' lang='lat' dir='ltr'><strong>J.</strong></span> <span class='ocrx_word' id='word_1_285' title='bbox 347 3958 394 4006; x_wconf 82' lang='lat' dir='ltr'><strong>has</strong></span> <span class='ocrx_word' id='word_1_286' title='bbox 405 3955 463 4006; x_wconf 82' lang='lat' dir='ltr'><strong>alia.</strong></span> <span class='ocrx_word' id='word_1_287' title='bbox 839 3953 850 3984; x_wconf 86' lang='lat'><strong>¹</strong></span> <span class='ocrx_word' id='word_1_288' title='bbox 865 3955 890 4016; x_wconf 90' lang='lat' dir='ltr'><strong>J.</strong></span> <span class='ocrx_word' id='word_1_289' title='bbox 902 3971 1004 4005; x_wconf 87' lang='lat' dir='ltr'><strong>necnon</strong></span> <span class='ocrx_word' id='word_1_290' title='bbox 1017 3955 1120 4004; x_wconf 82' lang='lat' dir='ltr'><strong>instead</strong></span> <span class='ocrx_word' id='word_1_291' title='bbox 1132 3953 1163 4002; x_wconf 83' lang='lat' dir='ltr'><strong>os</strong></span> <span class='ocrx_word' id='word_1_292' title='bbox 1169 3955 1260 4004; x_wconf 89' lang='lat' dir='ltr'><strong>minor.</strong></span> 
     </span>
    </p>

    <p class='ocr_par' dir='ltr' id='par_1_7' title="bbox 284 4034 534 4096">
     <span class='ocr_line' id='line_1_33' title="bbox 284 4034 534 4096; baseline -0.012 -11"><span class='ocrx_word' id='word_1_293' title='bbox 284 4035 295 4065; x_wconf 82' lang='lat'>⁸</span> <span class='ocrx_word' id='word_1_294' title='bbox 311 4035 336 4096; x_wconf 91' lang='lat' dir='ltr'><strong>J.</strong></span> <span class='ocrx_word' id='word_1_295' title='bbox 348 4049 406 4084; x_wconf 88' lang='lat' dir='ltr'><strong>eum</strong></span> <span class='ocrx_word' id='word_1_296' title='bbox 418 4034 534 4083; x_wconf 89' lang='lat' dir='ltr'><strong>nubibus.</strong></span> 
     </span>
    </p>

    <p class='ocr_par' dir='ltr' id='par_1_8' title="bbox 249 4110 1403 4254">
     <span class='ocr_line' id='line_1_34' title="bbox 283 4110 1403 4174; baseline -0.004 -12"><span class='ocrx_word' id='word_1_297' title='bbox 283 4113 293 4142; x_wconf 75' lang='lat'><strong>⁴</strong></span> <span class='ocrx_word' id='word_1_298' title='bbox 310 4114 377 4162; x_wconf 90' lang='lat' dir='ltr'><strong>illius</strong></span> <span class='ocrx_word' id='word_1_299' title='bbox 388 4113 480 4174; x_wconf 81' lang='lat' dir='ltr'><strong>lineae,</strong></span> <span class='ocrx_word' id='word_1_300' title='bbox 494 4113 534 4161; x_wconf 90' lang='lat' dir='ltr'><strong>i.e.</strong></span> <span class='ocrx_word' id='word_1_301' title='bbox 547 4112 592 4161; x_wconf 89' lang='lat' dir='ltr'><strong>the</strong></span> <span class='ocrx_word' id='word_1_302' title='bbox 604 4112 691 4161; x_wconf 87' lang='lat' dir='ltr'><strong>radius</strong></span> <span class='ocrx_word' id='word_1_303' title='bbox 701 4112 807 4162; x_wconf 85' lang='lat' dir='ltr'><strong>visualis</strong></span> <span class='ocrx_word' id='word_1_304' title='bbox 819 4112 935 4161; x_wconf 88' lang='lat' dir='ltr'><strong>directed</strong></span> <span class='ocrx_word' id='word_1_305' title='bbox 946 4119 973 4161; x_wconf 92' lang='lat' dir='ltr'><strong>to</strong></span> <span class='ocrx_word' id='word_1_306' title='bbox 990 4113 1035 4161; x_wconf 87' lang='lat' dir='ltr'><strong>the</strong></span> <span class='ocrx_word' id='word_1_307' title='bbox 1050 4120 1138 4160; x_wconf 88' lang='lat' dir='ltr'><strong>centre</strong></span> <span class='ocrx_word' id='word_1_308' title='bbox 1154 4111 1184 4159; x_wconf 85' lang='lat' dir='ltr'><strong>oi</strong></span> <span class='ocrx_word' id='word_1_309' title='bbox 1196 4111 1241 4160; x_wconf 89' lang='lat' dir='ltr'><strong>the</strong></span> <span class='ocrx_word' id='word_1_310' title='bbox 1253 4111 1298 4159; x_wconf 87' lang='lat' dir='ltr'><strong>iris</strong></span> <span class='ocrx_word' id='word_1_311' title='bbox 1313 4110 1403 4158; x_wconf 83' lang='lat' dir='ltr'><strong>makes</strong></span> 
     </span>
     <span class='ocr_line' id='line_1_35' title="bbox 249 4188 720 4254; baseline -0.013 -10"><span class='ocrx_word' id='word_1_312' title='bbox 249 4209 283 4244; x_wconf 82' lang='lat' dir='ltr'><strong>an</strong></span> <span class='ocrx_word' id='word_1_313' title='bbox 294 4193 370 4254; x_wconf 78' lang='lat' dir='ltr'><strong>angle</strong></span> <span class='ocrx_word' id='word_1_314' title='bbox 381 4192 444 4240; x_wconf 85' lang='lat' dir='ltr'><strong>with</strong></span> <span class='ocrx_word' id='word_1_315' title='bbox 456 4192 500 4239; x_wconf 90' lang='lat' dir='ltr'><strong>the</strong></span> <span class='ocrx_word' id='word_1_316' title='bbox 512 4191 619 4240; x_wconf 88' lang='lat' dir='ltr'><strong>horizon</strong></span> <span class='ocrx_word' id='word_1_317' title='bbox 632 4190 662 4240; x_wconf 88' lang='lat' dir='ltr'><strong>oi</strong></span> <span class='ocrx_word' id='word_1_318' title='bbox 668 4188 720 4239; x_wconf 80' lang='lat'>21⁰.</span> 
     </span>
    </p>

    <p class='ocr_par' dir='ltr' id='par_1_9' title="bbox 248 4266 1406 4722">
     <span class='ocr_line' id='line_1_36' title="bbox 283 4266 1402 4331; baseline -0.003 -11"><span class='ocrx_word' id='word_1_319' title='bbox 283 4271 365 4320; x_wconf 72' lang='lat' dir='ltr'><strong>&#39;The</strong></span> <span class='ocrx_word' id='word_1_320' title='bbox 380 4271 423 4319; x_wconf 91' lang='lat' dir='ltr'><strong>old</strong></span> <span class='ocrx_word' id='word_1_321' title='bbox 439 4269 589 4319; x_wconf 82' lang='lat' dir='ltr'><strong>translation</strong></span> <span class='ocrx_word' id='word_1_322' title='bbox 606 4284 663 4318; x_wconf 83' lang='lat' dir='ltr'><strong>was</strong></span> <span class='ocrx_word' id='word_1_323' title='bbox 678 4269 803 4331; x_wconf 90' lang='lat' dir='ltr'><strong>probably</strong></span> <span class='ocrx_word' id='word_1_324' title='bbox 814 4269 870 4317; x_wconf 84' lang='lat' dir='ltr'><strong>that</strong></span> <span class='ocrx_word' id='word_1_325' title='bbox 885 4269 916 4317; x_wconf 83' lang='lat' dir='ltr'><strong>os</strong></span> <span class='ocrx_word' id='word_1_326' title='bbox 927 4269 1027 4318; x_wconf 88' lang='lat' dir='ltr'><strong>Gerard</strong></span> <span class='ocrx_word' id='word_1_327' title='bbox 1043 4269 1073 4318; x_wconf 85' lang='lat' dir='ltr'><strong>oi</strong></span> <span class='ocrx_word' id='word_1_328' title='bbox 1085 4268 1223 4326; x_wconf 84' lang='lat' dir='ltr'><strong>Cremona,</strong></span> <span class='ocrx_word' id='word_1_329' title='bbox 1233 4267 1297 4315; x_wconf 88' lang='lat' dir='ltr'><strong>who</strong></span> <span class='ocrx_word' id='word_1_330' title='bbox 1313 4267 1341 4315; x_wconf 88' lang='lat' dir='ltr'><strong>in</strong></span> <span class='ocrx_word' id='word_1_331' title='bbox 1356 4266 1402 4317; x_wconf 87' lang='lat' dir='ltr'><strong>the</strong></span> 
     </span>
     <span class='ocr_line' id='line_1_37' title="bbox 250 4346 1402 4408; baseline -0.004 -8"><span class='ocrx_word' id='word_1_332' title='bbox 250 4349 351 4400; x_wconf 84' lang='lat' dir='ltr'><strong>twellth</strong></span> <span class='ocrx_word' id='word_1_333' title='bbox 379 4355 486 4408; x_wconf 84' lang='lat' dir='ltr'><strong>century</strong></span> <span class='ocrx_word' id='word_1_334' title='bbox 510 4348 650 4397; x_wconf 84' lang='lat' dir='ltr'><strong>translated</strong></span> <span class='ocrx_word' id='word_1_335' title='bbox 673 4349 739 4397; x_wconf 83' lang='lat' dir='ltr'><strong>from</strong></span> <span class='ocrx_word' id='word_1_336' title='bbox 762 4349 807 4396; x_wconf 91' lang='lat' dir='ltr'><strong>the</strong></span> <span class='ocrx_word' id='word_1_337' title='bbox 828 4347 923 4396; x_wconf 83' lang='lat' dir='ltr'><strong>Arabio</strong></span> <span class='ocrx_word' id='word_1_338' title='bbox 950 4348 994 4396; x_wconf 87' lang='lat' dir='ltr'><strong>the</strong></span> <span class='ocrx_word' id='word_1_339' title='bbox 1022 4347 1077 4396; x_wconf 79' lang='lat' dir='ltr'><strong>first</strong></span> <span class='ocrx_word' id='word_1_340' title='bbox 1104 4348 1179 4395; x_wconf 87' lang='lat' dir='ltr'><strong>three</strong></span> <span class='ocrx_word' id='word_1_341' title='bbox 1200 4346 1283 4394; x_wconf 85' lang='lat' dir='ltr'><strong>books</strong></span> <span class='ocrx_word' id='word_1_342' title='bbox 1309 4346 1339 4394; x_wconf 85' lang='lat' dir='ltr'><strong>os</strong></span> <span class='ocrx_word' id='word_1_343' title='bbox 1356 4347 1402 4395; x_wconf 88' lang='lat' dir='ltr'><strong>the</strong></span> 
     </span>
     <span class='ocr_line' id='line_1_38' title="bbox 249 4424 1402 4492; baseline -0.004 -14"><span class='ocrx_word' id='word_1_344' title='bbox 249 4429 440 4492; x_wconf 69' lang='lat' dir='ltr'><strong>Memmlogr&#39;ca.</strong></span> <span class='ocrx_word' id='word_1_345' title='bbox 476 4426 542 4492; x_wconf 86' lang='lat' dir='ltr'><strong>[See</strong></span> <span class='ocrx_word' id='word_1_346' title='bbox 552 4427 679 4487; x_wconf 87' lang='lat' dir='ltr'><strong>Jourdain</strong></span> <span class='ocrx_word' id='word_1_347' title='bbox 697 4425 748 4488; x_wconf 90' lang='lat' dir='ltr'><strong>(ed.</strong></span> <span class='ocrx_word' id='word_1_348' title='bbox 765 4426 821 4481; x_wconf 75' lang='lat' dir='ltr'><strong>citl</strong></span> <span class='ocrx_word' id='word_1_349' title='bbox 838 4441 862 4486; x_wconf 90' lang='lat' dir='ltr'><strong>p.</strong></span> <span class='ocrx_word' id='word_1_350' title='bbox 877 4425 942 4489; x_wconf 75' lang='lat' dir='ltr'><strong>rou]</strong></span> <span class='ocrx_word' id='word_1_351' title='bbox 976 4424 1079 4474; x_wconf 86' lang='lat' dir='ltr'><strong>Whose</strong></span> <span class='ocrx_word' id='word_1_352' title='bbox 1093 4441 1149 4473; x_wconf 88' lang='lat' dir='ltr'><strong>was</strong></span> <span class='ocrx_word' id='word_1_353' title='bbox 1166 4425 1211 4472; x_wconf 92' lang='lat' dir='ltr'><strong>the</strong></span> <span class='ocrx_word' id='word_1_354' title='bbox 1228 4439 1288 4471; x_wconf 87' lang='lat' dir='ltr'><strong>new</strong></span> <span class='ocrx_word' id='word_1_355' title='bbox 1299 4424 1402 4473; x_wconf 81' lang='lat' dir='ltr'><strong>version</strong></span> 
     </span>
     <span class='ocr_line' id='line_1_39' title="bbox 248 4501 1406 4570; baseline -0.004 -13"><span class='ocrx_word' id='word_1_356' title='bbox 248 4508 313 4557; x_wconf 88' lang='lat' dir='ltr'><strong>here</strong></span> <span class='ocrx_word' id='word_1_357' title='bbox 330 4507 430 4570; x_wconf 87' lang='lat' dir='ltr'><strong>spoken</strong></span> <span class='ocrx_word' id='word_1_358' title='bbox 448 4505 484 4566; x_wconf 86' lang='lat' dir='ltr'><strong>oi,</strong></span> <span class='ocrx_word' id='word_1_359' title='bbox 498 4505 521 4554; x_wconf 88' lang='lat' dir='ltr'><strong>is</strong></span> <span class='ocrx_word' id='word_1_360' title='bbox 538 4520 609 4553; x_wconf 88' lang='lat' dir='ltr'><strong>more</strong></span> <span class='ocrx_word' id='word_1_361' title='bbox 626 4503 755 4561; x_wconf 78' lang='lat' dir='ltr'><strong>doubtiu13</strong></span> <span class='ocrx_word' id='word_1_362' title='bbox 776 4503 903 4566; x_wconf 81' lang='lat' dir='ltr'><strong>probably</strong></span> <span class='ocrx_word' id='word_1_363' title='bbox 918 4505 974 4553; x_wconf 89' lang='lat' dir='ltr'><strong>that</strong></span> <span class='ocrx_word' id='word_1_364' title='bbox 991 4503 1021 4552; x_wconf 85' lang='lat' dir='ltr'><strong>oi</strong></span> <span class='ocrx_word' id='word_1_365' title='bbox 1034 4503 1150 4551; x_wconf 82' lang='lat' dir='ltr'><strong>William</strong></span> <span class='ocrx_word' id='word_1_366' title='bbox 1167 4502 1197 4550; x_wconf 89' lang='lat' dir='ltr'><strong>oi</strong></span> <span class='ocrx_word' id='word_1_367' title='bbox 1211 4501 1360 4563; x_wconf 81' lang='lat' dir='ltr'><strong>Moerbeke,</strong></span> <span class='ocrx_word' id='word_1_368' title='bbox 1375 4503 1406 4552; x_wconf 83' lang='lat' dir='ltr'><strong>of</strong></span> 
     </span>
     <span class='ocr_line' id='line_1_40' title="bbox 248 4581 1403 4644; baseline -0.003 -8"><span class='ocrx_word' id='word_1_369' title='bbox 248 4588 338 4636; x_wconf 82' lang='lat' dir='ltr'><strong>whom</strong></span> <span class='ocrx_word' id='word_1_370' title='bbox 351 4586 396 4634; x_wconf 92' lang='lat' dir='ltr'><strong>the</strong></span> <span class='ocrx_word' id='word_1_371' title='bbox 409 4584 513 4634; x_wconf 84' lang='lat' dir='ltr'><strong>Slavian</strong></span> <span class='ocrx_word' id='word_1_372' title='bbox 529 4583 670 4641; x_wconf 89' lang='lat' dir='ltr'><strong>chronlcle,</strong></span> <span class='ocrx_word' id='word_1_373' title='bbox 681 4582 778 4644; x_wconf 90' lang='lat' dir='ltr'><strong>quoted</strong></span> <span class='ocrx_word' id='word_1_374' title='bbox 790 4582 824 4643; x_wconf 85' lang='lat' dir='ltr'><strong>by</strong></span> <span class='ocrx_word' id='word_1_375' title='bbox 835 4582 850 4641; x_wconf 95' lang='lat' dir='ltr'>J</span> <span class='ocrx_word' id='word_1_376' title='bbox 854 4583 969 4642; x_wconf 84' lang='lat' dir='ltr'><strong>ourdain,</strong></span> <span class='ocrx_word' id='word_1_377' title='bbox 982 4597 1007 4644; x_wconf 89' lang='lat' dir='ltr'><strong>p.</strong></span> <span class='ocrx_word' id='word_1_378' title='bbox 1019 4584 1061 4642; x_wconf 77' lang='lat'><strong>67,</strong></span> <span class='ocrx_word' id='word_1_379' title='bbox 1073 4596 1143 4642; x_wconf 84' lang='lat' dir='ltr'><strong>says,</strong></span> <span class='ocrx_word' id='word_1_380' title='bbox 1157 4581 1301 4630; x_wconf 79' lang='lat' dir='ltr'><strong>‘transtulit</strong></span> <span class='ocrx_word' id='word_1_381' title='bbox 1312 4597 1403 4632; x_wconf 76' lang='lat' dir='ltr'><strong>omnes</strong></span> 
     </span>
     <span class='ocr_line' id='line_1_41' title="bbox 248 4661 1404 4722; baseline -0.005 -6"><span class='ocrx_word' id='word_1_382' title='bbox 248 4665 327 4716; x_wconf 80' lang='lat' dir='ltr'><strong>ubres</strong></span> <span class='ocrx_word' id='word_1_383' title='bbox 343 4664 492 4714; x_wconf 86' lang='lat' dir='ltr'><strong>Aristotelis</strong></span> <span class='ocrx_word' id='word_1_384' title='bbox 515 4663 548 4712; x_wconf 86' lang='lat' dir='ltr'><strong>de</strong></span> <span class='ocrx_word' id='word_1_385' title='bbox 571 4661 673 4712; x_wconf 84' lang='lat' dir='ltr'><strong>Graeco</strong></span> <span class='ocrx_word' id='word_1_386' title='bbox 689 4661 716 4710; x_wconf 86' lang='lat' dir='ltr'><strong>in</strong></span> <span class='ocrx_word' id='word_1_387' title='bbox 735 4661 863 4719; x_wconf 88' lang='lat' dir='ltr'><strong>Latinum,</strong></span> <span class='ocrx_word' id='word_1_388' title='bbox 880 4661 986 4710; x_wconf 87' lang='lat' dir='ltr'><strong>verbum</strong></span> <span class='ocrx_word' id='word_1_389' title='bbox 1003 4676 1038 4710; x_wconf 87' lang='lat' dir='ltr'><strong>ex</strong></span> <span class='ocrx_word' id='word_1_390' title='bbox 1054 4661 1144 4721; x_wconf 86' lang='lat' dir='ltr'><strong>verbo,</strong></span> <span class='ocrx_word' id='word_1_391' title='bbox 1162 4676 1212 4722; x_wconf 86' lang='lat' dir='ltr'><strong>qua</strong></span> <span class='ocrx_word' id='word_1_392' title='bbox 1234 4661 1404 4711; x_wconf 85' lang='lat' dir='ltr'><strong>translatione</strong></span> 
     </span>
    </p>
   </div>
   <div class='ocr_carea' id='block_1_5' title="bbox 795 4759 857 4809">
    <p class='ocr_par' dir='ltr' id='par_1_10' title="bbox 795 4759 857 4809">
     <span class='ocr_line' id='line_1_42' title="bbox 795 4759 857 4809; baseline 0 0"><span class='ocrx_word' id='word_1_393' title='bbox 795 4759 857 4809; x_wconf 78' lang='lat' dir='ltr'><strong>Na</strong></span> 
     </span>
    </p>
   </div>
   <div class='ocr_carea' id='block_1_6' title="bbox 0 0 1776 5359">
    <p class='ocr_par' dir='ltr' id='par_1_11' title="bbox 0 0 1776 5359">
     <span class='ocr_line' id='line_1_43' title="bbox 0 0 1776 5359; baseline 0 2"><span class='ocrx_word' id='word_1_394' title='bbox 0 0 1776 5359; x_wconf 95' lang='lat' dir='ltr'><strong> </strong></span> 
     </span>
    </p>
   </div>
  </div>
 </body>
</html>
