3542 5359
512 588 627 648 PARS
656 586 832 647 TERTIA:
868 587 958 647 CAP.
984 588 1026 647 II.
1284 605 1345 667 509

198 747 282 811 redit
312 749 403 829 quod
433 747 554 811 dicitur
580 768 603 811 a
630 747 740 831 vulgo,
765 749 857 831 quod
890 749 1016 830 species
1046 770 1111 813 non
1142 748 1244 814 habet
1273 770 1346 814 esse

198 851 375 929 materiale,
398 853 487 933 quod
511 852 677 916 materiale
698 862 836 916 vocatur
858 852 912 915 hic
939 853 1116 937 corporale,
1139 864 1173 917 et
1201 856 1247 919 sic
1273 864 1344 931 est;

197 966 231 1020 et
245 958 321 1020 ideo
337 956 454 1019 salsum
470 966 520 1020 est
536 957 625 1021 Istud
639 957 723 1021 sicut
739 957 837 1030 aliud,
849 956 972 1021 scilicet
985 958 1074 1039 quod
1091 958 1210 1022 dicitur
1224 959 1346 1023 habere

198 1080 269 1125 esse
288 1060 467 1142 spirituale,
485 1072 519 1124 et
541 1061 645 1143 magis
666 1058 794 1125 salsum.
841 1059 1008 1143 Quoniam
1025 1062 1160 1144 angelus
1176 1073 1209 1127 et
1228 1063 1346 1139 anima,

198 1165 277 1241 licet
287 1166 351 1228 sint
367 1165 570 1230 substantiae
585 1165 776 1249 spirituales,
792 1175 903 1229 tamen
920 1166 1044 1230 habent
1064 1188 1135 1231 esse
1151 1168 1183 1229 ln
1199 1168 1346 1241 materia,

198 1271 275 1351 quia
294 1278 371 1333 sunt
388 1271 595 1353 compositae
613 1290 658 1333 ex
675 1290 753 1333 vera
773 1269 880 1333 forma
896 1280 930 1333 et
949 1290 1027 1333 vera
1047 1273 1193 1348 materia,
1208 1281 1245 1334 ut
1261 1292 1347 1334 nunc

199 1394 362 1456 suppono,
386 1383 421 1437 et
441 1374 601 1457 probatur
622 1372 799 1453 inferius¹;
825 1394 928 1462 quare
951 1375 1057 1437 multo
1081 1376 1184 1457 magis
1211 1374 1349 1439 habebit

198 1479 325 1561 species
351 1498 423 1542 esse
449 1477 627 1543 materiale.
674 1478 768 1542 Idem
794 1478 943 1542 educitur
969 1478 1012 1541 de
1038 1480 1186 1561 potentia
1212 1480 1350 1543 materia
1430 1522 1433 1528 -

199 1583 314 1656 activa,
330 1603 433 1664 quare
451 1604 523 1647 esse
542 1582 710 1647 materiale
730 1582 842 1646 habet.
889 1583 974 1647 Item
994 1585 1170 1667 probatum
1191 1594 1242 1647 est
1261 1585 1350 1666 prius

199 1689 290 1770 quod
308 1687 434 1769 species
454 1688 657 1751 substantiae
672 1688 854 1769 corporalis
872 1700 924 1753 est
943 1688 1124 1753 similitudo
1139 1688 1240 1751 totius
1261 1708 1350 1750 com-

201 1792 307 1873 positi,
323 1802 356 1854 et
379 1792 469 1872 quod
491 1810 557 1854 non
578 1800 753 1854 renovatur
775 1791 809 1853 in
828 1792 938 1856 medio
956 1812 1027 1856 esse
1050 1791 1188 1855 formale
1210 1800 1351 1865 tantum,

201 1917 277 1962 cum
303 1898 428 1979 species
454 1906 640 1978 generatur,
662 1896 721 1959 sed
748 1916 821 1959 esse
848 1897 1029 1975 materiale,
1052 1906 1085 1961 et
1110 1918 1189 1961 vera
1216 1896 1352 1960 materia

201 2002 263 2065 sub
289 2021 362 2065 esse
387 2000 595 2081 incompleto.
641 1998 855 2084 Quapropter
884 2000 1012 2065 insania
1038 2010 1089 2064 est
1119 2002 1235 2075 dicere,
1262 2000 1354 2081 quod

202 2106 326 2188 species
352 2125 419 2168 non
449 2104 552 2168 habet
577 2125 651 2167 esse
681 2103 859 2168 materiale.
906 2104 992 2166 Item
1024 2113 1075 2167 est
1104 2103 1212 2167 simile
1241 2104 1353 2186 agenti

203 2210 335 2273 nomine
357 2218 391 2271 et
413 2208 623 2285 definitione;
646 2228 726 2290 ergo
748 2208 850 2271 habet
869 2227 941 2271 esse
964 2208 1140 2283 materiale,
1156 2208 1240 2271 sicut
1262 2206 1353 2270 illud.

205 2314 291 2377 Item
313 2323 364 2376 est
386 2314 475 2375 idern
499 2313 532 2375 in
554 2312 696 2375 essentia
717 2331 792 2375 curn
816 2310 936 2375 effectu
957 2312 1124 2394 completo
1140 2312 1230 2394 quod
1252 2310 1354 2374 habet

204 2438 276 2480 esse
294 2415 451 2479 naturale.
499 2415 583 2478 Item
608 2425 742 2497 propter
763 2416 971 2480 nobilitatem
994 2417 1182 2499 generantis
1205 2424 1354 2497 respectu

204 2519 351 2603 generati
394 2529 584 2602 sequeretur
623 2522 714 2601 quod
755 2520 890 2601 aliquod
928 2518 1116 2601 spirituale²
1145 2523 1239 2585 daret
1284 2539 1355 2582 esse

204 2624 373 2707 spirituale
388 2623 520 2706 speciei.
566 2619 633 2687 Sed
649 2643 715 2687 non
731 2633 843 2706 potest
859 2623 921 2687 hoc
936 2624 1012 2689 dici.

249 2727 417 2811 Quoniam
447 2727 547 2810 igitur
582 2728 669 2791 istud
699 2749 767 2792 non
799 2738 910 2811 potest
943 2728 1061 2791 salvari
1091 2728 1202 2810 aliquo
1230 2728 1355 2812 judicio
1371 2744 1510 2793 Enoneous

205 2834 350 2910 rationis,
377 2853 437 2895 nec
464 2832 562 2895 etiam
588 2832 690 2896 habet
718 2833 988 2915 probabilitatem
1018 2833 1173 2915 aliquam,
1200 2844 1238 2897 ut
1264 2843 1356 2915 patet
1370 2826 1428 2860 Μ’

204 2937 327 3001 homini
349 2936 472 3000 volenti
496 2936 662 3000 dimittere
683 2937 860 3001 stultitiam
883 2937 984 3021 vulgi,
1008 2946 1041 3000 et
1063 2939 1157 3019 sequi
1186 2938 1356 3014 rationem,
1371 2876 1524 2991 Ihm-on

205 3044 282 3106 ideo
308 3040 461 3105 absolute
486 3038 618 3114 definio,
645 3042 737 3122 quod
764 3041 890 3123 species
917 3042 961 3105 rei
992 3042 1172 3124 corporalis
1202 3052 1251 3105 est
1282 3063 1358 3104 vere
1369 3006 1518 3121 ffi‘ffl

205 3143 393 3229 corporalis,
420 3155 454 3209 et
479 3142 581 3206 habet
607 3165 679 3208 esse
704 3166 782 3208 vere
808 3146 990 3227 corporale,
1015 3159 1053 3211 ut
1079 3147 1271 3229 expositum
1299 3155 1359 3224 est,
1371 3138 1471 3251 ¹359?-
1492 3202 1504 3249 1

206 3251 383 3332 praecipue
398 3262 436 3312 ut
451 3258 502 3313 est
514 3249 548 3312 iu
564 3269 709 3331 corpore,
721 3252 763 3313 de
779 3250 872 3331 cujus
888 3252 1034 3333 potentia
1046 3251 1206 3315 educitur.
1239 3252 1358 3314 Postea
1371 3211 1512 3329 ugllllly

205 3376 285 3419 vero
300 3356 481 3437 inquiretur
495 3354 539 3416 de
553 3354 727 3437 speciebus
742 3373 849 3418 rerum
866 3356 1096 3436 spIritualium,
1109 3365 1146 3419 ut
1161 3366 1237 3419 sunt
1249 3356 1358 3419 anima
1371 3334 1410 3449 {⁰¹
1422 3340 1526 3447 'V'pf'2

206 3469 241 3523 et
264 3459 480 3543 intelligentia
497 3467 531 3522 et
546 3478 646 3521 causa
670 3460 788 3540 prima,
802 3457 947 3541 qualiter
961 3478 997 3520 se
1019 3458 1163 3523 habeant
1186 3460 1240 3522 ibi.
1287 3460 1359 3522 Nec

207 3573 259 3627 est
274 3563 398 3645 aliquid
414 3572 530 3626 contra
545 3562 627 3626 illud
642 3563 705 3625 uisi
718 3563 806 3625 mala
818 3564 992 3627 translatio
1002 3564 1177 3627 verborum
1192 3563 1360 3640 Averrois

209 3667 410 3743 Avicennae,
422 3676 456 3730 et
470 3666 672 3730 Aristotelis.
712 3666 843 3729 Scimus
857 3668 992 3747 quidem
1004 3667 1093 3749 quod
1112 3668 1361 3731 innumerabilia

208 3779 286 3834 sunt
308 3770 351 3833 ad
375 3770 503 3833 literam
525 3790 638 3833 eorum
664 3789 750 3851 quae
772 3772 934 3834 sustinere
961 3790 1027 3833 non
1056 3790 1242 3853 possumus,
1288 3771 1360 3835 Nec

208 3877 310 3938 etiam
325 3873 444 3955 vulgus
453 3873 650 3935 naturalium
662 3883 796 3955 propter
808 3872 976 3937 horrorem
988 3873 1060 3937 falsi
1072 3874 1164 3957 cupit
1179 3874 1340 3937 sustinere
1353 3895 1361 3950 ;

208 3980 268 4042 sed
295 3986 429 4059 oportet
458 3976 667 4057 interpretari
694 3985 728 4039 et
757 3977 880 4060 exponi
907 3978 939 4040 in
970 3977 1096 4057 melius,
1122 3976 1214 4059 cujus
1244 3998 1362 4041 causae

209 4085 310 4147 datae
344 4093 421 4144 sunt
449 4101 470 4144 a
499 4081 670 4164 principio.
717 4081 762 4144 Et
793 4082 869 4145 ideo
899 4082 989 4163 quod
1020 4082 1192 4145 translatio
1221 4082 1363 4164 imponit

209 4187 368 4251 Averrois
386 4186 419 4249 in
433 4186 517 4249 libro
532 4187 576 4249 de
590 4184 698 4250 Sensu
713 4195 748 4249 et
766 4184 918 4263 Sensato‚
933 4195 967 4249 et
982 4205 1081 4268 super
1096 4185 1213 4249 librum
1229 4184 1362 4249 Aristo-

244 4336 253 4366 ¹
271 4336 302 4384 ln
315 4334 426 4384 Bacon’s
439 4334 606 4384 ‘Communia
618 4335 775 4384 Naturalium
784 4333 791 4354 '
801 4335 846 4383 the
860 4334 1007 4383 distInction
1023 4334 1143 4383 between
1157 4334 1276 4382 different
1288 4334 1364 4382 kinds

210 4415 242 4465 os
254 4422 347 4464 matter
363 4414 477 4474 running
491 4413 597 4475 parallel
614 4421 641 4462 to
657 4416 703 4463 the
719 4414 869 4463 distinction
885 4413 1009 4461 between
1026 4412 1147 4461 different
1161 4412 1237 4459 kinds
1254 4412 1284 4459 oi
1299 4412 1363 4460 form

211 4496 234 4544 is
246 4493 371 4553 caresulty
383 4492 539 4541 elaborated.
572 4491 625 4540 See
637 4492 821 4541 Introduction.

244 4570 255 4599 ²
272 4572 416 4634 corporale,
423 4570 455 4621 D.
463 4571 515 4619 and
523 4569 556 4619 0.
579 4569 630 4619 But
636 4570 767 4631 spirituale
777 4570 851 4618 isthe
860 4568 968 4630 reading
975 4567 1005 4617 os
1013 4568 1087 4629 Rem,
1097 4567 1148 4615 and
1156 4567 1179 4615 is
1187 4566 1365 4629 undoubtedly

212 4651 290 4713 rIght
325 4650 405 4711 Eight
417 4649 485 4698 lines
496 4648 605 4708 further,
615 4648 642 4708 J.
654 4648 703 4697 lura
714 4646 894 4711 corporalium,
906 4646 1035 4709 wrougly‚
1046 4644 1087 4694 ior
1097 4644 1276 4708 spiritualium.
