3542 5359
332 631 658 690 PERSPECYIVAE
683 631 797 690 PARS
822 630 1046 690 SECUNDA:
1079 632 1189 690 DIST.
1216 632 1273 690 ΙΙΙ.
1351 647 1406 690 121

256 807 291 860 et
310 796 457 860 maxime
475 795 610 878 quando
632 805 682 859 est
705 795 737 860 in
760 795 888 859 oriente
909 805 945 860 et
967 816 1081 878 prope.
1127 794 1230 876 Cujus
1253 795 1338 859 ratio
1358 806 1409 860 est

256 901 334 982 quia
349 899 403 962 hic
421 908 545 963 tremor
561 920 626 963 non
646 910 696 963 est
717 911 828 964 motus
850 897 1098 978 scintillationis,
1113 901 1171 963 sed
1193 899 1335 963 debilior
1356 921 1408 964 eo.

257 1003 391 1068 Fortior
406 1002 495 1066 enim
511 1014 638 1068 tremor
654 1005 825 1086 requiritur
839 1004 882 1067 ad
897 1002 1173 1082 scintillationem,
1189 1023 1250 1067 nec
1271 1014 1323 1068 est
1344 1004 1407 1067 nisi

256 1107 289 1170 in
313 1107 483 1172 horizonte
501 1108 553 1172 vel
570 1127 694 1191 prope;
717 1109 775 1171 sed
792 1106 906 1170 stellae
928 1107 1145 1172 scintillantes
1167 1116 1313 1172 tremunt
1337 1109 1407 1171 ubi-

255 1232 330 1294 que.
392 1211 493 1294 Quod
524 1222 637 1275 autern
670 1211 784 1275 Venus
814 1222 848 1275 et
879 1213 1061 1276 Mercurius
1090 1232 1193 1296 prope
1228 1222 1339 1275 ortum
1374 1224 1408 1277 et

255 1335 410 1379 occasum
426 1315 666 1397 aliquantulum
683 1326 824 1380 tremere
839 1317 1001 1393 videntur,
1016 1325 1053 1380 ut
1074 1316 1278 1399 experientia
1300 1317 1408 1396 docet,

255 1439 324 1482 non
340 1430 511 1503 reputatur
525 1420 723 1494 scintillatio,
739 1421 818 1503 quia
838 1421 989 1485 modicus
1009 1429 1069 1498 est,
1084 1430 1118 1483 et
1140 1440 1206 1483 non
1229 1418 1267 1484 fit
1289 1421 1352 1483 nisi
1375 1421 1408 1484 in

255 1521 318 1586 illis
334 1524 423 1586 locis.
470 1524 570 1588 Unde
586 1524 638 1586 hic
654 1535 777 1588 tremor
792 1525 825 1587 in
843 1525 915 1589 sole
933 1533 968 1587 et
988 1524 1021 1586 in
1044 1525 1114 1587 istis
1134 1535 1272 1608 propter
1291 1524 1408 1588 debili·

254 1637 359 1691 tatem
390 1628 440 1691 sui
472 1647 538 1690 non
569 1627 671 1692 habet
698 1629 899 1692 evidentiam
925 1638 1076 1712 respectu
1106 1628 1349 1693 scintillationis
1374 1629 1407 1691 in

255 1731 359 1796 stellis
375 1731 461 1808 fixis,
476 1751 537 1795 nec
554 1732 591 1794 fit
614 1733 737 1816 ubique
759 1733 791 1796 in
816 1733 910 1796 coelo
931 1733 1016 1797 sicut
1040 1733 1073 1795 in
1096 1734 1164 1811 eis;
1186 1745 1220 1796 et
1244 1733 1319 1796 ideo
1341 1753 1408 1797 non

255 1845 492 1920 computantur
522 1847 681 1900 tremores
710 1838 764 1900 isti
795 1837 878 1900 inter
907 1836 1165 1901 scintillationes.
1226 1835 1293 1900 Sed
1331 1857 1406 1900 curn

255 1938 388 2023 longior
403 1940 492 2003 orbis
508 1939 642 2004 Saturni
663 1942 704 2004 sit
725 1941 872 2024 aequalis
891 1940 1084 2004 remotionis
1106 1960 1182 2003 cum
1201 1939 1303 2004 stellis
1322 1940 1407 2018 fixis,

255 2053 334 2107 tunc
351 2041 515 2107 Saturnus
530 2045 665 2125 quando
682 2054 732 2108 est
753 2045 785 2106 in
809 2065 868 2107 sua
891 2045 1032 2128 longiori
1055 2043 1262 2127 longitudine
1283 2046 1408 2108 scintil-

255 2146 339 2211 labit
362 2157 499 2230 propter
520 2148 721 2226 distantiam,
744 2150 829 2212 sicut
851 2147 966 2214 stellae
990 2148 1098 2211 fixae:
1120 2149 1184 2211 hoc
1206 2159 1318 2211 autem
1341 2169 1406 2211 non

253 2250 414 2314 videmus.
462 2249 507 2314 Et
534 2261 646 2334 potest
673 2253 746 2328 dici,
772 2252 862 2333 quod
894 2271 970 2316 cum
1000 2251 1181 2334 spissitudo
1205 2251 1339 2316 Saturni
1365 2254 1408 2316 sit

256 2371 373 2436 29,240
396 2353 553 2432 milliaria,
575 2365 613 2418 ut
636 2366 730 2437 patet
752 2377 795 2420 ex
820 2356 911 2438 prius
931 2354 1106 2420 declaratis
1128 2358 1162 2420 in
1184 2355 1235 2420 his
1257 2377 1342 2439 quae
1365 2357 1407 2420 de

254 2458 459 2524 arithmetica
483 2468 574 2523 tacta
599 2470 685 2533 sunt,
710 2461 923 2544 propinquior
945 2461 1042 2526 nobis
1064 2471 1115 2527 est
1137 2482 1196 2543 per
1218 2461 1406 2544 hujusmodi

254 2563 476 2644 quantitatem
507 2583 607 2645 quam
634 2563 749 2628 stellae
777 2564 874 2642 fixae,
902 2576 936 2629 et
961 2565 1036 2629 ideo
1063 2566 1220 2630 distantia
1246 2565 1318 2648 ejus
1341 2586 1407 2630 non

254 2675 358 2730 tanta.

301 2770 474 2835 Praeterea
496 2771 556 2835 lux
579 2773 707 2837 intensa
726 2783 759 2837 et
780 2775 863 2838 bene
881 2773 1043 2838 sensibilis
1062 2775 1207 2856 exigitur
1228 2776 1259 2837 in
1283 2795 1317 2837 re
1338 2775 1406 2839 visa
1421 2792 1444 2838 Α
1456 2793 1548 2842 certain

255 2876 299 2938 ad
315 2875 378 2939 hoc
393 2877 482 2959 quod
499 2877 665 2952 scintillet,
685 2898 724 2941 eo
739 2878 828 2960 quod
847 2879 978 2942 videtur
993 2878 1153 2961 projicere
1171 2878 1283 2959 jacula
1305 2879 1386 2942 lucis
1399 2900 1407 2957 ;
1420 2856 1459 2970 ξξὶ
1472 2856 1554 2985 hang}

255 2979 344 3043 uude
371 2980 538 3046 Averroes
569 2982 658 3060 dicit,
681 2985 772 3064 quod
794 2983 843 3046 sol
867 2983 969 3046 habet
993 2982 1083 3044 illum
1113 2995 1252 3054 motum,
1274 2983 1316 3044 de
1340 3003 1408 3065 quo
1421 2989 1541 3051 required.

255 3085 382 3148 dictum
398 3096 448 3148 est
464 3087 620 3169 superius,
637 3084 812 3170 plusquam
835 3087 891 3150 alii
914 3088 1076 3170 planetae,
1091 3098 1226 3170 propter
1246 3085 1407 3170 fulgorem

254 3190 306 3252 sui
333 3189 475 3252 luminis.
522 3191 567 3254 Et
596 3191 624 3254 si
651 3192 782 3255 dicatur
810 3193 903 3274 quod
933 3212 1000 3255 non
1030 3211 1146 3254 omnes
1176 3190 1292 3255 stellae
1321 3192 1410 3256 fixae

254 3293 537 3374 scintillantem
557 3305 670 3359 tamen
693 3296 768 3380 plus
783 3297 907 3361 distent
921 3317 1021 3379 quam
1038 3295 1190 3380 planetae
1205 3319 1213 3374 ;
1232 3296 1409 3360 dicendum

254 3407 305 3462 est
332 3398 421 3479 quod
446 3397 522 3460 illae
544 3418 630 3479 quae
653 3401 794 3483 majores
816 3412 893 3465 sunt
916 3411 951 3465 et
974 3400 1049 3484 plus
1072 3400 1196 3465 habent
1219 3403 1261 3464 de
1284 3401 1409 3465 lumine

254 3500 435 3565 scintillant
457 3503 679 3567 abundantius
702 3525 804 3586 quam
826 3505 944 3569 stellae
966 3506 1061 3570 aliae.
1108 3505 1208 3570 Unde
1226 3507 1269 3569 ad
1285 3507 1409 3570 scintil-

256 3606 415 3669 lationem
431 3607 607 3688 requiritur
622 3607 780 3690 splendor
794 3609 968 3687 sufficiens,
979 3631 1019 3674 eo
1034 3612 1124 3693 quod
1139 3610 1223 3673 visio
1236 3610 1409 3674 manifesta

256 3719 291 3774 et
306 3711 468 3776 sensibilis
482 3713 603 3776 accidit
623 3713 656 3775 in
672 3713 913 3778 scintillatione.
959 3713 995 3779 Si
1018 3735 1097 3779 vero
1119 3715 1302 3797 objiciatur,
1317 3717 1408 3796 quod

257 3815 316 3878 lux
337 3814 415 3879 solis
438 3827 471 3880 et
493 3816 662 3881 stellarum
686 3829 737 3882 cst
757 3819 870 3882 sortior
892 3830 926 3884 et
948 3819 1150 3904 splendidior
1172 3823 1308 3903 quando
1331 3833 1409 3886 sunt

257 3920 291 3982 in
311 3921 445 3984 meridie
460 3941 561 4003 quam
582 3924 716 4004 quando
736 3934 813 3988 sunt
833 3924 867 3987 in
892 3924 1070 4001 horizonte,
1084 3926 1162 4008 quia
1184 3934 1263 3989 tunc
1286 3927 1409 3990 cadunt

256 4025 339 4087 radii
360 4023 530 4088 stellarum
559 4028 665 4110 magis
684 4029 726 4091 ad
748 4028 889 4109 angulos
914 4039 1030 4106 rectos,
1053 4027 1176 4111 quare¹
1201 4040 1281 4092 tunc
1303 4031 1410 4113 magis

255 4138 396 4210 apparet
422 4138 547 4193 tremor
571 4131 603 4194 in
627 4131 686 4209 eis,
711 4131 738 4194 si
765 4131 956 4214 hujusmodi
980 4132 1136 4216 splendor
1165 4134 1349 4215 requiritur,
1375 4145 1409 4198 et

255 4244 413 4316 operatur
434 4235 476 4297 ad
500 4234 786 4312 scintillationem3
811 4237 989 4301 dicendum
1012 4247 1075 4315 est,
1090 4237 1179 4318 quod
1202 4239 1288 4300 sicut
1310 4239 1407 4301 dimi-

255 4350 357 4403 nutus
379 4337 536 4422 splendor
558 4360 625 4404 non
648 4341 769 4406 sufficit
790 4343 832 4405 ad
856 4339 1132 4416 scintillationem,
1154 4343 1202 4403 sic
1223 4340 1409 4423 superfluus

290 4501 297 4529 ¹
315 4504 339 4566 J.
352 4505 400 4554 has
411 4521 487 4568 quam
498 4513 569 4568 tunc,
580 4507 667 4556 which
685 4509 707 4557 is
724 4508 919 4571 unintelligible.
953 4508 1010 4557 The
1028 4508 1134 4568 reading
1150 4507 1176 4554 in
1189 4507 1233 4554 the
1249 4507 1338 4554 textis
1354 4506 1408 4555 that

253 4582 286 4634 ol
305 4583 371 4646 Reg.
417 4585 446 4634 ln
467 4586 512 4634 the
530 4601 601 4636 nme
621 4593 754 4650 sentence,
776 4589 828 4637 and
846 4604 880 4638 on
895 4588 940 4637 the
963 4603 1034 4636 same
1057 4586 1198 4646 authority,
1218 4586 1256 4634 sic
1275 4585 1324 4634 has
1341 4585 1407 4633 been

252 4663 411 4714 substituted
423 4665 463 4714 lor
474 4666 543 4715 sicut
551 4665 640 4716 before
651 4669 804 4730 superfluus.
