3542 5359
536 621 736 682 SCIENTIA
764 621 1155 680 EXPERIMENTALIS.
1369 613 1428 689 169

273 785 319 849 Et
343 794 474 868 praeter
501 786 564 849 ista
588 795 736 850 castorea
763 783 864 850 habet
892 806 963 848 mas
989 806 1048 848 sua
1073 783 1263 848 testimonia
1292 781 1324 844 in
1351 780 1426 843 loco

270 889 431 964 naturali;
457 900 491 953 et
514 891 590 954 ideo
610 890 700 972 quod
723 889 924 953 subinfertur
942 899 994 954 est
1014 889 1221 953 mendacium
1240 883 1395 950 horribile
1404 881 1425 962 ¹,

270 993 395 1058 scili'cet
430 994 564 1077 quando
599 994 661 1076 ipsi
691 1002 865 1058 venatores
900 994 1118 1076 insequuntur
1152 1003 1325 1069 castorem,
1355 990 1426 1071 ipse

271 1099 378 1163 sciens
407 1099 486 1182 quid
518 1107 678 1181 quaerant
708 1098 864 1162 dentibus
893 1099 1056 1162 abscindit
1085 1108 1242 1161 castorea.
1294 1093 1427 1158 Deinde

271 1202 443 1286 vulgatum
460 1213 520 1281 est,
536 1203 625 1285 quod
640 1223 727 1285 aqua
743 1203 850 1266 calida
869 1203 965 1266 citius
982 1202 1174 1286 congelatur
1188 1220 1289 1282 quam
1306 1197 1426 1280 frigida

273 1307 306 1370 in
331 1307 428 1386 vasis,
451 1318 484 1371 et
511 1308 657 1390 arguitur
681 1308 725 1370 ad
748 1307 811 1370 hoc
835 1308 926 1389 quod
952 1306 1151 1371 contrarium
1176 1306 1342 1370 excitatur
1368 1321 1427 1384 per

272 1413 481 1488 contrarium,
497 1411 581 1476 sicut
597 1411 717 1475 inimici
734 1411 794 1474 sibi
811 1411 994 1475 obviantes.
1044 1410 1112 1476 Sed
1128 1420 1254 1474 certum
1269 1406 1425 1489 estquod

272 1534 359 1598 aqua
382 1514 500 1598 frigida
523 1516 620 1579 citius
642 1515 836 1598 congelatur
858 1515 1053 1599 experienti.
1101 1515 1146 1578 Et
1166 1515 1341 1595 imponunt
1363 1511 1426 1574 hoc

274 1618 449 1684 Aristoteli
459 1622 605 1684 secundo
617 1619 953 1701 Meteorologicorum
964 1616 977 1655 ²
989 1641 997 1698 ;
1020 1621 1080 1684 sed
1092 1640 1152 1703 pro
1164 1627 1256 1682 certo
1267 1636 1333 1681 uon
1345 1615 1426 1679 dicit

272 1711 418 1811 hoc‚'sed
438 1723 544 1788 simile
559 1723 701 1787 affirmat
715 1743 783 1804 quo
798 1724 931 1807 decepti
951 1733 1037 1800 sunt,
1052 1723 1176 1787 scilicet
1192 1721 1282 1804 quod
1298 1721 1325 1782 si
1341 1740 1428 1802 aqua

273 1825 392 1911 frigida
422 1835 456 1891 et
485 1826 592 1891 calida
618 1827 830 1891 infundantur
856 1829 889 1890 in
920 1827 1031 1892 locum
1064 1826 1228 1909 frigidum,
1259 1834 1297 1888 ut
1329 1843 1429 1905 super

272 1930 426 2015 glaciem,
445 1932 542 1996 citius
562 1932 756 2014 congelatur
778 1932 896 2012 calida,
916 1941 950 1996 et
973 1933 1039 1997 hoc
1065 1941 1116 1996 est
1138 1950 1262 1995 verum.
1309 1928 1377 1993 Sed
1399 1929 1428 1990 si

272 2034 307 2097 in
331 2036 461 2099 duobus
484 2037 571 2099 vasis
598 2045 763 2119 ponantur
783 2056 870 2118 aqua
896 2035 1003 2100 calida
1027 2045 1060 2100 et
1079 2035 1206 2118 frigida,
1230 2034 1327 2098 citius
1349 2054 1426 2096 con-

271 2137 440 2221 gelabitur
468 2138 595 2223 frigida.
641 2139 786 2222 Oportet
816 2161 902 2224 ergo
926 2140 1038 2205 omnia
1064 2138 1235 2205 certificari
1258 2137 1426 2221 perviam

271 2244 508 2324 experientiae.

317 2347 385 2411 Sed
401 2347 528 2431 duplex
545 2358 595 2412 est
610 2348 838 2432 experientia3
862 2368 928 2411 una
944 2360 996 2413 est
1019 2369 1079 2431 per
1097 2367 1213 2411 sensus
1232 2344 1425 2419 exteriores,
1440 2361 1555 2426 Physica}

273 2459 307 2515 et
323 2453 368 2514 sic
384 2453 613 2535 experimenta
629 2472 677 2529 ea,
691 2473 779 2534 quae
802 2453 834 2514 in
853 2451 947 2517 coelo
967 2461 1045 2517 sunt
1068 2471 1127 2535 per
1149 2452 1366 2515 instrumenta
1382 2451 1424 2513 ad
1439 2429 1584 2544 ssffiffie

273 2555 355 2619 haec
376 2555 472 2634 sacta,
494 2567 528 2619 et
550 2555 632 2620 haec
656 2555 810 2619 inferiora
833 2577 894 2639 per
919 2577 1020 2639 opera
1046 2554 1227 2619 certificata
1251 2556 1294 2620 ad
1319 2555 1425 2619 visum
1439 2560 1539 2624 supple·

272 2661 472 2742 experimur.
519 2659 564 2723 Et
579 2679 665 2742 quae
680 2679 747 2725 non
769 2669 845 2723 sunt
861 2659 1070 2743 praesentia³
1090 2661 1122 2722 in
1147 2659 1228 2723 locis
1251 2661 1283 2723 in
1305 2659 1427 2742 quibus
1439 2625 1584 2757 ffiffilbl

272 2783 398 2842 sumus,
419 2765 540 2828 scimus
562 2785 622 2846 per
643 2763 726 2827 alios
753 2764 919 2847 sapientes
945 2766 1001 2845 qui
1028 2765 1158 2845 experti
1185 2774 1272 2827 sunt.
1332 2762 1428 2828 Sicut

272 2866 473 2932 Aristoteles
494 2867 692 2932 auctoritate
714 2868 902 2931 Alexandri
926 2868 1015 2931 misit
1036 2867 1104 2930 duo
1128 2865 1231 2930 millia
1253 2866 1426 2930 hominum

272 2990 332 3053 per
353 2971 481 3036 diversa
507 2972 579 3036 loca
602 2971 718 3036 mundi
740 2981 777 3035 ut
799 2971 1029 3054 experirentur
1051 2971 1164 3034 omnia
1185 2990 1271 3053 quae
1292 2979 1370 3034 sunt
1392 2971 1427 3033 in

272 3074 446 3158 superficie
460 3085 575 3149 terrae,
588 3076 673 3139 sicut
691 3074 814 3139 Plinius
824 3084 967 3139 testatur
983 3075 1015 3138 in
1026 3074 1059 3137 N
1062 3073 1253 3138 aturalibus.
1288 3073 1333 3137 Et
1344 3074 1427 3138 haec

272 3180 478 3262 experientia
494 3189 545 3242 est
560 3179 707 3243 humana
722 3189 756 3244 et
772 3179 1011 3264 philosophica,
1021 3188 1183 3263 quantum
1197 3178 1300 3242 homo
1314 3187 1427 3260 potest

272 3281 379 3347 lacere
394 3283 575 3347 secundum
590 3284 731 3367 gratiam
747 3283 777 3347 ei
792 3284 907 3348 datam
922 3305 930 3362 ;
952 3285 1012 3348 sed
1030 3283 1113 3348 haec
1132 3283 1339 3367 experientia
1360 3304 1426 3348 non

273 3388 395 3451 sufficit
429 3386 565 3464 homini,
596 3388 674 3470 quia
707 3407 773 3450 non
810 3386 909 3471 plene
938 3386 1099 3452 certificat
1128 3388 1172 3451 de
1201 3387 1427 3471 corporalibus

274 3502 410 3577 propter
436 3493 487 3556 sui
517 3491 758 3569 difficultatem,
780 3501 814 3555 et
844 3493 886 3555 de
917 3492 1143 3574 spiritualibus
1173 3493 1253 3557 nihil
1283 3493 1428 3574 attingit.

274 3596 366 3680 Ergo
389 3605 522 3678 oportet
544 3596 634 3678 quod
658 3593 844 3660 intellectus
865 3595 1008 3660 hominis
1028 3595 1124 3661 aliter
1141 3596 1284 3677 juvetur,
1299 3607 1332 3660 et
1352 3597 1428 3662 ideo

274 3702 380 3766 sancti
395 3700 604 3783 patriarchae
624 3709 658 3763 ct
681 3699 874 3781 prophetae,
889 3701 946 3784 qui
965 3699 1074 3784 primo
1092 3701 1255 3765 dederunt
1275 3701 1429 3765 scientias

275 3805 409 3882 mundo,
440 3813 634 3888 receperunt
667 3802 924 3869 illuminationes
953 3804 1122 3869 interiores
1156 3815 1190 3869 et
1223 3826 1289 3868 non
1319 3805 1427 3868 solum

274 3909 408 3973 stabant
434 3909 468 3972 in
498 3929 604 3974 sensu.
651 3908 698 3972 Et
720 3907 869 3972 similiter
892 3906 987 3972 multi
1010 3919 1087 3992 post
1110 3908 1278 3973 Christum
1301 3907 1428 3974 fideles.

274 4012 365 4076 Nam
388 4014 494 4095 gratia
517 4012 593 4076 fidei
617 4012 782 4077 illuminat
806 4012 957 4088 multum,
977 4022 1011 4077 et
1033 4013 1165 4077 divinae
1186 4013 1427 4096 inspirationes,

274 4137 342 4181 non
357 4117 464 4181 solum
481 4117 512 4180 in
528 4116 762 4200 spiritualibus
776 4117 834 4180 sed
851 4115 1077 4201 corporalibus
1099 4125 1132 4180 et
1155 4117 1299 4180 scientiis
1320 4115 1427 4197 philo·

273 4222 427 4304 sophiae;
464 4221 646 4285 secundum
677 4221 767 4303 quod
807 4220 1018 4287 Ptolemaeus
1053 4220 1135 4285 dicit
1172 4220 1206 4282 in
1238 4218 1428 4302 Centilogio

274 4327 364 4409 quod
378 4326 506 4408 duplex
530 4337 580 4389 est
603 4325 656 4388 via
674 4326 872 4390 deveniendi
898 4325 942 4387 ad
962 4324 1115 4388 notitiam
1141 4343 1260 4402 rerum,
1280 4342 1346 4385 una
1368 4343 1429 4406 per

306 4474 581 4538 ¹Cl.Plin.xxxii.3

306 4559 316 4589 ¹
332 4559 388 4608 'l'be
400 4559 536 4609 reference
548 4562 569 4608 is
580 4559 733 4622 apparently
745 4565 771 4608 to
783 4557 880 4606 Mereor.
896 4559 911 4607 i.
929 4573 965 4620 13,
981 4563 993 4617 5
1010 4559 1046 4606 rs.
1082 4555 1108 4617 J.
1120 4556 1166 4606 bas
1180 4555 1383 4618 lietapbysicae.

306 4636 316 4667 ¹
332 4637 518 4702 pervenientis,
531 4637 555 4698 J.
