3542 5359
539 637 739 700 SCIENTIA
766 637 1155 701 EXPERIMENTALIS.
1362 655 1422 717 215

271 801 372 886 igitur
391 799 547 866 alkimiae
562 821 629 866 non
648 801 757 866 solum
775 801 902 869 omittit
925 801 987 864 hos
1011 803 1140 878 modos,
1156 802 1215 866 sed
1238 802 1280 867 ad
1303 822 1422 866 aurum

271 906 389 990 viginti
411 915 553 989 quatuor
573 907 736 990 graduum
761 906 923 973 rarissime
944 906 1121 984 invenitur,
1135 917 1169 970 et
1191 926 1267 974 cum
1291 927 1423 976 summa

271 1009 472 1088 difficultate,
510 1021 544 1076 et
578 1011 672 1092 pauci
711 1009 858 1077 fuerunt·
878 1030 1018 1094 semper,
1050 1012 1107 1094 qui
1143 1009 1242 1077 simul
1274 1011 1422 1078 viventes

269 1114 435 1180 sciverunt
451 1114 516 1180 hoc
531 1125 696 1179 secretum
706 1114 880 1194 alkimiae;
903 1125 939 1179 et
955 1136 1021 1181 non
1036 1115 1184 1198 pervenit
1193 1115 1276 1180 haec
1287 1116 1423 1180 scientia

270 1218 356 1285 ultra
375 1219 474 1284 istud.
521 1218 589 1284 Sed
613 1218 761 1286 Scientia
782 1219 1065 1302 Experimentalis
1090 1221 1180 1287 novit
1204 1241 1264 1304 per
1286 1219 1422 1286 Secreta

271 1323 481 1390 Secretorum
505 1321 697 1388 Aristotelis
725 1326 907 1407 producere
935 1345 1052 1390 aurum
1079 1344 1146 1389 non
1172 1323 1281 1388 solum
1305 1324 1423 1407 viginti

269 1437 411 1511 quatuor
435 1429 608 1512 graduum,
634 1429 694 1494 sed
720 1429 856 1512 triginta
882 1439 918 1494 et
943 1430 1165 1512 quadraginta
1195 1439 1230 1496 et
1260 1441 1421 1512 quantum

268 1533 431 1597 volumus.
474 1533 612 1615 Propter
626 1532 690 1597 hoc
707 1533 906 1598 Aristoteles
920 1535 1008 1599 dixit
1022 1535 1066 1598 ad
1082 1533 1312 1598 Alexandrum
1328 1534 1423 1598 ‘volo

269 1639 445 1702 ostendere
455 1647 618 1703 secretum
630 1636 841 1716 maximum’3
857 1648 892 1702 et
901 1659 977 1704 vere
993 1647 1045 1702 est
1055 1647 1217 1702 secretum
1228 1636 1423 1715 maximum,

269 1761 345 1806 uam
372 1762 439 1806 non
468 1741 577 1806 solum
604 1752 796 1824 procuraret
822 1743 948 1808 bonum
975 1742 1173 1825 reipublicae
1201 1752 1236 1806 et
1268 1741 1422 1804 omnibus

269 1845 493 1912 desideratum
516 1855 653 1928 propter
674 1847 743 1912 auri
766 1846 1005 1925 sufficientiam,
1020 1846 1079 1913 sed
1101 1846 1193 1929 quod
1216 1845 1289 1927 plus
1315 1855 1366 1910 est
1389 1845 1422 1910 iu

269 1949 451 2026 infinitum,
476 1951 571 2014 daret
596 1949 887 2035 prolongationem
908 1951 1005 2014 vitae.
1050 1950 1139 2015 Nam
1166 1949 1222 2014 illa
1247 1950 1421 2026 medicina,

269 2075 354 2137 quae
383 2054 516 2120 tolleret
545 2075 661 2120 ornnes
699 2054 929 2123 immunditias
966 2065 1001 2121 et
1038 2056 1266 2137 corruptiones
1297 2053 1421 2121 metalli

268 2159 399 2239 vilioris,
423 2170 461 2225 ut
483 2158 575 2223 fieret
598 2171 772 2242 argentum
795 2169 829 2223 et
851 2180 968 2224 aurum
989 2159 1210 2241 purissimum,
1231 2159 1423 2226 aestimatur

269 2283 289 2327 a
319 2263 526 2346 sapientibus
549 2284 647 2347 posse
669 2264 785 2330 tollere
807 2265 1036 2348 corruptiones
1058 2265 1204 2348 corporis
1226 2263 1362 2329 humani
1386 2264 1420 2330 in

268 2379 410 2448 tantum,
426 2379 463 2433 ut
485 2369 589 2432 vitam
613 2390 672 2452 per
695 2368 801 2433 multa
823 2369 935 2434 secula
957 2369 1180 2453 prolongaret.
1227 2367 1272 2432 Et
1289 2368 1353 2434 hoc
1368 2377 1420 2433 est

268 2492 387 2556 corpus
402 2493 447 2536 ex
463 2472 637 2538 elementis
654 2483 888 2557 temperatum,
901 2474 944 2540 de
957 2494 1026 2557 quo
1040 2475 1132 2558 prius
1147 2473 1274 2538 dictum
1288 2482 1338 2537 est
1349 2469 1371 2535 ¹.

312 2686 502 2772 Capitulum
519 2689 561 2752 de
577 2688 675 2753 tertia
690 2690 919 2772 praerogativa
933 2687 986 2753 vel
1005 2689 1170 2771 dignitate
1189 2689 1270 2753 artis
1291 2687 1421 2772 experi-

268 2793 429 2856 mentalis.

311 2895 426 2960 Tertia
440 2905 553 2961 autem
570 2897 714 2981 dignitas
727 2895 824 2978 hujus
839 2896 996 2961 scientiae
1011 2906 1069 2960 est
1103 2896 1149 2959 Et
1160 2906 1211 2960 est
1222 2917 1266 2960 ex
1278 2895 1420 2979 propriis
1434 2906 1571 2956 Definiuon

268 3020 329 3084 per
351 3020 439 3082 quae
462 3021 529 3064 non
557 3000 658 3066 habet
680 3011 867 3084 respectum
901 3003 945 3066 ad
978 3001 1060 3065 alias
1090 3001 1252 3076 scientias,
1276 3001 1336 3064 sed
1360 3019 1420 3062 sua
1432 2972 1589 3104 {Quod

267 3114 438 3189 potestate
474 3105 652 3191 investigat
686 3115 813 3170 secreta
842 3116 990 3171 naturae.
1049 3105 1096 3169 Et
1129 3106 1193 3170 hoc
1223 3105 1259 3167 in
1288 3105 1419 3170 duobus
1433 3105 1492 3156 rive.

266 3211 439 3289 consistit;
472 3210 597 3277 scilicet
624 3212 657 3276 iu
684 3210 874 3292 cognitione
901 3211 1085 3276 futurorum
1108 3211 1359 3294 praeteritorum
1386 3218 1421 3272 et

267 3316 500 3398 praesentium,
537 3325 570 3380 et
608 3317 641 3378 in
676 3315 833 3398 operibus
876 3314 1081 3380 admirandis
1123 3316 1245 3398 quibus
1287 3314 1421 3379 excedit

265 3419 503 3484 astronomiam
526 3419 739 3502 judiciariam
774 3420 947 3503 vulgatam
979 3421 1013 3483 in
1044 3428 1213 3504 potestate
1240 3419 1419 3502 judicandi.

266 3523 355 3587 Nam
373 3523 583 3588 Ptolemaeus
600 3525 633 3587 in
653 3523 738 3587 libro
753 3525 996 3589 introductorio
1014 3524 1204 3608 Almagesti
1220 3525 1312 3601 dicit,
1328 3523 1419 3606 quod

264 3627 330 3692 alia
345 3636 396 3690 est
411 3628 463 3691 via
478 3648 580 3710 quam
596 3648 657 3711 per
672 3629 910 3692 astronomiam
925 3629 1097 3712 vulgatam
1120 3631 1258 3706 certior3
1282 3639 1317 3692 et
1338 3629 1420 3691 haec

264 3741 315 3795 est
330 3733 384 3794 via
399 3732 683 3814 experimentalis‚
698 3753 786 3815 quae
808 3734 901 3797 vadit
923 3735 1105 3797 secundum
1127 3753 1259 3799 cursum
1276 3743 1419 3806 naturae,

297 3891 305 3920 ¹
321 3892 377 3941 The
388 3893 487 3954 subject
497 3893 527 3941 os
532 3893 659 3957 Alchemy
667 3909 722 3944 was
734 3910 806 3944 more
819 3895 882 3958 fully
891 3897 992 3944 treated
1004 3897 1039 3959 by
1048 3896 1136 3945 Bacon
1148 3896 1173 3942 in
1186 3895 1231 3944 the
1241 3895 1313 3957 Opus
1322 3892 1419 3953 Melius,

263 3971 294 4020 oi
301 3971 387 4020 which
405 3971 437 4021 all
450 3971 505 4021 that
516 3973 538 4019 is
549 3972 645 4021 known
656 3980 685 4022 to
697 3973 730 4022 he
742 3981 833 4023 extant
844 3975 867 4022 is
879 3981 907 4024 to
918 3975 950 4023 be
963 3975 1043 4023 found
1054 3975 1082 4022 in
1102 3972 1217 4030 Brewer,
1231 3974 1288 4036 (see
1300 3988 1342 4035 pp.
1354 3988 1421 4034 313-

266 4063 305 4114 15,
319 4052 369 4100 sud
381 4051 503 4112 359-89).
538 4050 590 4100 See
605 4051 660 4100 also
673 4051 744 4114 opus
761 4053 878 4114 renium,
891 4069 948 4116 esp.
959 4053 1005 4103 xii.
1042 4052 1127 4101 Other
1137 4053 1227 4101 works
1241 4051 1273 4100 of
1280 4051 1368 4103 Baton
1385 4065 1419 4100 ou

263 4127 391 4191 Alchemy
402 4143 446 4177 are
460 4128 499 4192 (1)
517 4128 655 4191 Speculum
666 4131 818 4190 Alcmenae,
837 4132 941 4194 printed
955 4131 982 4179 in
996 4146 1058 4192 154¹
1071 4131 1123 4179 and
1135 4130 1276 4178 translated
1289 4130 1352 4178 both
1363 4130 1420 4178 into

265 4206 366 4256 French
378 4208 429 4256 and
447 4207 553 4269 English
562 4223 569 4268 3
587 4207 626 4270 (a)
639 4208 679 4258 De
688 4212 782 4258 semite
792 4211 905 4272 operiam
914 4211 977 4258 am'e
986 4214 1010 4259 et
1021 4215 1129 4260 ndum
1138 4209 1270 4270 reprinted
1280 4223 1311 4256 as
1320 4223 1355 4256 an
1366 4208 1419 4269 Ap·

264 4286 361 4348 pendix
373 4295 400 4336 to
412 4285 543 4336 Brewer's
553 4289 643 4336 work:
662 4289 701 4350 (3)
719 4288 775 4338 The
787 4290 894 4340 treatise
904 4289 944 4338 De
953 4287 1111 4337 mandandis
1120 4288 1247 4338 mlulr'e
1257 4286 1421 4336 moratus

263 4365 369 4427 already
385 4365 485 4428 spoken
501 4365 532 4414 ol
537 4382 543 4425 ;
564 4367 602 4428 (4)
617 4366 734 4415 Santon's
749 4367 881 4416 medrcr'nae
894 4367 1012 4432 magretn'
1019 4367 1231 4431 Rogm'Baeoms
1241 4366 1314 4429 angli
1327 4365 1357 4414 de
1368 4370 1422 4416 am

263 4444 373 4506 chymrire
388 4445 487 4505 Sm'pla,
501 4444 600 4506 printed
618 4445 644 4493 in
659 4445 730 4507 1603,
743 4445 795 4494 and
811 4448 960 4496 sometimes
971 4445 1071 4507 spoken
1083 4445 1114 4494 os
1126 4445 1210 4494 under
1220 4445 1265 4494 the
1275 4445 1331 4495 title
1342 4445 1420 4506 given

263 4531 291 4572 to
303 4523 322 4572 it
334 4523 360 4571 in
372 4523 417 4571 the
428 4525 528 4572 second
540 4524 638 4574 edition
649 4523 679 4572 oi
689 4525 761 4586 1620,
775 4524 804 4572 oi
816 4524 839 4573 Τ
836 4524 959 4574 hosanna
970 4525 1100 4573 clremr'crrs.

297 4600 348 4650 For
360 4601 404 4649 the
416 4601 530 4662 position
542 4601 573 4651 ol
580 4603 707 4664 Alchemy
719 4602 745 4651 in
757 4603 802 4652 the
817 4603 917 4665 history
929 4602 959 4652 ol
970 4603 1081 4663 sciense,
1094 4603 1138 4652 the
1153 4602 1269 4652 remarks
1281 4601 1411 4652 olComte

264 4678 432 4744 (Philosophia
441 4679 557 4742 Paeane,
566 4681 615 4730 vol
626 4680 659 4729 vi.
671 4696 697 4743 p.
707 4695 765 4743 ως,
774 4681 816 4729 ed.
827 4681 918 4745 Littre)
930 4696 990 4743 may
1000 4682 1033 4731 be
1044 4681 1181 4730 consulted
1188 4683 1253 4730 with
1265 4681 1418 4744 advantage.
