3542 5359
369 560 431 621 400
583 549 740 610 OPERIS
763 551 952 622 MAJORIS
976 555 1090 614 PARS
1114 555 1313 615 SEPTIMA.

371 721 409 775 ut
441 731 548 795 neque
577 716 621 778 ad
651 735 747 780 usum
769 717 897 799 possint
929 719 1080 786 meliores
1107 741 1189 794 esse,
1219 740 1278 784 nec
1300 720 1344 785 ad
1376 719 1522 804 speciem

373 814 558 897 pulcriores
605 819 697 902 Ergo
723 822 874 887 similiter
897 826 1071 909 quodlibet
1090 838 1270 893 recreatum
1298 827 1424 892 habeus
1451 843 1524 888 esse

373 923 499 1001 gratiae
514 925 652 1008 recipiet
667 928 709 991 de
725 929 875 996 bonitate
898 933 1075 997 recreantis
1089 944 1251 1015 quantum
1268 941 1379 1015 potest
1394 949 1523 1013 capere.

373 1022 442 1089 Sed
466 1039 578 1109 potest
607 1051 725 1114 capere
755 1036 941 1100 bonitatem
972 1059 1052 1102 suae
1081 1039 1304 1113 substantiae;
1335 1055 1415 1119 ergo
1437 1034 1524 1096 hanc

372 1130 508 1212 recipiet
530 1137 712 1202 secundum
738 1143 936 1205 sententiam
965 1142 1038 1207 libri
1064 1141 1266 1224 Sapientiae,
1289 1161 1365 1205 cum
1395 1138 1523 1213 dicitur,

373 1230 603 1304 Substantiam
622 1251 715 1305 tuam
733 1244 781 1308 eis
801 1245 933 1310 dedisti.
979 1247 1025 1311 Et
1046 1247 1123 1310 ideo
1145 1255 1279 1329 oportet
1300 1244 1391 1326 quod
1415 1242 1524 1306 omnis

372 1336 476 1403 homo
490 1352 583 1407 stans
599 1345 631 1408 in
643 1347 751 1428 gratia
762 1349 895 1432 recipiet
907 1370 1003 1414 suum
1018 1349 1225 1415 Salvatorem
1239 1349 1420 1412 secundum
1431 1347 1523 1428 quod

374 1441 524 1510 Ecclesia
538 1449 714 1514 ordinavit.

204 1556 360 1623 Fimproos.
418 1546 594 1615 Caeterum
622 1565 795 1636 peccatum
822 1557 983 1642 originale
1009 1558 1109 1622 deleri
1136 1579 1202 1622 non
1229 1565 1340 1640 potest
1364 1554 1436 1619 sine
1459 1554 1524 1617 hac

371 1648 481 1716 hostia
498 1654 575 1721 Deo
590 1657 764 1725 offerenda
811 1660 878 1726 Sed
896 1663 996 1726 hodie
1012 1662 1420 1743 multiplicanturpeccata
1436 1676 1523 1721 mor·

371 1753 461 1819 talia.
500 1759 590 1843 Ergo
601 1772 734 1845 oportet
748 1767 838 1846 quod
854 1765 937 1830 haec
947 1766 1056 1831 hostia
1071 1765 1255 1831 satisfaciat
1271 1764 1347 1828 Deo
1363 1763 1448 1846 patri
1461 1781 1523 1843 pro

371 1862 515 1941 peccatis
536 1867 659 1930 mundi.
706 1868 792 1933 Item
815 1870 909 1934 Deus
927 1871 1105 1953 assumpsit
1126 1870 1212 1934 hanc
1227 1869 1469 1933 humanitatem
1486 1874 1524 1928 ut

371 1967 577 2047 permitteret
591 1973 783 2054 sanguinem
799 1974 892 2038 fundi
913 1976 955 2038 de
976 1995 1016 2038 ea
1036 1994 1097 2056 pro
1117 1975 1214 2040 nobis
1232 1973 1404 2036 moriendo
1426 1979 1459 2034 et
1475 1970 1523 2032 sic

370 2070 513 2136 redemit
537 2093 605 2138 nos.
653 2075 720 2140 Sed
743 2077 817 2160 plus
835 2089 886 2142 est
906 2078 969 2142 hoc
988 2099 1089 2160 quam
1110 2098 1169 2141 nos
1191 2096 1326 2160 pascere
1346 2075 1409 2138 hac
1424 2093 1524 2138 carne

371 2181 406 2236 et
421 2173 484 2240 hoc
498 2178 666 2262 sanguine„
712 2181 804 2264 Ergo
822 2184 848 2247 si
865 2184 954 2264 quod
972 2181 1046 2265 plus
1062 2192 1112 2246 est
1123 2182 1229 2245 voluit
1240 2200 1284 2243 ex
1301 2201 1361 2245 sua
1372 2180 1524 2243 bonitate

371 2297 432 2360 pro
452 2281 548 2345 nobis
570 2284 686 2361 facere,
702 2285 808 2350 multo
832 2287 948 2352 fortius
970 2286 1075 2350 voluit
1099 2285 1205 2349 facere
1221 2285 1312 2368 quod
1330 2285 1439 2347 minus
1462 2291 1524 2357 est,

372 2401 446 2445 curn
463 2386 506 2448 sit
522 2389 618 2452 nobis
633 2389 722 2463 utile,
741 2391 948 2466 conveniens,
965 2401 999 2454 et
1016 2390 1246 2455 necessarium.

204 2491 359 2569 N0²¹¹¹51²¹r
418 2487 513 2554 Haec
528 2512 607 2556 vero
629 2503 663 2556 et
685 2492 876 2574 hujusmodi
899 2504 1039 2577 possunt
1061 2494 1168 2575 aptari
1191 2493 1233 2557 ad
1257 2493 1321 2555 hoc
1343 2491 1434 2574 quod
1458 2490 1524 2554 hoc

201 2566 357 2686 welfum
373 2589 624 2659 Sacramentum
647 2598 751 2679 possit
777 2599 899 2662 habere
921 2599 1106 2672 veritatem,
1128 2606 1165 2660 ut
1189 2595 1298 2660 nullus
1327 2595 1432 2678 possit
1462 2613 1524 2656 nec

201 2691 343 2806 &2¹¹²oe
372 2696 493 2763 debeat
516 2701 750 2766 contradicere.
796 2701 864 2766 Sed
885 2703 950 2767 hoc
972 2722 1039 2765 non
1057 2702 1165 2766 solum
1187 2701 1381 2783 requiritur;
1404 2700 1463 2764 sed
1486 2709 1525 2762 ut

372 2801 527 2866 facillime
550 2804 734 2886 recipiatur,
751 2814 786 2869 et
808 2805 936 2869 facilius
959 2815 992 2871 et
1016 2804 1170 2870 libentius
1194 2815 1227 2869 et
1244 2804 1397 2869 devotius
1419 2823 1522 2886 quam

372 2907 483 2989 aliqua
497 2910 617 2972 veritas
632 2930 719 2992 quae
734 2920 846 2995 potest
861 2911 894 2974 iu
910 2910 973 2974 lrac
987 2911 1055 2973 vita
1070 2911 1166 2975 nobis
1182 2909 1323 2993 proponi
1336 2934 1343 2984 ;
1367 2909 1470 2972 immo
1486 2917 1525 2972 ut

372 3011 405 3074 in
421 3011 484 3074 hac
498 3014 569 3078 vita
590 3013 799 3095 quiescamus
819 3015 906 3078 sicut
926 3014 959 3078 in
984 3014 1160 3079 dulcedine
1179 3015 1267 3078 vitae
1287 3023 1462 3089 aeternae;
1485 3019 1524 3075 ut

370 3115 449 3179 nihil
465 3117 603 3180 velimus
619 3119 681 3183 nisi
700 3129 836 3200 propter
850 3118 937 3194 hoc3
960 3138 1027 3201 quo
1043 3119 1069 3181 si
1086 3137 1279 3194 careremus,
1295 3127 1524 3199 reputaremus

371 3238 431 3282 nos
447 3220 527 3283 nihil
541 3222 623 3285 scire
634 3221 686 3286 vel
700 3221 823 3285 habere
838 3232 989 3302 respectu
1005 3221 1104 3304 hujus
1120 3221 1284 3304 gloriosae
1293 3220 1439 3284 veritatis
1454 3239 1525 3302 qua

372 3322 565 3387 deificamur
579 3334 613 3388 et
629 3326 827 3389 assumimur
841 3327 874 3389 in
891 3327 995 3391 vitam
1012 3335 1192 3390 aeternam.

202 3435 345 3515 mecon-³
418 3426 511 3491 Circa
526 3448 604 3491 vero
620 3429 691 3510 ejus
707 3429 898 3494 facilitatem
915 3440 992 3493 sunt
1008 3429 1117 3511 plures
1134 3429 1232 3493 modi
1279 3427 1376 3492 Unus
1393 3435 1443 3490 est
1464 3445 1525 3509 per

203 3502 360 3618 tgfgfflls
372 3531 670 3596 considerationem
693 3532 779 3596 illius
808 3535 899 3615 quod
930 3535 1117 3599 continetur
1139 3535 1172 3596 in
1197 3534 1261 3595 hoc
1286 3531 1524 3604 Sacrament03

371 3635 455 3699 alius
477 3657 536 3718 per
566 3636 704 3700 modum
737 3638 927 3713 existendi;
958 3638 1075 3701 tertius
1098 3657 1157 3720 per
1180 3637 1317 3701 modum
1340 3634 1464 3710 utendi,
1488 3643 1524 3697 et

370 3740 507 3821 quidam
548 3740 613 3815 alii,
643 3751 680 3804 ut
716 3742 894 3805 notabitur.
940 3742 1009 3805 Res
1046 3741 1180 3823 quidem
1219 3749 1376 3804 contenta
1405 3747 1457 3801 est
1488 3737 1524 3799 in

374 3843 516 3908 culmine
535 3844 719 3925 majestatis
743 3856 777 3909 et
794 3845 920 3926 gloriae
943 3853 1044 3926 atque
1069 3846 1101 3907 in
1126 3844 1331 3926 plenitudine
1350 3841 1466 3907 salutis
1488 3851 1524 3904 et

372 3947 406 4010 in
430 3948 495 4011 fine
517 3948 763 4031 pulcritudinis3
797 3948 880 4011 haec
903 3947 1003 4030 plana
1025 3957 1102 4012 sunt
1125 3967 1201 4012 curn
1226 3945 1318 4010 Deus
1345 3956 1380 4010 et
1405 3945 1524 4009 Homo

371 4050 574 4133 glorificatus
589 4063 624 4116 et
640 4071 723 4114 unus
739 4052 772 4113 in
791 4071 855 4115 una
867 4071 1009 4135 persona
1025 4051 1070 4115 ibi
1085 4052 1277 4116 consistant.
1324 4050 1417 4113 Deus
1432 4050 1523 4112 enim

371 4175 416 4217 ex
438 4175 498 4217 sua
520 4165 637 4218 natura
659 4155 760 4218 habet
790 4153 989 4219 infinitatem
1021 4155 1204 4237 majestatis
1230 4165 1266 4240 ,et
1297 4153 1465 4228 bonitatis,
1488 4163 1524 4217 et

372 4256 607 4338 pulcritudinis,
623 4268 659 4322 ut
675 4267 767 4341 patet
782 4279 826 4321 ex
847 4258 899 4321 his
914 4278 1001 4339 quae
1019 4269 1108 4324 tacta
1127 4267 1205 4322 sunt
1226 4258 1385 4339 superius.
1432 4257 1523 4320 Nam

371 4361 528 4440 quicquid
542 4369 593 4423 est
614 4361 647 4423 in
668 4381 708 4424 eo
731 4371 781 4424 est
797 4361 970 4424 infinitum.
1017 4360 1178 4425 Similiter
1200 4361 1312 4434 homo,
1331 4370 1525 4444 assumptus

370 4462 402 4523 in
425 4462 564 4544 gloriam
590 4463 654 4527 Dei
681 4473 715 4526 et
745 4463 927 4527 bonitatem
951 4474 985 4528 et
1007 4465 1272 4547 pulcritudinem,
1297 4465 1524 4528 communicat

369 4562 565 4629 infinitatem
582 4565 745 4649 triplicem
762 4568 888 4631 ratione
904 4569 1034 4632 unionis
1051 4569 1240 4633 individuae
1256 4588 1427 4651 personae.
1477 4567 1525 4632 Et
