3542 5359
381 662 712 721 PERSPECTIVAE
735 663 849 723 PARS
874 663 1035 722 PRIMA:
1069 662 1178 723 DIST.
1206 662 1291 720 VIII.
1376 676 1416 737 57

260 842 355 897 eam;
379 824 436 887 sed
455 824 580 905 primus
596 844 696 889 sonus
712 844 779 887 non
796 834 910 907 potest
926 824 1024 906 objici
1044 824 1123 887 auri.
1170 824 1261 908 Ergo
1282 832 1416 908 oportet

260 926 351 1007 quod
374 947 475 991 sonus
490 949 586 991 verus
608 940 783 1011 generetur
802 931 835 992 in
859 930 1068 1012 oppositione
1090 929 1175 991 auris
1187 953 1195 1005 ;
1222 939 1256 992 et
1278 928 1342 992 hoc
1364 937 1415 991 est

259 1050 374 1093 verum
392 1050 453 1112 per
467 1031 556 1097 hunc
576 1034 713 1097 modum
729 1054 828 1116 quem
849 1034 965 1097 dicam.
1010 1033 1100 1097 Nam
1122 1054 1221 1098 sonus
1241 1044 1416 1115 generatur

260 1153 306 1197 ex
335 1134 408 1214 hoc,
431 1138 520 1217 quod
551 1147 663 1221 partes
693 1139 739 1201 rei
768 1158 944 1220 percussae
973 1137 1184 1220 egrediuntur
1213 1159 1234 1200 a
1262 1136 1325 1201 situ
1355 1157 1416 1200 suo

261 1239 410 1314 naturali,
434 1242 479 1305 ad
501 1261 601 1323 quem
622 1241 723 1306 situm
749 1242 894 1325 sequitur
917 1253 1041 1307 tremor
1063 1244 1206 1325 partium
1228 1242 1259 1304 in
1282 1260 1415 1304 omnem

261 1352 391 1425 partem
408 1363 483 1406 cum
498 1346 644 1427 quadam
662 1345 883 1423 rarefactione,
902 1346 980 1427 quia
998 1356 1109 1409 motus
1125 1344 1348 1409 raresactionis
1366 1351 1416 1407 est

262 1466 283 1509 a
314 1459 428 1511 centro
456 1450 500 1511 ad
530 1448 837 1527 circumferentiam,
862 1458 897 1513 et
922 1452 1008 1515 sicut
1036 1470 1112 1513 cum
1138 1450 1245 1533 primo
1271 1458 1417 1512 tremore

261 1560 438 1633 generatur
453 1554 578 1635 primus
592 1575 701 1631 sonus,
717 1555 763 1618 sic
779 1574 853 1619 cum
874 1556 1020 1619 secundo
1040 1557 1202 1619 secundus
1222 1552 1254 1616 in
1273 1551 1418 1617 secunda

263 1664 359 1737 parte
380 1656 475 1731 aeris,
491 1667 526 1720 et
548 1678 622 1721 cum
645 1658 743 1721 tertio
767 1658 882 1722 tertius
907 1658 940 1721 in
964 1658 1063 1723 tertia
1088 1668 1182 1741 parte
1205 1656 1297 1730 aeris
1312 1666 1347 1720 et
1370 1656 1417 1719 sic

263 1758 404 1822 ulterius.
450 1760 497 1823 Et
519 1762 595 1843 quia
617 1761 650 1824 hi
672 1772 832 1825 tremores
859 1771 937 1825 sunt
958 1761 1133 1845 impetuosi
1156 1772 1189 1826 et
1212 1761 1360 1824 maxime
1383 1760 1417 1822 in

262 1883 347 1939 aere,
367 1862 423 1945 qui
446 1865 489 1928 de
511 1863 598 1930 sacili
620 1866 749 1929 mobilis
771 1877 832 1944 est,
852 1876 886 1930 et
907 1887 982 1930 cum
1009 1876 1160 1932 movetur
1181 1866 1276 1943 bene,
1297 1865 1417 1929 retinet

262 1967 510 2050 impressionem
535 1979 654 2047 motuS,
675 1970 751 2035 ideo
773 1972 938 2035 secundus
960 1991 1060 2035 sonus
1082 1980 1117 2034 et
1138 1971 1224 2033 ultra
1246 1990 1351 2051 usque
1372 1968 1416 2032 ad

262 2071 385 2134 bonam
408 2072 601 2137 distantiam
625 2095 692 2137 non
713 2083 764 2138 est
784 2073 855 2140 sola
876 2076 1003 2157 species
1024 2075 1106 2150 soni,
1123 2075 1181 2139 sed
1199 2094 1296 2137 verus
1316 2093 1417 2136 sonus

262 2173 381 2239 saltem
404 2177 531 2241 habens
553 2177 741 2261 plusquam
764 2180 899 2263 species
946 2179 991 2243 Et
1010 2177 1086 2263 quia
1108 2180 1153 2243 sic
1177 2188 1236 2254 est,
1252 2178 1327 2242 ideo
1341 2175 1416 2240 voci

263 2280 504 2363 multiplicatae
530 2283 573 2346 ab
599 2304 656 2347 ore
675 2284 776 2367 juxta
802 2282 1007 2367 superficiem
1029 2282 1138 2348 aurisl
1160 2283 1341 2347 secundum
1368 2281 1416 2343 in-

262 2404 392 2448 cessum
408 2386 548 2468 primum
564 2395 674 2469 potest
690 2382 868 2452 consimilis
883 2409 942 2470 per
957 2387 1145 2470 hujusmodi
1160 2398 1319 2451 tremores
1334 2386 1418 2451 aeris

262 2490 295 2552 in
318 2510 453 2554 omnem
477 2501 606 2574 partem
631 2491 736 2557 iactos
758 2496 907 2577 generari
931 2494 963 2556 in
987 2513 1110 2573 aurem,
1134 2514 1199 2557 non
1221 2489 1418 2555 accidentali

261 2595 477 2676 generatione
501 2597 561 2660 sed
592 2596 774 2679 principali,
800 2600 877 2679 quia
907 2618 1005 2662 causa
1034 2597 1106 2678 ejus
1135 2606 1186 2660 est
1215 2597 1270 2673 ibi,
1295 2595 1419 2659 scilicet

262 2710 388 2762 tremor
403 2699 509 2763 dictus
525 2700 581 2783 qui
596 2699 674 2764 sacit
688 2722 799 2766 aerem
816 2712 956 2764 tremere
972 2703 1004 2764 in
1021 2721 1141 2773 aurem,
1155 2709 1189 2763 et
1205 2699 1284 2763 facit
1299 2718 1417 2763 sonum

262 2821 377 2865 verum
392 2803 425 2865 in
445 2824 528 2881 eam,
544 2814 579 2867 et
601 2805 634 2867 in
649 2825 781 2868 omnem
803 2815 942 2886 partem.
989 2805 1035 2867 Et
1055 2825 1153 2869 sonus
1170 2803 1275 2867 sactus
1291 2803 1323 2864 in
1340 2822 1419 2865 aure

262 2905 317 2969 vel
340 2927 444 2989 prope
466 2928 589 2988 aurem,
609 2918 643 2973 et
667 2908 844 2973 indirecto
870 2910 950 2991 ejus,
971 2928 1037 2972 non
1064 2918 1115 2972 est
1140 2908 1267 2991 species
1291 2906 1419 2988 speciei,

263 3010 324 3073 sed
345 3020 396 3074 est
412 3011 483 3095 ipse
502 3033 603 3075 sonus
623 3012 728 3076 sactus
749 3034 769 3076 a
790 3024 942 3077 tremore.
988 3013 1034 3076 Et
1054 3012 1192 3095 signum,
1207 3011 1296 3094 quod
1318 3030 1419 3073 sonus

263 3116 298 3176 in
325 3116 472 3196 partibus
502 3117 602 3180 medii
627 3116 710 3181 aeris
735 3138 755 3181 a
783 3118 892 3200 primo
917 3117 992 3182 loco
1018 3116 1240 3201 generationis
1271 3135 1336 3178 non
1367 3121 1419 3177 est

263 3219 390 3301 species
405 3219 476 3284 sola
491 3221 570 3297 soni,
585 3222 644 3285 sed
664 3221 767 3286 habet
787 3225 892 3306 magis
910 3224 954 3287 de
975 3233 1091 3286 natura
1111 3220 1243 3302 objecti,
1259 3232 1311 3283 est
1329 3218 1418 3301 quod

263 3324 438 3389 violentior
453 3336 504 3389 est
519 3346 620 3390 sonus
635 3346 736 3409 quam
752 3328 840 3392 aliud
857 3328 1021 3408 sensibile,
1032 3329 1110 3410 quia
1125 3327 1233 3391 subito
1249 3322 1419 3388 confundit

262 3429 413 3492 auditum
430 3440 464 3493 et
480 3430 641 3506 interficit,
657 3432 791 3513 quando
810 3433 951 3497 multum
967 3432 1109 3496 excedit.

310 3533 405 3599 Odor
418 3543 529 3598 autem
546 3556 611 3599 nou
626 3535 733 3599 solum
752 3534 830 3599 lacit
852 3538 1007 3619 speciem,
1022 3536 1081 3599 sed
1104 3534 1147 3598 ab
1166 3532 1326 3598 odorabili
1347 3532 1420 3596 exit

263 3636 382 3711 fumus,
399 3637 455 3718 qui
475 3648 525 3701 est
548 3657 667 3721 corpus
690 3638 811 3702 subtile
833 3640 1019 3703 diffundens
1041 3659 1077 3701 se
1099 3638 1221 3719 ubique
1243 3637 1277 3699 in
1300 3655 1420 3713 aerem,

262 3752 298 3806 et
317 3761 394 3805 cum
409 3744 499 3805 venit
517 3743 549 3804 in
570 3744 779 3826 oppositione
794 3745 932 3818 narium,
949 3741 1147 3824 multiplicat
1161 3738 1306 3823 speciem
1327 3758 1420 3803 suam

263 3865 371 3928 usque
399 3847 443 3910 ad
474 3847 728 3910 instrumentum
755 3845 904 3921 olfactus,
929 3856 963 3909 et
993 3846 1067 3910 ideo
1095 3842 1205 3909 sumus
1234 3842 1289 3907 ille
1320 3842 1422 3906 habet

262 3968 380 4014 verum
403 3951 551 4028 odorem,
565 3951 651 4015 sicut
674 3950 843 4015 odorabile
859 3951 1026 4034 primum;
1052 3958 1087 4014 et
1108 3958 1244 4032 propter
1265 3948 1330 4012 hoc
1353 3966 1421 4009 non

263 4053 374 4118 solum
405 4055 539 4137 species,
569 4055 628 4118 sed
657 4076 754 4119 verus
789 4057 873 4118 odor
903 4055 1069 4118 invenitur
1097 4054 1151 4116 hic
1186 4054 1218 4115 in
1249 4052 1422 4133 apertione

264 4158 403 4235 narium,
418 4158 477 4222 sed
494 4178 562 4222 non
577 4158 713 4242 primus,
728 4159 832 4222 immo
847 4160 1020 4235 secundus,
1035 4158 1091 4239 qui
1107 4166 1158 4220 est
1175 4157 1207 4218 in
1222 4157 1321 4219 fumo.

311 4260 466 4345 Quatuor
479 4283 558 4326 vero
573 4262 758 4345 qualitates,
774 4272 811 4326 ut
829 4263 981 4346 superius
1002 4272 1129 4325 tactum
1153 4258 1226 4324 est²
1241 4259 1275 4320 in
1294 4255 1422 4337 legibus

298 4394 309 4426 ¹
327 4398 505 4461 ‘superficiem
526 4396 611 4447 auris'
629 4399 652 4447 is
671 4399 716 4449 the
735 4399 843 4461 reading
862 4398 892 4447 os
905 4398 937 4449 0.
972 4397 1042 4445 Pour
1060 4396 1128 4445 lines
1147 4392 1300 4443 afterwards
1321 4390 1353 4439 0.
1374 4391 1422 4440 has

264 4480 367 4526 ‘aerem
385 4486 498 4527 tremere
515 4478 542 4525 in
559 4478 665 4527 aurem!
699 4477 756 4527 The
773 4477 883 4540 reading
900 4476 930 4525 oi
941 4476 967 4537 J.
989 4481 1090 4548 ‘aurem
1108 4480 1218 4522 tremere
1235 4471 1261 4519 in
1279 4466 1422 4519 aurem’ls

264 4555 460 4618 unintelligible.

298 4632 309 4662 ¹
324 4633 382 4682 The
392 4634 481 4682 whole
493 4634 614 4695 question
626 4632 656 4682 oi
668 4633 839 4697 propagation
851 4633 881 4682 oi
892 4634 962 4682 force
977 4632 1001 4681 is
1012 4632 1082 4682 dealt
1093 4630 1166 4693 with,
1180 4628 1277 4690 though
1290 4627 1315 4674 in
1327 4642 1343 4675 a
1354 4640 1423 4675 com·

263 4712 409 4777 parativdy
425 4727 535 4775 cursory
551 4726 619 4775 way,
636 4712 663 4761 in
680 4712 725 4762 the
742 4712 829 4762 fourth
847 4719 905 4775 part
922 4711 952 4761 oi
965 4710 1011 4762 the
1028 4709 1101 4774 Opus
1119 4708 1215 4772 IIajroe.
1249 4706 1302 4754 But
1320 4704 1340 4753 it
1359 4703 1424 4753 doe·
