3542 5359
377 575 574 636 MORALIS
597 577 915 636 PHILOSOPHIA:
949 577 1064 638 PARS
1093 580 1256 639 TERTIA.
1337 595 1397 658 305

244 746 306 810 est,
321 755 388 798 non
403 746 547 818 potest.
564 783 572 799 .
588 782 597 800 .
613 735 733 802 Omnis
755 735 873 818 injuria
895 747 945 801 est
960 737 1139 802 diminutio
1158 737 1230 820 ejus
1246 738 1281 802 in
1297 758 1396 820 quem

242 840 387 919 incurrit,
413 860 474 903 nec
500 850 612 924 potest
637 841 811 924 quisquam
837 842 991 924 injuriam
1017 842 1166 924 accipere
1192 843 1263 907 sine
1284 842 1397 925 aliquo

243 944 445 1009 detrimento
470 944 522 1008 vel
550 944 720 1028 dignitatis
745 944 798 1008 vel
825 947 974 1028 corporis
999 945 1051 1011 vel
1078 967 1188 1010 rerum
1215 956 1311 1011 extra
1337 966 1397 1010 nos

245 1048 437 1130 positarum.
498 1047 640 1132 Sapiens
669 1059 782 1114 autem
813 1051 895 1114 nihil
925 1051 1063 1134 perdere
1094 1060 1214 1133 potest.
1274 1049 1398 1115 Omnia

244 1152 333 1217 enim
354 1154 388 1216 in
411 1174 447 1216 se
467 1155 622 1237 reposuit,
638 1154 719 1217 nihil
739 1153 890 1218 fortunae
913 1156 1026 1231 eredit,
1041 1157 1130 1220 bona
1151 1177 1211 1220 sua
1233 1155 1267 1218 in
1290 1155 1398 1219 solido

244 1256 356 1332 habet,
379 1269 555 1323 contentus
577 1259 707 1337 virtute,
728 1281 814 1343 quae
841 1258 983 1324 fortuitis
1009 1281 1076 1324 non
1102 1260 1230 1342 indiget
1256 1261 1398 1342 ideoque

246 1381 306 1426 nec
321 1363 434 1444 augeri
449 1383 509 1426 nec
526 1363 629 1426 minui
647 1373 767 1446 potest.
814 1363 903 1428 Nam
922 1359 987 1452 [et]
1004 1363 1038 1427 in
1057 1384 1223 1428 summurn
1240 1364 1399 1446 perducta

245 1465 439 1535 incrementi
459 1466 647 1531 nonhabet
667 1466 785 1542 locum,
801 1478 836 1532 et
856 1468 938 1532 nihil
959 1468 1055 1552 eripit
1076 1466 1208 1532 fortuna
1229 1467 1290 1530 nisi
1309 1468 1398 1549 quod

247 1570 347 1634 dedit.
392 1569 561 1635 Virtutem
584 1583 697 1636 autem
719 1591 785 1635 non
809 1572 877 1648 dat,
893 1573 969 1636 ideo
992 1593 1053 1636 nec
1074 1573 1229 1636 detrahit
1275 1571 1398 1635 Libera

247 1673 334 1738 enim
358 1685 418 1749 est,
440 1674 647 1753 inviolabilis,
666 1676 814 1754 immota,
836 1675 1042 1742 inconcussa.
1087 1675 1144 1741 Sic
1161 1685 1282 1741 «contra
1303 1695 1400 1740 casus

248 1779 380 1843 indurat
394 1787 432 1842 ut
447 1800 489 1842 ne
506 1778 657 1843 inclinari
673 1779 816 1862 quidem,
830 1781 955 1844 nedum
970 1780 1056 1846 vinci
1072 1781 1186 1865 possit.
1204 1827 1212 1842 .
1228 1828 1235 1843 .
1252 1829 1259 1844 .
1277 1780 1400 1845 Rectos

247 1880 361 1946 oculos
375 1891 477 1960 tenet,
491 1883 572 1946 nihil
591 1903 637 1947 ex
650 1883 745 1948 vultu
765 1894 883 1964 mutat,
899 1885 969 1949 sive
989 1883 1034 1948 illi
1056 1886 1140 1949 dura
1162 1885 1232 1947 sive
1254 1884 1401 1948 secunda

247 1994 464 2050 ostentantur.
512 1987 632 2069 ltaque
657 1987 738 2052 nihil
764 1989 882 2070 perdet
913 1988 1003 2071 quod
1031 1989 1137 2071 perire
1164 2008 1318 2052 sensurus
1344 1987 1399 2052 sit.

249 2089 358 2154 Unius
373 2090 507 2154 enimin
517 2091 725 2173 possessione
736 2092 864 2156 virtutis
878 2102 939 2170 est,
951 2113 996 2155 ex
1012 2111 1078 2175 qua
1093 2090 1215 2176 depelli
1229 2111 1399 2172 nunquam

248 2201 369 2277 potest.
416 2192 564 2259 Caeteris
579 2196 727 2278 precario
741 2195 864 2261 utitur:
886 2197 962 2279 quis
980 2206 1093 2260 autern
1105 2195 1234 2278 jactura
1250 2205 1401 2259 movetur

247 2296 373 2362 alieni?
418 2297 548 2381 Quodsi
577 2299 697 2382 injuria
731 2299 813 2363 nihil
844 2299 975 2364 laedere
1008 2309 1119 2383 potest
1152 2320 1198 2363 ex
1231 2299 1282 2362 his
1311 2319 1401 2382 quae

250 2403 383 2484 propria
408 2404 567 2485 sapientis
595 2414 681 2477 sunt,
706 2404 785 2487 quia
811 2405 933 2470 virtute
963 2425 1022 2470 sua
1051 2404 1143 2469 salva
1172 2413 1257 2480 sunt,
1282 2404 1401 2487 injuria

249 2508 390 2587 sapienti
414 2526 480 2571 non
501 2517 614 2590 potest
634 2506 712 2571 lieri.
757 2508 930 2592 Megaram
958 2507 1039 2574 rex1
1061 2509 1251 2574 Demetrius
1271 2517 1401 2590 ceperat

249 2611 301 2674 cui
332 2609 541 2695 cognomen²
568 2612 770 2677 Poliorcetes
804 2612 874 2676 luit.
928 2612 986 2676 Ab
1023 2612 1087 2677 hoc
1121 2623 1232 2676 autem
1267 2610 1400 2677 Stilbon

249 2714 467 2799 philosophus
481 2716 702 2799 interrogatus
716 2736 795 2780 num
807 2715 932 2800 aliquid
946 2716 1153 2800 perdidisset,
1164 2716 1264 2793 Nihil,
1276 2715 1400 2798 iuquit3

250 2819 362 2883 omnia
392 2838 468 2885 mea
498 2840 627 2886 mecum
658 2829 745 2885 sunt.
796 2820 904 2903 Atqui
936 2831 969 2883 et
1001 2819 1236 2901 patrimonium
1266 2819 1338 2901 ejus
1367 2820 1401 2882 in

250 2924 409 3006 praedam
444 2934 598 3005 cesserat,
626 2935 660 2988 et
697 2923 782 2988 filias
818 2934 973 3008 rapuerat
1010 2923 1115 2988 hostis
1153 2933 1187 2988 et
1224 2923 1332 3007 patria
1369 2923 1401 2986 in

250 3026 393 3092 alienam
414 3027 600 3094 ditionem³
617 3038 820 3113 pervenerat,
834 3039 868 3094 et
889 3029 997 3111 ipsum
1020 3049 1080 3093 rex
1104 3028 1317 3094 circumfusus
1334 3029 1401 3092 vic·

251 3133 333 3196 toris
353 3133 520 3197 exercitus
540 3135 640 3198 armis
662 3154 708 3197 ex
731 3133 901 3217 superiore
923 3131 998 3196 loco
1022 3133 1198 3217 rogitabat.
1244 3128 1326 3220 [At]
1349 3131 1402 3197 ille

250 3236 422 3300 victoriam
443 3237 490 3301 illi
506 3238 662 3313 excussit,
677 3247 713 3302 et
732 3260 768 3302 se
789 3239 870 3301 urbe
889 3247 986 3319 capta
1001 3256 1069 3300 non
1085 3236 1243 3302 invictum
1260 3245 1403 3313 tantum,

252 3343 312 3404 sed
336 3341 526 3406 indemnem
552 3362 626 3406 esse
647 3351 790 3407 testatus
813 3350 882 3406 est:
910 3342 1055 3406 habebat
1077 3343 1164 3404 enim
1188 3361 1264 3405 vera
1290 3361 1402 3406 secum

251 3446 349 3520 bona,
372 3447 405 3508 in
433 3466 520 3528 quae
545 3466 612 3510 non
642 3457 693 3512 est
720 3466 836 3511 manus
863 3444 1007 3528 injectio,
1053 3445 1104 3510 At
1129 3466 1216 3529 quae
1244 3446 1404 3528 dissipata

252 3559 287 3612 et
313 3550 442 3631 direpta
466 3550 660 3628 ferebantur,
688 3571 754 3615 non
777 3550 951 3632 judicabat
976 3570 1045 3630 sua,
1070 3551 1128 3614 sed
1156 3550 1343 3614 adventicia
1370 3559 1404 3613 et

252 3663 370 3717 nutum
396 3655 548 3719 fortunae
577 3655 770 3737 sequentia;
803 3656 879 3718 ideo
909 3665 946 3719 ut
976 3675 1043 3719 non
1069 3654 1201 3738 propria
1231 3654 1404 3718 dilexerat.

253 3757 413 3824 Omnium
445 3760 533 3822 enim
567 3759 773 3824 extrinsecus
811 3757 1017 3823 affluentium
1053 3758 1179 3822 lubrica
1210 3767 1245 3820 et
1281 3757 1404 3822 incerta

253 3863 417 3944 possessio
447 3861 517 3927 est.’
563 3862 706 3945 Sapiens
730 3863 866 3945 ‘aspicit
896 3864 979 3926 dura
1006 3908 1013 3923 .
1041 3907 1049 3924 .
1075 3910 1083 3923 .
1109 3871 1143 3925 et
1169 3859 1233 3925 fert
1258 3861 1404 3926 secunda
1417 3881 1534 3931 oecon-

253 3967 433 4041 moderate,
457 3986 518 4032 nec
543 3965 605 4031 illis
635 3963 777 4031 cedens⁴
804 3987 864 4032 nec
890 3966 941 4030 his
967 3965 1078 4030 fretus.
1124 3964 1222 4029 Unus
1248 3964 1403 4047 idemque
1415 3947 1514 4079 {²3¹}

254 4070 340 4135 inter
368 4071 497 4135 diversa
527 4081 587 4150 est,
614 4071 876 4154 necquicquam
911 4090 1008 4135 suum
1042 4069 1103 4132 nisi
1135 4089 1171 4132 se
1197 4077 1295 4152 putat
1322 4089 1404 4146 esse,

253 4194 293 4236 ea
318 4183 413 4256 parte
438 4194 504 4256 qua
531 4173 648 4238 melior
673 4184 735 4239 est.
759 4220 768 4238 .
792 4222 800 4239 .
824 4223 833 4240 .
857 4173 920 4238 Illa
946 4194 1031 4256 quae
1061 4171 1245 4254 sapientem
1271 4181 1405 4236 tuentur

253 4287 289 4342 et
313 4299 334 4342 a
360 4276 497 4343 flamma
522 4288 556 4342 et
584 4271 658 4365 [ab]
686 4277 816 4344 incursu
845 4288 917 4342 tuta
947 4286 1045 4356 sunt;
1080 4275 1207 4340 nullum
1234 4275 1404 4341 introitum

254 4382 423 4464 praebent,
439 4379 580 4459 excelsa,
594 4382 874 4467 inexpugnabilia,
891 4384 956 4447 deo
973 4379 1099 4463 aequa?

287 4549 296 4579 ¹
314 4567 370 4613 rex,
383 4551 432 4601 ins.
444 4551 524 4604 MSS.
667 4551 678 4582 ²
694 4568 798 4614 nomen,
810 4551 887 4603 MSS.
1037 4551 1048 4580 ⁸
1064 4550 1249 4610 conditionem,
1262 4549 1340 4602 uSS.

286 4630 297 4659 ⁴
313 4632 419 4690 ndens,
432 4630 510 4681 MSS.
544 4630 574 4679 ln
586 4630 638 4680 this
648 4639 773 4680 sentence
785 4631 888 4681 Seneca
899 4630 956 4691 has,
968 4630 1084 4694 aspiciat,
1095 4631 1155 4690 und,
1168 4629 1242 4679 ierat.

298 4723 380 4776 voh.
396 4725 434 4775 11.
814 4725 840 4774 X
