3542 5359
327 621 659 683 PERSPECTIVAE
683 623 797 681 PARS
822 623 1047 682 SECUNDA:
1080 622 1186 682 DIST
1209 624 1267 681 III.
1321 637 1379 696 109

226 787 397 850 decrescit.
458 787 546 850 Nam
583 786 762 870 aliquando
798 785 889 849 basis
926 786 1110 868 pyramidis
1146 786 1229 850 lucis
1263 785 1379 848 solaris
1391 785 1491 863 pirineo
1504 787 1538 848 by

226 892 421 974 occupantis
460 912 579 975 corpus
615 892 721 967 lunae,
751 900 891 973 apparet
929 890 1016 954 linea
1051 891 1202 967 arenariis,
1231 900 1269 954 ut
1301 851 1536 966 anteffilitlg.

226 997 406 1081 septimum
430 995 516 1060 diem
541 1007 574 1059 et
598 1007 684 1078 post,
706 996 764 1059 sed
788 997 820 1057 in
844 996 987 1078 septimo
1008 1006 1147 1077 apparet
1169 994 1257 1058 linea
1279 1004 1378 1057 recta.
1391 999 1453 1032 roes.

229 1101 334 1183 Cujus
349 1121 483 1164 causam
499 1100 700 1164 Aristoteles
719 1101 865 1162 secundo
884 1098 976 1163 Coeli
989 1109 1022 1162 et
1035 1099 1156 1163 Mundi
1168 1111 1202 1163 et
1214 1100 1379 1163 Averroes

229 1205 428 1288 imperfectis
446 1215 479 1268 et
501 1205 694 1268 transitoriis
713 1201 941 1267 sermonibus¹
958 1203 1144 1278 occultant3
1174 1215 1276 1286 atque
1297 1202 1381 1265 liber

230 1310 479 1373 Problematum
492 1309 684 1372 Aristotelis
699 1309 839 1371 Latinus
849 1328 929 1370 suae
941 1309 1163 1372 translationis
1177 1308 1381 1370 obscuritate

228 1415 347 1478 dubios
375 1434 436 1476 nos
467 1412 629 1495 relinquit.
677 1413 798 1476 Mirum
829 1413 917 1475 enim
947 1414 1027 1476 satis
1053 1423 1112 1491 est,
1134 1433 1236 1495 quare
1262 1413 1379 1475 eadem

226 1518 316 1580 linea
325 1537 424 1582 curva
436 1529 575 1601 apparet
587 1518 767 1599 aliquando
783 1527 880 1589 recta,
893 1516 1072 1598 aliquando
1087 1537 1194 1595 curva,
1205 1537 1249 1580 ex
1263 1517 1379 1580 eadem

228 1621 394 1686 distantia.
439 1621 476 1686 Si
495 1623 583 1685 enim
605 1621 789 1683 secundum
810 1639 944 1683 causam
963 1621 1077 1684 datam
1098 1623 1141 1686 de
1163 1621 1382 1684 immoderata

227 1726 434 1809 longitudine
464 1725 551 1790 linea
581 1725 719 1789 arcualis
748 1726 848 1788 debet
877 1745 1039 1808 apparere
1068 1737 1177 1790 recta:
1210 1725 1382 1808 quomodo

127 1909 132 1918 ¹
227 1853 309 1914 ergo
331 1833 454 1915 poterit
477 1833 610 1916 pluries,
631 1831 734 1893 immo
755 1830 822 1894 sere
843 1850 903 1913 per
919 1840 1028 1895 totum
1052 1851 1199 1895 mensem
1222 1831 1381 1907 lunarem,

227 1956 389 2019 apparere
404 1957 513 2012 curva,
529 1948 562 2000 et
577 1936 628 1999 bis
643 1945 774 1998 tantum
793 1945 882 1998 recta
895 1934 1061 2016 judicari?

271 2039 518 2104 Abstrahamus
540 2059 620 2122 ergo
643 2059 703 2102 nos
726 2061 745 2103 a
768 2059 876 2116 sensu,
898 2050 933 2102 et
956 2040 1176 2122 imaginemur
1196 2039 1379 2102 secundum
1392 2051 1511 2129 Tmeqx-

226 2144 412 2222 veritatem,
439 2145 549 2208 lunam
576 2165 648 2208 esse
674 2164 795 2226 corpus
818 2144 1037 2227 sphaericum,
1063 2154 1097 2206 et
1123 2143 1230 2225 primo
1260 2117 1527 2206 intelli-th‘wn'

227 2269 347 2331 gamus
362 2269 434 2313 eam
451 2269 522 2312 esse
538 2250 680 2330 positam
702 2249 801 2330 juxta
825 2269 886 2311 nos
910 2249 942 2310 in
966 2249 1124 2313 distantia
1147 2248 1330 2322 moderata,
1345 2257 1379 2310 et

227 2352 333 2417 solem
359 2353 517 2432 similiter,
542 2355 588 2416 ita
615 2363 726 2416 tamen
755 2353 846 2434 quod
871 2353 1016 2417 habeant
1042 2354 1181 2415 eandem
1209 2371 1380 2433 compara·

227 2459 353 2522 tionem
378 2460 420 2521 ad
449 2457 597 2533 invicem,
624 2468 657 2522 et
683 2468 793 2520 motus
817 2478 895 2521 suos
921 2459 1006 2520 sicut
1032 2459 1065 2520 in
1094 2456 1199 2532 coelo,
1225 2467 1259 2520 et
1289 2456 1378 2537 quod

229 2565 370 2627 eundem
387 2573 572 2646 respectum
589 2561 733 2624 habeant
750 2572 899 2645 respectu
914 2563 1004 2624 visus
1019 2563 1120 2626 nostri
1144 2563 1229 2625 sicut
1244 2561 1379 2644 quando

229 2677 307 2732 sunt
337 2669 369 2731 iu
399 2666 501 2742 coelo,
526 2676 668 2750 excepto
697 2668 787 2748 quod
813 2667 972 2730 distantia
994 2686 1061 2730 non
1085 2667 1128 2729 sit
1151 2667 1380 2729 immoderata.

228 2771 325 2835 Tunc
348 2772 402 2834 hic
424 2772 610 2835 videbimus
632 2772 715 2834 duas
738 2771 952 2854 pyramides3
975 2790 1039 2832 una
1062 2779 1113 2832 est
1130 2768 1270 2845 visualis,
1286 2769 1381 2850 cujus

229 2876 318 2939 basis
348 2885 398 2938 est
428 2876 538 2957 portio
561 2875 742 2958 superficiei
769 2875 867 2937 lunae
894 2873 989 2936 nobis
1015 2873 1155 2955 objecta,
1181 2883 1215 2935 et
1238 2873 1303 2936 alia
1329 2883 1381 2936 est

229 2981 375 3062 pyramis
389 2980 552 3043 luminosa
567 2981 690 3056 solaris,
705 2979 798 3061 cujus
813 2979 902 3042 basis
920 2977 1108 3060 principalis
1124 2987 1175 3039 est
1193 2976 1380 3060 superficies

227 3084 317 3148 solis.
364 3083 408 3146 Et
423 3085 578 3165 quoniam
595 3084 676 3147 haec
692 3085 837 3167 pyramis
852 3093 903 3146 est
918 3102 1025 3159 curva,
1040 3103 1081 3144 eo
1096 3083 1186 3163 quod
1201 3079 1380 3164 antequam

229 3189 335 3272 possit
351 3188 519 3270 pervenire
535 3189 577 3250 ad
593 3207 713 3250 conum
735 3208 830 3250 suum
849 3187 992 3250 occurrit
1011 3187 1041 3249 ei
1062 3185 1249 3269 superficies
1273 3187 1379 3266 lunae,

228 3301 362 3375 oportet
390 3294 480 3375 quod
514 3290 636 3355 habeat
670 3293 715 3355 ibi
746 3292 852 3356 basim
883 3289 1144 3368 secundariam²,
1175 3290 1251 3354 licet
1280 3291 1380 3373 longe

229 3397 391 3460 minorem
406 3397 521 3480 prima,
537 3404 571 3459 et
586 3407 636 3460 est
653 3395 757 3476 major
777 3396 886 3479 portio
909 3394 1007 3458 lunae
1024 3395 1155 3477 obJecta
1172 3395 1241 3458 soli.
1285 3394 1380 3458 Ante

228 3521 306 3564 vero
330 3521 430 3583 quam
455 3521 531 3583 pars
556 3498 655 3564 lunae
680 3499 813 3582 objecta
834 3501 917 3563 visui
941 3509 1054 3563 nostro
1075 3499 1192 3581 incipit
1213 3499 1245 3561 in
1267 3499 1380 3581 aliquo

228 3604 413 3678 illuminari,
427 3605 552 3669 scilicet
567 3605 646 3667 dum
664 3603 713 3666 sol
733 3615 768 3668 et
788 3604 865 3668 luna
885 3613 961 3669 sunt
981 3604 1015 3667 in
1035 3603 1277 3685 conjunctione,
1291 3603 1380 3667 basis

228 3711 412 3792 pyramidis
428 3708 508 3771 lucis
524 3708 639 3772 solaris
655 3728 721 3771 non
742 3709 960 3792 apprehendit
984 3708 1108 3789 aliquid
1127 3708 1170 3770 de
1189 3707 1259 3770 basi
1281 3727 1378 3789 pyra-

229 3814 328 3877 midis
343 3814 486 3878 visualis.
543 3813 611 3878 Sed
627 3833 727 3896 quam
743 3815 810 3878 cito
824 3823 995 3898 separatur
1014 3814 1091 3876 luna
1109 3835 1129 3877 a
1149 3813 1380 3894 conjunctione

229 3940 299 3996 sua,
322 3929 360 3982 ut
389 3919 498 4001 aliqua
525 3938 601 4001 pars
627 3920 670 3982 de
694 3920 845 4002 portione
871 3919 1055 3982 illuminata
1077 3918 1251 3999 objiciatur
1273 3919 1379 3994 nobis,

227 4035 309 4087 tunc
332 4022 419 4087 basis
442 4023 622 4106 pyramidis
645 4023 722 4085 solis
745 4033 886 4106 occupat
909 4023 999 4085 illam
1022 4031 1150 4106 partem
1173 4023 1261 4086 basis
1283 4043 1380 4103 pyra·

229 4127 329 4190 midis
344 4125 485 4206 visualis,
501 4138 535 4191 et
555 4127 629 4191 ideo
649 4125 760 4189 circuli
781 4127 912 4190 illorum
935 4128 1047 4190 statim
1070 4128 1268 4190 intersecant
1289 4145 1324 4188 se
1346 4125 1380 4188 in

227 4230 358 4294 duobus
380 4231 469 4305 locis,
491 4239 526 4293 et
548 4231 719 4294 includunt
742 4230 825 4294 inira
849 4253 883 4294 se
907 4243 1036 4313 partem
1059 4229 1287 4293 illuminatam.
1332 4229 1379 4293 Et

260 4413 433 4464 ¹Aristotle's
454 4414 557 4462 remark
580 4429 613 4462 on
637 4415 683 4464 the
705 4411 806 4463 moon's
827 4413 924 4476 phasea
946 4413 972 4462 in
994 4413 1034 4462 Dr
1056 4413 1127 4463 coelo
1150 4413 1188 4476 (ii.
1208 4427 1263 4474 cap.
1284 4412 1336 4475 ιι),
1357 4414 1379 4461 is

225 4493 404 4555 undoubtedly
415 4507 528 4554 mugre.

259 4571 270 4599 ¹
286 4571 352 4621 Tbat
365 4571 396 4630 is,
408 4571 428 4618 it
440 4571 462 4620 is
473 4586 490 4619 a
500 4571 636 4620 tnrncuted
648 4586 723 4620 cone.
756 4569 812 4618 The
830 4587 877 4619 use
894 4570 924 4620 os
937 4571 982 4618 the
994 4572 1068 4619 word
1084 4586 1161 4618 conus
1177 4577 1205 4618 to
1222 4570 1317 4618 denote
1334 4571 1379 4619 the

224 4665 296 4716 apex
308 4649 337 4699 ol
346 4651 467 4700 ruccone
479 4649 526 4697 lm
537 4648 603 4698 been
614 4649 720 4711 already
733 4650 820 4698 noted.
854 4649 893 4699 Cf.
905 4649 954 4699 vol.
967 4650 983 4698 i.
996 4665 1021 4712 p.
1035 4664 1088 4711 1¹9
