3542 5359
402 581 598 640 MORALIS
622 581 919 641 PHILOSOPHIA
930 603 940 638 :
965 581 1081 640 PARS
1111 581 1274 641 TERTIA.
1352 597 1413 659 303

261 749 366 828 ergo?
389 745 525 824 miraris,
540 747 567 808 si
587 745 621 810 id
639 745 732 809 Deus
752 744 842 809 bono
860 745 931 810 viro
951 745 1101 809 accidere
1119 744 1244 829 patitur
1257 746 1347 827 quod
1364 745 1413 808 vir

260 847 368 912 bonus
390 850 570 932 aliquando
593 851 664 914 vult
686 849 750 914 sibi
772 849 1027 914 accideret...
1051 848 1136 913 Puta
1162 849 1274 932 itaque
1301 849 1412 912 Deum

260 952 378 1029 dicere,
406 953 497 1036 Quid
523 954 655 1020 habetis
676 955 766 1037 quod
793 955 836 1017 de
860 975 914 1018 me
938 953 1031 1036 queri
1054 954 1188 1035 possitis
1209 975 1269 1018 vos
1291 954 1413 1036 quibus

260 1067 349 1121 rocta
378 1057 598 1140 placuerunt?
634 1058 708 1122 aliis
737 1059 827 1122 bona
858 1056 940 1123 falsa
973 1056 1182 1134 circumdedi,
1215 1068 1250 1123 et
1281 1059 1412 1124 animos

262 1160 376 1224 inanes
392 1162 483 1226 velut
501 1161 601 1246 longo
623 1162 797 1244 fallacique
813 1161 944 1224 somnio
962 1160 1045 1240 lusi;
1067 1182 1146 1226 auto
1164 1161 1237 1225 illos
1261 1171 1294 1225 et
1312 1161 1412 1226 ebore

261 1264 441 1343 adornavi;
464 1268 553 1330 intus
568 1267 648 1332 boni
669 1265 750 1330 nihil
769 1275 830 1332 est.
876 1265 937 1330 Isti
955 1287 1039 1349 quos
1057 1285 1119 1347 pro
1137 1263 1307 1329 felicibus¹
1324 1266 1412 1349 aspi·

260 1369 308 1431 cis
327 1371 355 1432 si
375 1389 443 1433 non
460 1392 527 1454 qua
545 1381 730 1448 occurrunt,
745 1372 803 1435 sed
825 1391 892 1452 qua
915 1369 1018 1434 latent
1040 1370 1169 1450 videris,
1190 1369 1300 1433 miseri
1323 1380 1413 1446 sunt,

262 1472 397 1548 sordidi,
413 1482 533 1557 turpes,
549 1476 593 1538 ad
608 1474 857 1538 similitudinem
873 1475 1037 1558 parietum
1053 1495 1188 1538 suorum
1208 1475 1413 1539 extrinsecus

261 1577 353 1642 culti.
399 1578 476 1641 Non
499 1588 550 1642 est
576 1580 640 1643 ista
665 1577 772 1644 solida
799 1589 834 1642 et
860 1580 986 1643 sincera
1011 1577 1159 1643 felicitas,
1206 1579 1325 1643 Crusta
1352 1589 1413 1656 est,

262 1689 297 1744 et
311 1681 447 1763 quidem
463 1683 581 1747 tenuis
628 1682 746 1765 Itaque
760 1684 840 1747 dum
857 1683 921 1747 illis
936 1682 1014 1748 licet
1029 1693 1118 1748 stare
1132 1694 1166 1748 et
1181 1684 1224 1746 ad
1241 1682 1412 1747 arbitrium

261 1805 359 1848 suum
382 1787 522 1864 ostendi,
543 1789 651 1851 nitent
673 1799 707 1851 et
731 1784 925 1871 imponunt’
949 1785 996 1872 (id
1020 1797 1071 1852 est
1093 1787 1258 1872 pingunt).
1301 1787 1411 1853 ‘Cum

261 1888 387 1972 aliquid
399 1892 550 1957 inciderit
565 1893 655 1977 quod
671 1891 835 1956 disturbet
851 1902 885 1956 et
900 1893 1046 1974 detegat,
1059 1902 1136 1957 tunc
1152 1902 1292 1974 apparet
1306 1912 1413 1974 quan-

262 2003 334 2058 tum
357 1995 446 2059 altae
475 2016 515 2059 ac
540 2017 637 2060 verae
667 1996 834 2060 foeditatis
859 1996 986 2061 alienus
1013 1995 1168 2079 splendor
1194 1996 1412 2061 absconderit.

261 2097 367 2162 Vobis
377 2100 455 2163 dedi
466 2100 553 2164 bona
566 2111 666 2174 certa,
676 2121 838 2180 mansura,
849 2110 975 2184 quanto
988 2101 1093 2182 magis
1104 2101 1283 2164 versaverit
1294 2099 1413 2182 aliquis

261 2210 296 2266 et
326 2204 471 2287 undique
500 2205 689 2288 inspexerit,
718 2206 855 2269 meliora
896 2204 1096 2288 majoraque.
1150 2205 1287 2270 Permisi
1317 2205 1413 2269 vobis

261 2309 440 2372 metuenda
470 2320 695 2387 contemnere,
723 2309 922 2391 cupiditates
954 2308 1112 2373 fastidire.
1171 2309 1248 2372 Non
1278 2307 1413 2391 fulgetis

264 2413 479 2491 extrinsecus,
494 2414 584 2483 bona
597 2424 707 2478 vestra
722 2414 881 2478 introrsus
901 2414 1042 2478 obversa
1064 2423 1149 2477 sunt.
1196 2412 1252 2478 Sic
1269 2416 1413 2478 mundus

263 2517 431 2581 exteriora
466 2519 677 2601 contempsit,
707 2517 898 2600 spectaculo
937 2517 987 2583 sui
1025 2517 1139 2582 laetus.
1186 2517 1279 2582 intus
1317 2537 1415 2581 omne

264 2622 374 2703 posuit
392 2619 529 2686 bonum.
567 2624 645 2686 Non
666 2642 763 2706 egere
781 2621 947 2696 felicitate,
967 2620 1107 2685 felicitas
1127 2631 1237 2686 vestra
1260 2631 1320 2687 est.
1365 2622 1416 2685 At

264 2725 369 2789 multa
398 2727 548 2791 incidunt
577 2727 684 2791 tristia
713 2727 886 2805 horrenda,
916 2727 999 2790 dura
1028 2725 1181 2789 toleratu.
1236 2724 1325 2807 Quia
1348 2745 1414 2789 non

263 2839 414 2911 poteram
434 2852 495 2896 vos
517 2832 588 2896 istis
610 2831 803 2908 subducere,
823 2831 952 2894 animos
974 2839 1100 2894 vestros
1122 2829 1280 2892 adversus
1302 2831 1414 2894 omnia

263 2935 398 3000 armavi.
443 2935 590 3000 Fortiter
609 2934 693 3000 ferte
704 2958 714 3014 ;
736 2936 798 2999 hoc
818 2945 869 3000 est
889 2955 957 3017 quo
974 2934 1084 2998 Deum
1106 2932 1330 3010 antecedatis;
1354 2933 1416 2998 Ille

263 3048 361 3101 extra
389 3040 584 3122 patientiam
616 3039 780 3104 malorum
810 3051 881 3116 est;
908 3059 968 3103 vos
998 3058 1097 3122 supra
1128 3037 1414 3121 patientiam...

265 3143 356 3206 Dum
372 3155 507 3227 optatur
521 3146 600 3223 vita,
617 3156 759 3210 mortem
775 3143 977 3209 condiscite!

684 3396 911 3462 Cnmrunuru
936 3393 998 3459 XI.

308 3564 355 3629 Et
382 3565 415 3628 in
442 3564 527 3628 libro
552 3566 596 3630 ad
622 3563 794 3642 Serenum,
816 3563 931 3647 Quare
957 3564 991 3627 in
1018 3563 1204 3646 sapientem
1230 3583 1296 3627 non
1325 3565 1416 3628 cadit
1430 3577 1517 3627 Proon
1533 3577 1587 3626 thu

264 3667 382 3750 injuria
411 3690 473 3732 nec
502 3669 726 3747 contumelia;
765 3668 922 3751 proponit
952 3689 1122 3750 nunquam
1153 3669 1337 3750 sapientem
1368 3643 1586 3758 in-fffflffibe

261 3771 382 3855 juriam
414 3773 560 3855 recipere
588 3793 650 3838 nec
686 3773 922 3837 contumeliam
953 3793 1062 3855 posse.
1117 3772 1163 3836 Et
1193 3773 1314 3855 probat
1343 3773 1417 3851 hoc,
1430 3773 1535 3851 aflecstd

263 3878 395 3952 dicens3
425 3877 524 3962 ‘Ego
548 3875 650 3942 ver0²
673 3877 858 3959 sapientem
885 3897 952 3941 non
975 3877 1169 3961 imaginario
1195 3876 1321 3941 honore
1345 3897 1416 3940 ver·
1429 3839 1571 3969 Γῃῗζξζξῖ

263 3981 383 4046 borum
417 4001 580 4045 exornare
613 3983 778 4057 constitui,
807 3984 865 4046 sed
897 4003 938 4046 eo
971 3981 1045 4046 loco
1074 4001 1197 4066 ponere
1229 4000 1297 4062 quo
1328 3979 1416 4044 nulla
1430 3970 1514 4084 iffi}-

262 4087 476 4168 permittatur
507 4085 634 4167 injuria
689 4083 780 4168 Quid
810 4091 916 4168 ergo?
959 4105 1058 4150 nemo
1092 4085 1153 4148 erit
1183 4085 1238 4166 qui
1269 4083 1416 4164 lacessat,
1429 4099 1543 4150 seneoe’s

263 4191 320 4272 qui
345 4193 511 4273 temptet?
544 4189 625 4253 nihil
651 4188 685 4252 in
710 4211 819 4254 rerum
845 4199 963 4254 natura
989 4200 1059 4254 tam
1085 4209 1214 4252 sacrum
1240 4199 1302 4266 est,
1325 4189 1416 4271 quod
1429 4166 1549 4282 Ἐξιὲξζθ

262 4293 461 4377 sacrilegum
497 4315 563 4358 non
595 4295 761 4371 inveniat3
797 4294 858 4358 sed
886 4314 953 4358 non
983 4293 1060 4357 ideo
1095 4292 1206 4356 divina
1240 4293 1350 4356 minus
1383 4292 1417 4357 in
1429 4298 1529 4430 {⁸313

294 4465 305 4498 ¹
321 4467 447 4526 fidelibus,
456 4475 505 4532 pm
516 4467 640 4527 felicibus,
652 4465 709 4516 MS.

295 4545 306 4576 ²
323 4545 399 4595 From
417 4546 469 4596 this
484 4546 557 4609 point
567 4555 593 4595 to
609 4562 634 4609 p.
646 4561 703 4608 311,
716 4545 804 4594 follow
821 4552 935 4595 extracta
951 4545 1016 4594 from
1033 4544 1077 4593 the
1092 4543 1212 4606 dialogue
1223 4543 1266 4594 Ad
1278 4543 1416 4607 Serenum,

262 4623 303 4674 De
311 4623 459 4676 commea
470 4625 597 4688 Saffl'eutrir
607 4626 701 4689 (noted
711 4640 740 4674 as
751 4625 820 4674 Dial.
834 4624 877 4674 lib.
892 4625 916 4673 ii.
930 4625 956 4673 iu
970 4622 1080 4674 lluse’s
1091 4623 1209 4688 edition).
