3542 5359
185 1119 225 1183 lle
237 1119 319 1167 Rrevi-

182 1191 233 1233 tate
245 1185 325 1246 Vitae,

183 1264 237 1313 cap.
252 1266 274 1299 a.

354 637 414 699 324
566 619 721 678 OPERIS
746 617 933 688 nasonis
958 616 1073 676 nans
1096 613 1295 674 SEPTIMA.

354 783 478 847 malum
516 783 689 847 dominum
731 789 959 866 pervenerunt,
998 789 1169 844 momento
1205 779 1428 861 dissipantur3
1469 783 1505 838 at

352 889 503 970 quamvis
518 889 667 952 modicae
681 888 708 951 si
730 888 820 951 bono
836 886 966 950 custodi
987 884 1130 948 traditae
1152 894 1240 958 sunt,
1256 901 1317 946 usu
1333 888 1504 953 crescunt;

354 993 400 1054 ita
415 1000 507 1056 aetas
523 1000 635 1054 nostra
651 991 735 1055 hene
751 989 939 1074 disponenti
956 986 1097 1052 multum
1114 985 1226 1070 patet.’

395 1095 491 1159 ‘Vita
523 1096 550 1158 si
580 1095 627 1158 uti
658 1096 752 1167 scias,
782 1095 880 1176 longa
911 1103 970 1156 est.
1029 1091 1145 1155 Alium
1177 1089 1374 1155 insatiabilis
1410 1096 1504 1153 tenet

351 1200 498 1278 avaritia,
527 1199 628 1263 alium
661 1200 694 1261 in
724 1199 936 1280 supervacuis
967 1198 1134 1261 laboribus
1164 1215 1303 1278 operosa
1333 1192 1502 1258 sedulitas.

349 1301 448 1368 Alius
470 1303 547 1367 vino
572 1304 693 1367 madet.
739 1302 837 1366 Alius
861 1303 980 1365 inertia
1003 1309 1169 1384 torpet..
1193 1349 1200 1364 .
1221 1299 1333 1363 Omne
1356 1297 1502 1381 spatium

348 1427 413 1471 non
428 1408 504 1484 vita,
521 1407 578 1471 sed
594 1418 728 1489 tempus
743 1417 803 1470 est
851 1406 1014 1488 Urgentia
1029 1406 1243 1470 circumstant
1258 1403 1339 1467 vitia
1355 1401 1502 1484 undique

346 1531 407 1575 nec
431 1532 600 1593 resurgere
622 1520 680 1574 aut
708 1511 741 1573 in
767 1510 952 1592 dispectum
975 1510 1043 1573 veri
1070 1508 1222 1572 attollere
1244 1507 1358 1571 oculos
1381 1506 1501 1578 sinunt,

348 1608 438 1701 [sed]
464 1635 588 1678 mersos
610 1625 644 1678 et
667 1616 700 1678 in
722 1613 938 1697 cupiditatem
962 1612 1085 1678 infixos
1105 1621 1271 1696 premunt.
1318 1611 1499 1692 Nunquam

347 1717 411 1782 illis
434 1739 597 1783 recurrere
623 1720 667 1784 ad
690 1739 726 1783 se
750 1718 837 1783 licet.
883 1716 920 1782 Si
947 1721 1079 1801 quando
1104 1717 1214 1799 aliqua
1242 1715 1378 1780 fortuito
1405 1715 1500 1796 quies

346 1823 496 1905 contigit,
516 1824 618 1886 veluti
642 1823 805 1905 profundo
830 1823 923 1896 mari,
948 1823 981 1885 in
1008 1841 1076 1903 quo
1100 1831 1179 1905 post
1203 1829 1339 1884 ventum
1366 1836 1500 1901 quoque

346 1925 507 1991 volutatio
522 1937 581 2003 est,
596 1927 796 1991 fluctuantur
815 1947 875 1990 nec
892 1947 1039 2010 unquam
1056 1925 1120 1990 illis
1138 1946 1158 1988 a
1174 1923 1412 2008 cupiditatibus
1430 1921 1500 1984 suis

344 2025 449 2095 otium
471 2027 592 2096 instat.’
638 2030 719 2095 ‘Ille
741 2033 828 2094 illius
850 2030 959 2095 cultor
982 2040 1042 2107 est,
1068 2031 1121 2094 hic
1144 2029 1240 2093 illius,
1285 2027 1372 2091 Suus
1398 2045 1499 2088 nemo

343 2134 413 2200 est?

387 2239 528 2306 ‘Omnia
548 2239 633 2318 licet,
648 2261 735 2322 quae
753 2259 901 2322 unquam
918 2239 1049 2321 ingenia
1068 2237 1234 2313 fulserunt,
1252 2236 1284 2298 in
1307 2233 1371 2298 hoc
1392 2253 1496 2296 unum

343 2345 563 2422 consentiant,
585 2365 754 2426 nunquam
778 2346 859 2408 satis
881 2344 968 2407 hanc
991 2344 1211 2407 humanarum
1231 2340 1393 2404 mentium
1415 2338 1496 2401 cali·

342 2451 452 2531 ginem
478 2448 703 2513 mirabuntur.'
749 2449 881 2513 ‘Nemo
913 2450 1080 2513 invenitur
1108 2449 1165 2531 qui
1196 2446 1371 2529 pecuniam
1398 2463 1494 2507 suam

341 2553 487 2617 dividere
509 2553 609 2630 velit;
643 2554 745 2616 vitam
776 2554 1003 2636 unusquisque
1032 2572 1133 2636 quam
1164 2551 1278 2615 multis
1304 2549 1494 2614 distribuit!

341 2657 505 2722 Adstricti
528 2668 605 2721 sunt
625 2659 657 2720 in
680 2658 882 2721 continendo
905 2658 1126 2741 patrimoni03
1149 2656 1247 2720 simul
1266 2655 1308 2718 ad
1328 2654 1494 2735 jacturam

339 2765 502 2844 temporis
516 2771 652 2825 ventum
667 2760 679 2798 ¹
695 2773 754 2839 est,
770 2761 989 2844 profusissimi
1011 2762 1043 2825 in
1063 2781 1103 2826 eo
1121 2762 1216 2843 cujus
1240 2761 1337 2823 unius
1352 2757 1495 2823 honesta

339 2869 475 2930 avaritia
495 2876 546 2930 est
570 2914 577 2930 .
602 2914 608 2927 .
633 2913 639 2927 .
665 2865 873 2930 Centesimus
896 2867 957 2930 tibi
980 2866 1032 2929 vel
1055 2885 1155 2948 supra
1181 2865 1342 2948 premitur
1367 2883 1495 2933 annus;

338 2973 493 3051 agedum,
523 2971 566 3032 ad
605 2969 886 3052 computationem
922 2980 1068 3034 aetatem
1106 2980 1199 3032 tuam
1239 2987 1365 3032 revoca.
1428 2966 1494 3030 Dic

336 3085 499 3156 quantum
520 3095 563 3136 ex
586 3075 648 3136 isto
668 3084 821 3156 tempore
842 3075 992 3152 creditor,
1012 3084 1172 3156 quantum
1192 3073 1308 3148 amica,
1329 3082 1492 3154 quantum

338 3198 406 3249 rex,
423 3188 585 3260 quantum
601 3177 702 3241 cliens
717 3178 891 3241 abstulerit
905 3198 912 3254 ;
935 3189 1096 3260 quantum
1115 3177 1154 3240 lis
1163 3174 1186 3254 ²,
1201 3186 1362 3259 quantum
1380 3195 1491 3239 servo·

337 3300 410 3345 rum
427 3282 590 3358 coerciti0,
602 3292 761 3362 quantum
775 3283 921 3346 officiosa
933 3303 992 3366 per
1004 3283 1119 3346 urbem
1130 3282 1337 3346 discursatio
1370 3279 1492 3361 Adjice

338 3386 473 3448 morbos
503 3405 586 3467 quos
618 3406 717 3447 manu
748 3386 896 3450 fecimus.
950 3386 1074 3467 Adjice
1106 3388 1197 3469 quod
1231 3379 1295 3472 [et]
1327 3387 1400 3448 sine
1429 3405 1490 3449 usu

332 3487 457 3568 jacuit;
489 3489 618 3552 videbis
648 3499 681 3551 te
710 3490 882 3569 pauciores
910 3511 1014 3553 annos
1041 3490 1162 3554 habere
1192 3509 1293 3572 quam
1325 3509 1491 3552 numeras.

336 3591 466 3672 Repete
497 3592 655 3656 memoria
686 3603 795 3656 tecum
825 3595 961 3676 quando
992 3605 1100 3658 certus
1134 3593 1260 3657 consilii
1292 3593 1390 3656 lucris
1415 3639 1423 3654 .
1449 3639 1456 3654 .
1481 3639 1490 3656 .

334 3700 468 3778 quando
498 3697 584 3760 tibi³
611 3716 688 3760 usus
718 3699 766 3762 tui
797 3700 904 3778 luerit,
927 3700 1061 3781 quando
1095 3699 1128 3762 in
1163 3709 1253 3761 statu
1284 3720 1346 3762 suo
1369 3699 1490 3776 vultuS,

333 3801 467 3882 quando
482 3801 613 3864 animus
625 3803 818 3885 intrepidus,
832 3851 839 3864 .
853 3850 860 3864 .
875 3853 882 3868 .
895 3824 997 3885 quam
1010 3804 1104 3867 multi
1116 3805 1220 3868 vitam
1234 3813 1328 3867 tuam
1341 3803 1488 3886 diripue-

333 3905 405 3981 rint,
415 3915 449 3968 te
465 3925 531 3969 non
547 3906 709 3970 sentiente
724 3907 804 3988 quid
817 3909 973 3988 perderes
986 3954 993 3967 .
1007 3954 1014 3969 .
1028 3955 1036 3970 .
1050 3907 1214 3992 intelliges
1226 3917 1260 3970 te
1273 3907 1489 3970 immaturum

333 4009 426 4071 mori.
461 4008 551 4091 Quid
567 4030 647 4091 ergo
662 4019 711 4073 est
726 4011 758 4071 in
774 4016 896 4074 causa?
917 4022 1075 4093 tanquam
1093 4031 1224 4094 semper
1238 4012 1356 4076 victuri
1369 4012 1488 4075 vivitis

331 4111 526 4195 Numquam
541 4114 637 4176 vobis
657 4113 816 4194 fragilitas
831 4124 941 4177 vestra
963 4115 1129 4179 succurrit.
1176 4116 1303 4181 Omnia
1324 4125 1488 4195 tanquam

331 4215 487 4278 mortales
513 4215 646 4291 timetis,
672 4217 785 4278 omnia
815 4227 976 4299 tanquam
1008 4219 1212 4282 immortales
1241 4219 1487 4300 concupiscitis.

364 4363 371 4390 ¹
389 4370 531 4426 temporum
545 4373 707 4427 perventum,
720 4367 776 4416 MS.
1057 4369 1068 4398 ¹
1085 4371 1186 4420 Seneca
1198 4371 1253 4430 has,
1264 4345 1296 4419 lis
1308 4371 1408 4420 uxoria.

362 4441 372 4470 ³
389 4440 460 4489 llere
471 4443 561 4504 begins
573 4445 617 4491 the
627 4459 736 4506 passage
748 4447 802 4494 into
813 4445 907 4506 which,
920 4462 949 4496 as
961 4449 1110 4497 mentioned
1126 4465 1159 4497 on
1176 4465 1200 4511 p.
1214 4464 1270 4510 302.
1286 4450 1330 4498 the
1344 4450 1444 4499 scribes
1461 4451 1494 4500 ol

331 4516 361 4565 D.
380 4519 431 4564 and
449 4519 480 4568 Ο.
499 4521 627 4582 suddenly
637 4537 706 4583 pass,
718 4522 829 4571 without
845 4539 899 4585 any
914 4527 1063 4587 perception
1085 4527 1114 4575 oi
1128 4543 1144 4575 a
1162 4534 1268 4590 rupture
1286 4527 1317 4576 of
1329 4529 1485 4592 continuity.

329 4593 385 4641 The
397 4611 469 4642 error
480 4597 502 4642 is
513 4600 656 4660 accurately
667 4601 758 4661 copied
770 4601 796 4648 in
808 4603 852 4649 the
864 4600 929 4650 Gale
944 4602 1006 4661 MS..
1023 4604 1049 4652 in
1066 4606 1111 4653 the
1126 4607 1277 4667 possession
1294 4606 1324 4654 of
1330 4605 1402 4657 Trin.
1418 4607 1487 4658 Coll.

330 4670 428 4730 Camh„
440 4673 526 4721 which
538 4674 559 4722 is
570 4691 585 4722 a
596 4691 663 4737 copy
675 4676 705 4724 of
713 4677 745 4727 D.
