3542 5359
537 610 738 670 stENm
762 609 1153 669 EXPERIMENTALIS.
1361 607 1419 684 189

265 773 323 836 sed
350 773 485 856 quando
514 772 560 837 sic
590 783 651 848 est,
675 772 750 836 licet
773 771 888 836 videns
914 773 1042 837 accedit
1072 773 1115 836 ad
1145 771 1327 854 speculum,
1350 793 1417 835 non

266 885 403 960 propter
422 876 487 941 hoc
509 885 657 941 mutatur
676 877 737 940 nisi
760 876 850 940 solus
871 874 963 940 locus
985 875 1147 959 imaginis,
1162 887 1199 940 ut
1222 877 1318 940 citius
1339 897 1417 940 con-

267 989 375 1043 currat
412 980 523 1043 radius
552 979 686 1044 visualis
723 1000 797 1044 cum
836 980 978 1055 catheto,
1009 989 1042 1043 et
1081 1000 1147 1043 non
1184 979 1289 1062 fugiet
1325 979 1418 1042 locus

268 1081 455 1148 reflexionis
478 1084 608 1158 mutari,
622 1084 798 1165 praecipue
817 1103 892 1146 cum
913 1083 1083 1166 speculum
1105 1103 1172 1146 non
1192 1085 1224 1146 in
1244 1083 1418 1165 superficie

267 1185 318 1261 sit,
344 1187 403 1250 sed
433 1188 466 1250 in
502 1187 677 1269 profundo,
704 1206 806 1269 quum
837 1195 911 1250 tota
945 1188 1083 1250 materia
1116 1187 1288 1251 rorationis
1317 1187 1420 1252 habet

267 1300 419 1354 naturam
442 1291 575 1373 speculi,
597 1299 631 1354 et
656 1290 732 1354 ideo
757 1289 848 1353 locus
875 1289 1064 1354 reflexionis
1087 1299 1194 1355 mutat
1220 1290 1318 1355 situm
1346 1312 1419 1354 sen-

268 1392 404 1478 sibiliter
425 1396 607 1458 secundum
628 1393 790 1476 judicium
812 1394 910 1458 visus.

313 1496 381 1562 Sed
412 1507 521 1561 totum
551 1497 615 1562 hoc
644 1507 704 1571 est,
731 1517 807 1562 cum
837 1495 888 1562 sol
914 1497 1094 1562 secundum
1121 1497 1294 1562 veritatem
1320 1499 1363 1562 sit
1386 1499 1420 1560 in
1433 1511 1590 1562 nemerim

269 1600 387 1666 eadem
412 1601 567 1666 distantia
590 1609 740 1685 respectu
768 1601 903 1683 speculi,
926 1622 992 1665 non
1014 1611 1066 1666 est
1087 1602 1260 1667 diversitas
1281 1603 1315 1665 in
1339 1602 1421 1666 hora
1433 1577 1590 1706 ζιᾟῖζῖξῆ

269 1705 485 1787 apparitionis
515 1706 604 1770 iridis
634 1706 677 1769 de
703 1726 771 1789 qua
797 1707 983 1770 curandum
1013 1716 1073 1783 est,
1097 1707 1167 1770 sive
1199 1717 1373 1772 moveatur
1400 1708 1519 1769 aontof

271 1807 399 1873 Cancro
429 1830 543 1874 versus
573 1808 742 1873 meridiem
773 1809 844 1872 sive
873 1831 894 1874 a
925 1809 1127 1892 Capricorno
1151 1831 1264 1874 versus
1287 1778 1548 1895 septen-²⁰⁰⁰unl'

270 1912 418 1989 trionem,
437 1913 515 1996 quia
535 1913 637 1977 indie
653 1912 794 1977 naturali
811 1934 877 1977 non
897 1924 1049 1979 movetur
1070 1933 1130 1996 per
1153 1934 1254 1977 unum
1270 1915 1420 1998 gradum.

272 2015 317 2078 Et
344 2016 421 2080 ideo
443 2017 476 2081 in
498 2016 579 2080 hora
602 2017 815 2100 apparitionis
836 2017 928 2082 iridis
950 2037 1015 2081 non
1039 2028 1090 2081 est
1109 2015 1241 2100 aliqua¹
1265 2019 1422 2082 distantia

270 2119 351 2183 solis
380 2141 400 2184 a
428 2120 519 2184 nube
548 2121 678 2185 diversa
707 2122 749 2185 de
780 2141 846 2204 qua
881 2123 925 2186 sit
957 2123 1150 2186 curandum.
1207 2121 1421 2206 Quapropter

271 2223 498 2308 apprehendet
517 2224 587 2307 ejus
607 2226 718 2288 radius
736 2227 874 2289 eandem
894 2226 1093 2290 rotationem
1112 2227 1165 2290 vel
1184 2238 1311 2310 partem
1331 2247 1420 2291 rora·

272 2327 378 2408 tionis,
393 2337 432 2392 ut
445 2329 587 2411 primam
602 2328 654 2392 vel
670 2330 872 2406 secundain;
895 2339 930 2393 et
945 2331 1021 2394 ideo
1037 2351 1113 2412 pars
1128 2328 1239 2413 aliqua
1254 2340 1353 2409 certa,
1367 2329 1420 2395 vel

271 2431 343 2514 ipsa
372 2432 495 2495 roratio
522 2442 606 2511 tota,
633 2430 671 2496 fit
697 2434 868 2518 speculum
895 2435 1082 2500 immotum.
1128 2435 1174 2499 Et
1204 2456 1270 2499 non
1301 2435 1422 2500 sufficit

272 2536 380 2600 dIcere
403 2537 492 2618 quod
516 2537 571 2600 iris
593 2535 679 2620 sugit
701 2549 778 2602 ante
800 2539 977 2617 videntem,
999 2560 1101 2621 quum
1124 2539 1173 2604 sol
1195 2541 1325 2606 videtur
1347 2562 1422 2624 per-

273 2641 374 2722 sequi,
396 2642 546 2724 quamvis
569 2641 634 2706 hoc
657 2643 700 2706 sit
723 2663 847 2720 verum,
870 2652 908 2706 ut
932 2644 979 2707 sic
1001 2644 1168 2708 videretur
1186 2646 1303 2709 variari
1330 2644 1422 2710 locus

274 2743 461 2808 reflexionis
477 2755 511 2809 et
530 2745 631 2822 iridis,
647 2747 722 2829 quia
743 2746 823 2810 solis
839 2747 920 2809 radii
936 2757 1111 2830 penetrant
1126 2757 1232 2812 totam
1249 2750 1421 2812 materiam

274 2849 427 2924 roridam,
449 2859 483 2914 et
505 2850 549 2914 ab
571 2851 662 2912 omni
678 2849 846 2915 stillicidio
869 2850 907 2913 fit
930 2850 1076 2915 reflexio.
1122 2851 1169 2915 Et
1190 2862 1328 2934 propter
1349 2851 1424 2926 hoc,

275 2952 335 3015 nisi
350 2951 437 3016 aliud
454 2964 542 3018 esset
557 2955 590 3017 in
610 2975 719 3030 causa,
739 2955 794 3019 iris
814 2974 882 3018 una
901 2965 1075 3038 appareret
1097 2955 1274 3018 immobilis
1297 2965 1333 3020 et
1354 2953 1425 3018 fixa

274 3077 333 3138 per
347 3066 453 3122 totam
476 3058 685 3136 rotationem,
700 3059 826 3123 habens
845 3059 1092 3140 spissitudinem
1115 3060 1296 3123 secundum
1316 3067 1422 3124 totam

274 3161 483 3225 rotationem.
849 3171 855 3179 ’

318 3264 532 3349 Quapropter
556 3267 733 3331 dicendum
761 3276 821 3345 est,
843 3271 933 3350 quod
961 3268 1016 3331 iris
1045 3287 1113 3332 non
1139 3278 1280 3352 apparet
1304 3268 1365 3333 nisi
1389 3268 1423 3331 in
1437 3275 1587 3352 Conditions

274 3380 365 3433 certa
384 3370 600 3453 dispositione
620 3371 704 3436 aeris
724 3374 906 3437 secundum
929 3372 1088 3454 majorem
1107 3382 1141 3436 et
1162 3373 1322 3436 minorem
1347 3373 1424 3436 luci·
1437 3342 1595 3458 fflffldow

275 3474 423 3551 ditatem,
439 3482 476 3537 ut
491 3496 511 3537 a
527 3484 621 3556 parte
636 3475 722 3539 oculi
737 3476 780 3540 sit
799 3475 994 3540 illuminatio
1009 3477 1131 3553 debita,
1145 3487 1180 3541 et
1195 3477 1228 3539 in
1245 3475 1318 3541 loco
1335 3477 1425 3540 iridis
1437 3490 1573 3538 necessary.

274 3575 458 3642 obscuritas
482 3579 711 3657 determinata,
733 3580 810 3663 quia
834 3601 886 3644 res
909 3581 1029 3645 debilis
1057 3591 1108 3646 est
1134 3591 1169 3645 et
1194 3602 1262 3645 non
1285 3589 1426 3665 apparet

276 3680 337 3744 uisi
372 3681 406 3744 in
436 3681 510 3747 loco
540 3685 726 3750 obscurato.
772 3686 885 3769 Quum
916 3705 997 3768 ergo
1027 3704 1084 3749 aer
1112 3685 1198 3748 inter
1227 3686 1360 3749 oculum
1392 3696 1426 3750 et

276 3785 392 3849 iridem
417 3796 468 3851 est
491 3786 607 3852 debito
632 3791 734 3854 modo
758 3789 946 3872 dispositus,
967 3799 1047 3854 tunc
1069 3791 1262 3854 extenditur
1280 3790 1426 3873 pyramis

276 3889 319 3952 ab
337 3889 433 3954 oculo
453 3891 546 3973 cujus
567 3894 654 3957 basis
674 3904 725 3959 est
746 3894 882 3959 circulus
904 3894 994 3958 iridis
1014 3902 1048 3957 et
1069 3895 1265 3957 terminatur
1283 3895 1316 3956 in
1338 3895 1426 3957 nube

276 3994 382 4059 rorida
403 3995 446 4059 ad
467 3995 577 4061 locum
598 3997 733 4063 debitae
752 3999 1007 4078 tenebrositatis,
1024 4007 1058 4060 et
1078 4007 1217 4080 apparet
1238 3997 1295 4060 iris
1314 3997 1348 4058 in
1369 3996 1426 4061 illo

275 4099 360 4163 loco.
406 4098 473 4164 Sed
504 4103 639 4184 quando
661 4101 798 4168 oculus²
829 4111 976 4166 mutatur
1005 4104 1037 4166 in
1066 4110 1194 4185 partem
1228 4100 1329 4174 iridis,
1356 4098 1427 4182 jam

277 4199 413 4284 attingit
442 4221 553 4265 aerem
583 4202 769 4266 ulteriorem
796 4202 852 4287 qui
878 4200 1006 4267 lucidus
1033 4213 1096 4278 est,
1120 4209 1154 4264 et
1179 4200 1426 4284 appropinquat

311 4347 430 4410 ¹nliqua‚
443 4349 627 4399 notaliaasin
638 4350 664 4411 J.
806 4405 811 4416 ,

309 4423 320 4454 ¹
335 4426 393 4474 The
404 4428 525 4489 meaning
535 4443 621 4478 seems
632 4435 661 4478 to
672 4430 705 4478 be
715 4430 794 4479 when
807 4430 851 4479 the
863 4446 914 4491 eye
924 4430 1000 4480 shir'ls
1012 4431 1046 4480 its
1057 4429 1170 4494 position
1176 4430 1241 4479 with
1254 4428 1387 4478 reference
1399 4436 1427 4476 to

277 4504 322 4554 the
333 4505 450 4554 rainbow
459 4506 485 4554 in
497 4521 678 4569 consequence
687 4508 717 4557 os
724 4509 769 4558 the
780 4508 903 4558 observet·
912 4510 1090 4571 approaching
1097 4510 1125 4562 it.
1132 4509 1246 4558 thebeae
1255 4509 1285 4558 os
1293 4509 1338 4557 the
1346 4507 1430 4556 visum

278 4598 346 4633 cone
356 4599 415 4646 may
426 4583 469 4632 sall
481 4599 515 4632 on
530 4585 616 4648 bright
631 4586 789 4636 illuminated
805 4587 881 4636 cloud
896 4587 1000 4638 instead
1014 4587 1045 4637 ol
1058 4603 1092 4637 on
1109 4587 1175 4637 dark
1190 4587 1274 4648 cloud,
1287 4586 1338 4635 and
1353 4585 1429 4634 there

277 4661 332 4711 will
342 4662 375 4712 be
386 4679 421 4712 no
432 4663 557 4714 rainbow.
