3542 5359
529 675 645 734 PARS
668 674 891 733 SECUNDA:
928 673 1015 733 CAP.
1042 673 1101 732 III.
1329 672 1392 748 469

241 858 307 903 non
325 848 464 922 possunt
479 839 619 902 eandem
640 838 748 921 legem
769 838 908 902 retinere
931 837 963 901 in
985 857 1122 920 corpore
1140 834 1316 920 diaphano,
1332 837 1391 900 sed

240 963 307 1006 non
322 953 372 1008 est
384 943 449 1007 alia
460 944 514 1006 via
529 962 630 1026 quam
647 943 791 1006 incessus
806 952 916 1006 rectus
926 941 977 1004 vel
993 942 1185 1006 declinatus
1224 940 1270 1003 Et
1285 941 1389 1004 inces-

238 1067 294 1110 sus
311 1059 420 1112 rectus
434 1048 548 1112 fortior
564 1057 636 1123 est3
658 1058 859 1130 quapropter
873 1047 930 1111 ille
948 1048 1087 1112 debetur
1106 1045 1228 1127 speciei
1251 1065 1389 1128 perpen-

238 1150 385 1231 diculari,
401 1160 437 1215 ut
453 1159 561 1214 rectus
577 1151 708 1215 incedat
726 1153 759 1214 in
777 1152 925 1216 secundo
945 1171 1082 1233 corpore
1101 1151 1186 1214 sicut
1207 1151 1240 1213 in
1263 1150 1390 1232 primo;

239 1265 273 1319 et
284 1254 487 1320 declinatum
501 1256 624 1338 speciei
635 1254 791 1338 obliquae
806 1267 997 1338 competere
1013 1276 1146 1320 necesse
1160 1263 1221 1317 est.
1252 1253 1297 1318 Et
1314 1254 1390 1317 ideo

237 1358 518 1442 perpendicularis
540 1359 669 1442 species
693 1380 759 1423 non
783 1359 929 1424 declinat
956 1381 1016 1423 nec
1041 1359 1208 1443 frangitur,
1231 1358 1309 1440 quia
1332 1360 1389 1422 de-

235 1462 370 1527 clinatio
388 1473 439 1528 est
455 1463 579 1540 fractio,
593 1466 653 1528 sed
673 1465 807 1547 obliqua
823 1464 991 1548 frangetur
1007 1464 1040 1527 in
1060 1462 1232 1546 superficie
1252 1462 1388 1526 secundi

235 1569 392 1650 corporis,
408 1579 544 1651 propter
562 1568 627 1633 hoc
641 1569 731 1650 quod
748 1568 951 1651 diaphanum
973 1568 1094 1632 resistit
1113 1568 1141 1631 ei
1161 1567 1267 1648 magis
1285 1585 1387 1649 quam

235 1672 506 1754 perpendiculari,
525 1683 661 1756 propter
682 1672 890 1738 debilitatem
911 1673 991 1755 ejus,
1007 1683 1041 1737 et
1064 1671 1291 1736 fortitudinem
1314 1690 1388 1753 per-

236 1777 462 1856 pendicularis.
508 1775 619 1841 Omne
634 1778 720 1840 enim
736 1777 941 1860 diaphanum
958 1778 1060 1842 habet
1073 1776 1199 1858 aliquid
1215 1774 1387 1859 grossitiei,

234 1883 324 1944 unde
360 1891 471 1964 potest
503 1880 746 1964 aliquantulum
776 1883 928 1947 resistere
958 1891 992 1947 et
1023 1882 1182 1964 impedire
1210 1879 1386 1944 transitum

233 1985 363 2066 speciei.
388 1985 618 2049 Determinata
625 1987 715 2049 enim
728 1995 786 2064 est,
799 1996 835 2050 ut
847 1987 930 2051 dicit
941 1985 1091 2050 Alhazen
1104 1985 1257 2068 septimo,
1269 1992 1388 2046 natura

233 2089 489 2171 diaphaneitatis
503 2090 536 2152 in
553 2091 650 2154 rebus
665 2089 871 2154 naturalibus
890 2100 1008 2153 utnon
1027 2090 1129 2153 vadat
1153 2092 1186 2151 in
1211 2087 1387 2170 inlinitum,

232 2193 291 2256 sed
316 2203 384 2258 stat
409 2195 452 2258 ad
475 2193 622 2277 aliquam
646 2194 835 2275 grossitiem
865 2195 967 2258 etiam
999 2196 1031 2258 in
1061 2193 1196 2257 coelesti
1227 2213 1387 2276 corpore,

233 2309 370 2380 propter
404 2299 495 2381 quod
530 2309 600 2362 tam
640 2297 919 2379 perpendicularis
954 2318 1054 2381 quam
1092 2297 1228 2380 obliqua
1258 2301 1386 2379 species

232 2395 432 2484 impedietur
460 2403 713 2484 aliquantulum,
739 2402 799 2464 sed
830 2403 936 2486 magis
965 2403 1091 2484 species
1116 2400 1260 2484 obliqua.
1306 2401 1385 2466 Non

233 2508 320 2569 enim
336 2506 483 2571 aufertur
497 2526 517 2568 a
534 2506 795 2588 perpendiculari
810 2507 973 2572 rectitudo
989 2508 1133 2572 incessus
1155 2516 1292 2590 propter
1313 2507 1385 2588 ejus

231 2610 466 2687 fortitudinem,
493 2612 552 2674 sed
582 2619 713 2673 tantum
742 2611 906 2674 successio
936 2611 1041 2693 major
1074 2621 1229 2675 causatur
1257 2611 1290 2674 in
1324 2633 1385 2676 suo

231 2715 369 2778 transitu
402 2723 537 2797 propter
564 2714 753 2794 grossitiem
784 2714 886 2779 medii
912 2714 1184 2798 qualemcunque.
1232 2715 1268 2780 Si
1295 2716 1385 2779 enim

231 2830 319 2884 esset
336 2839 475 2884 vacuum
499 2819 645 2883 medium
668 2819 740 2882 sine
761 2820 853 2882 omni
875 2819 1028 2903 grossitie
1050 2820 1192 2883 naturali
1215 2829 1248 2884 et
1272 2832 1384 2903 posset

231 2925 368 2988 transire
394 2923 454 2986 lux
481 2925 514 2986 in
543 2943 591 2999 eo,
616 2943 674 2986 seu
702 2924 803 2987 etiam
826 2926 1048 3007 quodcunque
1070 2945 1199 3007 corpus,
1222 2924 1315 2988 fieret
1337 2926 1383 2989 ibi

229 3028 393 3092 successio
407 3048 493 3110 quae
508 3038 595 3092 esset
610 3037 745 3091 causata
760 3049 781 3090 a
793 3039 886 3111 parte
902 3029 1002 3093 medii
1018 3030 1125 3094 solum
1143 3041 1278 3113 propter
1293 3029 1383 3111 prius

229 3144 263 3196 et
289 3133 451 3215 posterius
474 3133 577 3215 ipsius
601 3133 711 3215 spatii,
737 3142 771 3197 et
800 3154 867 3197 non
898 3143 1032 3216 propter
1063 3135 1162 3198 medii
1193 3134 1381 3216 grossitiem

229 3237 448 3301 resistentem.
494 3235 562 3301 Sed
590 3238 624 3298 in
655 3236 765 3301 medio
788 3237 929 3303 naturali
954 3238 1062 3321 pleno,
1084 3241 1175 3320 quod
1197 3238 1299 3303 habet
1322 3239 1381 3300 ali-

227 3360 328 3423 quam
358 3341 546 3424 grossitiem
575 3341 770 3416 naturalem,
792 3351 925 3424 oportet
949 3343 1039 3426 quod
1068 3343 1193 3408 ratione
1217 3344 1380 3426 grossitiei

226 3467 313 3528 quae
327 3467 394 3511 non
409 3446 547 3510 omnino
562 3447 650 3511 cedit
673 3467 733 3511 nec
755 3447 893 3511 omnino
911 3448 1042 3522 resistit,
1058 3449 1116 3512 sed
1139 3448 1258 3530 partim
1278 3447 1325 3512 sic
1346 3461 1380 3513 et

224 3551 282 3628 sic,
299 3551 486 3615 causabitur
505 3552 670 3616 successio
690 3571 776 3615 nova
792 3561 928 3634 propter
946 3553 1037 3616 illam
1058 3553 1286 3617 resistentiam.
1333 3552 1379 3617 Et

225 3655 301 3717 ideo
315 3655 521 3737 diaphanum
535 3674 595 3737 per
615 3675 709 3718 suam
729 3656 919 3738 grossitiem
939 3657 1061 3720 resistit
1083 3658 1204 3740 speciei
1223 3658 1378 3740 obliquae

225 3769 260 3823 et
283 3758 554 3841 perpendiculari,
574 3770 607 3822 et
630 3760 757 3823 inducit
779 3761 1019 3826 successionem
1044 3764 1076 3824 in
1101 3771 1240 3844 utraque
1252 3784 1260 3840 ;
1286 3772 1319 3824 et
1342 3762 1376 3824 in

224 3864 288 3927 hoc
314 3863 582 3939 communicant;
612 3863 671 3926 sed
698 3863 835 3928 ulterius
862 3877 998 3949 propter
1024 3865 1230 3930 debilitatem
1255 3865 1376 3947 speciei

223 3967 378 4049 obliquae
405 3967 545 4048 impedit
568 3985 642 4029 earn
668 3965 750 4048 plus,
777 3977 811 4031 et
843 3969 985 4052 denegat
1012 3971 1100 4031 viam
1126 3969 1271 4032 incessus
1295 3970 1376 4034 recti

223 4092 323 4154 quam
342 4071 432 4153 prius
445 4071 563 4134 habuit
578 4071 611 4133 in
627 4091 765 4154 corpore
779 4071 894 4136 altero.

267 4173 378 4240 Causa
400 4195 479 4239 vero
505 4195 607 4257 quare
629 4197 650 4240 a
673 4195 812 4258 corpore
837 4176 1001 4242 subtiliori
1026 4174 1152 4258 species
1176 4179 1309 4241 veniens
1340 4179 1373 4242 in
1387 4197 1536 4264 whymy

222 4300 341 4362 corpus
376 4281 523 4364 grossius
562 4277 733 4365 frangatur
768 4301 881 4347 versus
920 4291 1050 4365 partem
1093 4281 1373 4364 perpendicularis
1387 4281 1530 4381 mirer

221 4387 393 4450 ducendae
414 4404 435 4447 a
456 4383 531 4448 loco
554 4383 735 4463 fractionis,
751 4387 835 4450 iuter
857 4384 983 4450 scilicet
1007 4386 1169 4449 incessum
1191 4395 1315 4450 rectum
1338 4397 1372 4451 et
1386 4403 1414 4445 to
1425 4397 1512 4446 dmser

222 4488 313 4554 illam
334 4487 645 4573 perpendicularem,
661 4499 712 4553 est
726 4491 813 4571 quia,
828 4491 914 4554 sicut
932 4492 1076 4554 incessus
1095 4489 1372 4573 perpendicularis
1385 4462 1531 4577 ,ssffldi‘

220 4595 338 4658 fortior
363 4601 423 4665 est,
444 4593 492 4656 sic
514 4592 623 4657 omnis
653 4595 797 4658 incessus
825 4595 856 4658 ei
888 4594 993 4678 magis
1023 4596 1150 4660 vicinus
1179 4605 1229 4660 est
1259 4595 1373 4661 fortior
1384 4593 1492 4642 ²⁰W⁸¹d⁵
1500 4593 1544 4665 ¹h?

221 4697 400 4774 remotiori,
416 4705 453 4761 ut
472 4698 558 4762 ratio
577 4699 682 4762 dictat
704 4708 739 4764 et
758 4710 908 4764 asserunt
923 4709 1084 4766 auctores.
1130 4699 1176 4764 Et
1199 4700 1274 4765 ideo
1296 4721 1370 4767 cum
1385 4673 1491 4775 Ξῑᾝ
