3542 5359
360 566 422 644 296
575 568 731 626 orasis
756 531 946 636 ursonis
970 565 1085 626 rans
1111 565 1309 626 SEPTIMA.

361 740 595 814 argumentum
618 730 661 794 sit
681 730 770 812 juste
792 728 963 793 irascentis
989 729 1134 811 graviter
1156 726 1271 792 irasci!
1297 775 1305 792 .
1329 777 1337 792 .
1363 776 1370 792 .
1393 727 1514 812 ‘Quod

361 836 510 899 accidere
520 835 614 898 vides
629 833 828 897 animalibus
843 831 958 914 brutis,
969 833 1001 896 id
1019 832 1052 896 in
1066 831 1202 896 homine
1214 833 1450 916 deprehendes.
1464 880 1472 894 .
1486 880 1493 896 .
1507 879 1515 894 .

363 939 410 1002 Et
419 949 551 1002 taurum
568 938 658 1001 color
671 938 873 1001 rubicundus
888 938 1024 1015 excitat,
1035 937 1078 1000 ad
1095 936 1248 1000 umbram
1264 937 1354 1019 aspis
1365 936 1518 1021 assurgit,

362 1064 456 1108 ursos
474 1043 654 1125 leonesque
675 1063 797 1125 mappa
818 1043 968 1126 proritat.
1014 1041 1138 1107 Omnia
1153 1063 1240 1125 quae
1255 1040 1324 1106 sera
1343 1062 1383 1106 ac
1400 1042 1516 1106 rabida

363 1157 450 1224 sunt,
460 1158 714 1213 consternantur
728 1148 770 1211 ad
786 1145 889 1211 vana!
923 1147 969 1210 Et
984 1146 1156 1211 consimile
1168 1147 1250 1211 dicit
1261 1147 1347 1210 libro
1363 1149 1517 1220 secundo,

363 1251 488 1316 ‘Vanis
523 1251 630 1316 vana¹
669 1252 785 1316 terrori
815 1261 904 1317 sunt.
958 1250 1119 1316 Curriculi
1157 1261 1268 1315 motus
1305 1261 1518 1333 rotarumque

363 1365 493 1420 versata
513 1354 614 1420 facies
634 1355 746 1421 leones
769 1356 899 1437 redegit
917 1355 949 1418 in
967 1375 1113 1420 caveam.
1158 1355 1367 1438 Elephantos
1382 1356 1518 1440 porcina

363 1481 433 1525 vox
455 1458 576 1524 terret!
624 1460 670 1525 Et
693 1461 726 1523 in
750 1461 850 1524 tertio
872 1460 972 1524 dicit:
996 1459 1110 1523 ‘Idem
1133 1457 1309 1542 inquietis²
1331 1470 1366 1524 et
1388 1459 1519 1524 stolidis

366 1564 507 1648 ingeniis
525 1565 643 1628 evenit.
689 1565 815 1628 Rerum
838 1565 1024 1648 suspicione
1042 1563 1203 1629 feriuntur
1221 1566 1307 1628 adeo
1324 1564 1461 1646 quidem
1482 1572 1518 1626 ut

365 1667 503 1750 injurias
530 1677 651 1732 vocent
680 1669 814 1733 modica
839 1668 1011 1745 beneficia,
1034 1670 1066 1731 in
1096 1667 1218 1751 quibus
1245 1667 1520 1751 frequentissima,

367 1781 455 1836 certe
481 1771 702 1846 acerbissima,
725 1774 917 1838 iracundiae
948 1773 1087 1838 materia
1117 1782 1176 1837 est.
1222 1769 1408 1836 Carissimis
1430 1773 1519 1836 enim

367 1876 537 1940 irascimur
556 1877 648 1958 quod
667 1877 795 1942 minora
816 1878 912 1941 nobis
935 1877 1158 1961 praestiterint
1180 1895 1282 1959 quam
1307 1885 1418 1941 mente
1441 1895 1520 1940 con-

366 1979 524 2064 cepimus,
536 2000 706 2063 quamque
720 1981 776 2044 alii
791 1981 935 2046 tulerint
950 1987 1023 2046 ...“
1032 1981 1145 2045 Minus
1158 1981 1266 2045 habeo
1277 1999 1379 2063 quam
1391 1979 1520 2064 speravi

368 2131 377 2147 .
401 2131 408 2146 .
433 2131 441 2146 .
465 2104 566 2166 quam
584 2084 714 2149 debui.'’
761 2086 857 2150 Haec
880 2107 957 2168 pars
981 2087 1130 2149 maxime
1150 2084 1328 2148 metuenda
1347 2094 1418 2162 est;
1442 2084 1520 2146 hinc

366 2189 613 2271 pemicissimae
623 2189 689 2253 irae
705 2201 893 2266 nascuntur,
905 2200 939 2254 et
954 2191 1162 2255 sanctissima
1173 2209 1325 2272 quaeque
1341 2189 1520 2252 invasurae.

369 2293 492 2356 Divum
507 2293 635 2373 Julium
651 2294 763 2377 plures
778 2295 875 2358 amici
890 2294 1101 2358 confecerunt
1115 2313 1217 2375 quarn
1233 2292 1364 2371 inimici,
1379 2311 1520 2375 quorum

368 2416 435 2461 non
458 2397 652 2479 expleverat
675 2417 751 2481 spes
772 2398 1043 2483 inexplebiles..
1063 2445 1071 2460 .
1090 2397 1210 2481 Neque
1232 2397 1320 2460 euim
1346 2397 1520 2480 quisquam

367 2499 504 2566 victoria
525 2499 694 2566 liberalius
716 2521 794 2566 usus
815 2512 877 2582 est,
903 2524 947 2566 ex
971 2523 1038 2586 qua
1059 2502 1141 2566 nihil
1164 2501 1227 2566 sibi
1253 2502 1433 2565 vindicavit
1459 2500 1521 2562 nisi

368 2605 580 2688 dispensandi
606 2615 817 2689 potestatem.
864 2606 933 2672 Sed
959 2607 1243 2691 quemadmodum
1273 2606 1421 2670 sufficere
1451 2615 1521 2668 tam

369 2709 527 2794 improbis
542 2711 714 2776 desideriis
730 2723 854 2794 posset,
869 2731 945 2776 cum
962 2721 1094 2775 tantum
1109 2730 1227 2775 omnes
1242 2711 1523 2792 concupiscerent,

370 2824 532 2896 quantum
553 2836 636 2880 unus
654 2821 813 2900 poterat?
828 2865 837 2880 .
854 2862 862 2878 .
880 2863 888 2878 .
906 2815 1001 2880 Haec
1021 2836 1073 2880 res
1093 2834 1154 2880 sua
1169 2815 1203 2877 in
1220 2834 1314 2898 reges
1334 2834 1426 2877 arma
1444 2832 1522 2876 con·

370 2920 479 2996 vertit,
491 2918 732 3003 fidissimosque
749 2941 790 2984 eo
804 2920 965 3004 compulit
976 2931 1013 2984 ut
1024 2921 1066 2983 de
1081 2928 1188 2984 morte
1203 2938 1317 2984 eorum
1329 2919 1523 3001 cogitarent,

370 3043 432 3104 pro
455 3024 576 3105 quibus
600 3033 635 3087 et
660 3034 740 3088 ante
769 3044 853 3106 quos
877 3025 961 3088 mori
983 3035 1100 3088 votum
1126 3022 1319 3087 habuerant
1365 3021 1456 3086 Nulli
1478 3022 1522 3084 ad

371 3126 479 3189 aliena
497 3127 683 3209 respicienti
701 3147 762 3191 sua
788 3128 957 3211 placent..
974 3175 981 3191 .
998 3173 1006 3191 .
1023 3127 1134 3192 Tanta
1158 3127 1393 3210 importunitas
1416 3125 1524 3190 homi·

371 3250 452 3292 num
474 3241 533 3308 est,
548 3241 586 3293 ut
608 3233 760 3313 quamvis
783 3232 888 3297 multa
910 3232 1107 3316 acceperint,
1129 3231 1265 3313 injuriae
1287 3230 1362 3295 loco
1384 3230 1427 3294 sit
1449 3229 1525 3313 plus

371 3335 521 3417 accipere
543 3337 699 3417 potuisse.
745 3337 849 3402 Dedit
876 3337 958 3401 mihi
982 3346 1191 3420 praeturam:
1224 3335 1283 3398 sed
1314 3335 1523 3399 consulatum

372 3457 637 3520 speraveram...
654 3488 662 3503 .
680 3441 783 3507 Dedit
804 3442 885 3505 mihi
906 3462 991 3525 quae
1011 3440 1155 3505 debebat
1175 3439 1269 3504 alicui
1287 3440 1383 3504 dare:
1405 3440 1448 3502 de
1463 3459 1525 3503 suo

373 3542 453 3605 nihil
480 3543 628 3626 protulit.
673 3545 752 3629 Age
781 3547 893 3627 potius
922 3546 1047 3630 gratias
1073 3565 1133 3627 pro
1162 3543 1213 3606 his
1244 3564 1330 3626 quae
1359 3542 1524 3625 accepisti.

373 3646 515 3730 Reliqua
537 3658 692 3731 expecta,
713 3660 747 3715 et
769 3652 918 3715 nondum
942 3650 1077 3733 plenum
1104 3669 1176 3714 esse
1201 3658 1237 3712 te
1261 3649 1380 3731 gaude.
1435 3647 1526 3713 Inter

372 3751 562 3835 voluptates
584 3762 634 3817 est
655 3774 828 3836 superesse
849 3756 940 3837 quod
963 3774 1082 3838 speres.
1103 3801 1110 3816 .
1130 3798 1138 3818 .
1157 3801 1164 3816 .
1185 3751 1368 3818 Considera
1397 3762 1526 3835 quanto

372 3859 550 3922 antecedas
565 3857 675 3939 plures
688 3878 790 3940 quam
806 3857 971 3942 sequaris?

205 3973 244 4032 (a)
261 3969 344 4048 Delay
418 3959 610 4025 Secundum
633 3971 684 4025 est
707 3982 801 4027 mora
824 3964 856 4026 in
878 3963 1055 4028 exactione
1088 3981 1226 4046 poenae.
1272 3959 1374 4025 Unde
1398 3959 1527 4026 Seneca

203 4036 328 4154 ming
373 4064 456 4129 dicit
466 4065 612 4129 secundo
621 4065 961 4146 libro,‘Maximum³
977 4067 1159 4130 remedium
1172 4066 1240 4128 irae
1249 4075 1410 4128 moraest.
1451 4064 1527 4128 Hoc

374 4168 418 4232 ab
434 4167 491 4230 illa
505 4179 584 4252 pete
599 4170 632 4232 in
653 4169 758 4244 initio,
775 4189 840 4234 non
857 4181 894 4234 ut
910 4171 1071 4252 ignoscat,
1086 4170 1145 4233 sed
1168 4179 1204 4232 ut
1217 4168 1365 4250 judicet:
1389 4169 1528 4247 desinet,

373 4273 401 4335 si
430 4269 609 4354 expectat!
654 4273 701 4338 Et
731 4275 764 4338 in
794 4274 895 4338 tertio
924 4274 1003 4339 dicit
1049 4273 1162 4336 ‘Nihil
1194 4269 1281 4336 tibi⁴
1312 4271 1418 4350 liceat,
1446 4274 1527 4338 dum

374 4375 531 4442 irasceris.
590 4376 727 4459 Quare?
756 4379 836 4460 quia
864 4379 915 4442 vis
948 4378 1059 4444 omnia
1088 4377 1194 4441 licere
1253 4375 1368 4460 Pugna
1398 4386 1528 4442 tecum:

573 4532 578 4557 ¹
595 4529 699 4590 Mra,
712 4529 737 4579 ii.
751 4543 788 4581 rr.
1120 4527 1131 4558 ¹
1147 4531 1178 4580 rb.
1191 4529 1224 4578 iii.
1237 4545 1279 4592 30,
1291 4543 1331 4590 31.

571 4610 580 4638 ¹
596 4609 627 4657 rb.
639 4608 665 4656 ii.
676 4623 718 4670 ²9·
1109 4603 1130 4638 ”¹
1148 4609 1179 4660 it.
1192 4609 1226 4660 iii.
1241 4623 1279 4668 ra,
1295 4623 1333 4670 13.
