3542 5359
383 608 577 667 MORALIS
601 607 919 667 PHILOSOPHIA:
945 609 1060 668 PARS
1084 609 1268 684 QUARTA.
1344 608 1404 688 385

250 770 442 854 hujusmodi
463 773 618 838 veritates
639 775 897 857 perseipsum.
943 774 989 837 Et
1017 774 1079 839 hoc
1106 775 1280 839 manifeste
1304 777 1404 842 docet

251 875 425 940 Avicenna
435 877 795 941 iuRadicibusmoralis
806 877 1164 962 philosophiae,dicens
1173 881 1263 962 quod
1271 901 1403 944 necesse

251 989 303 1043 est
318 992 355 1044 ut
371 981 429 1045 liat
445 982 602 1046 revelatio
617 993 728 1047 sectae
743 1004 764 1046 a
780 983 875 1058 Deo;
898 992 934 1046 et
948 983 1038 1064 quod
1054 983 1155 1047 homo
1172 984 1320 1049 mortalis
1335 1005 1401 1048 non

251 1093 364 1166 potest
379 1088 422 1150 ad
438 1086 519 1151 haec
535 1087 734 1151 immortalia
746 1087 999 1166 transcendere3
1018 1088 1199 1152 secundum
1216 1091 1306 1170 quod
1322 1089 1404 1154 dicit

253 1188 389 1264 Seneca,
412 1190 495 1255 libro
519 1192 562 1256 de
584 1192 842 1274 Tranquillitate
864 1192 973 1268 animi,
994 1194 1085 1275 quod
1108 1193 1211 1258 homo
1234 1195 1331 1260 nimis
1353 1206 1403 1259 est

252 1295 400 1358 mortalis
414 1297 457 1359 ad
474 1297 681 1361 immortalia.

297 1402 441 1478 Deinde,
456 1402 541 1467 sicut
564 1423 631 1466 non
654 1411 766 1484 potest
788 1400 891 1465 homo
905 1400 1054 1465 adhaec
1075 1423 1134 1485 per
1148 1422 1184 1465 se
1207 1405 1404 1487 pertingere,
1417 1411 1551 1474 Retigtous

253 1507 302 1572 sic
316 1527 376 1570 nec
391 1507 493 1571 debet
508 1526 719 1588 praesumere
733 1507 776 1569 de
791 1505 842 1568 his
858 1503 1038 1569 certificare
1053 1527 1113 1590 per
1132 1528 1169 1571 se
1188 1509 1259 1572 sine
1280 1507 1403 1572 revela·
1416 1480 1503 1592 ffid
1515 1544 1546 1592 be

252 1611 344 1676 tione
365 1620 399 1675 et
421 1611 582 1688 doctrina,
604 1621 740 1694 propter
762 1610 846 1674 duas
870 1610 1023 1675 rationes.
1070 1611 1148 1675 Una
1172 1612 1258 1675 ratio
1280 1621 1347 1676 stat
1369 1613 1402 1675 in
1418 1609 1530 1687 macces

252 1715 317 1779 hoc
333 1717 424 1798 quod
445 1736 485 1779 ea
504 1735 590 1797 quae
612 1724 689 1778 sunt
704 1713 840 1778 alterius
855 1713 989 1794 saeculi,
1003 1725 1037 1780 et
1056 1715 1232 1798 praecipue
1251 1717 1404 1780 voluntas
1416 1675 1572 1790 ffiiefgffi.

254 1818 318 1883 Dei
346 1830 381 1884 et
410 1840 494 1902 quae
523 1819 567 1882 ad
598 1818 708 1881 Deum
739 1819 914 1901 pertinent,
939 1828 1015 1882 sunt
1045 1819 1217 1901 dignitatis
1248 1819 1403 1885 infinitae.
1416 1808 1479 1856 ²⁵⁰⁰·

255 1923 348 2006 Ergo
374 1944 441 1988 non
468 1932 547 1987 sunt
576 1922 837 2006 proportionalia
866 1923 1015 1986 miseriae
1045 1923 1232 2002 humanae;
1263 1945 1323 1988 nec
1354 1933 1404 1988 est

252 2026 357 2091 homo
380 2029 500 2110 dignus
520 2035 558 2090 ut
578 2047 618 2090 ea
641 2028 766 2091 nitatur
785 2047 830 2090 ex
849 2047 910 2090 sua
928 2027 1062 2110 propria
1082 2027 1204 2092 virtute
1221 2028 1404 2110 explorare,

254 2140 291 2194 ut
307 2131 488 2213 intelligat;
510 2150 614 2212 quare
628 2131 750 2194 sufficit
765 2130 795 2192 ei
811 2141 848 2193 ut
864 2130 978 2194 credat
999 2131 1160 2194 edocenti.
1208 2131 1279 2195 Nec
1302 2132 1403 2194 etiarn

253 2246 305 2299 est
334 2236 456 2318 dignus
484 2235 551 2299 fide
580 2235 721 2299 istorum
749 2244 886 2318 propter
919 2254 979 2297 sua
1012 2244 1149 2317 peccata
1183 2245 1217 2298 et
1246 2235 1404 2300 miserias.

255 2339 408 2404 Gaudeat
422 2339 522 2421 igitur
537 2349 574 2403 ut
589 2339 751 2402 doceatur
768 2338 812 2401 ab
828 2337 904 2413 alio,
921 2337 980 2401 sed
999 2357 1065 2401 non
1087 2338 1147 2402 nisi
1164 2359 1184 2401 a
1200 2339 1276 2402 Deo
1290 2339 1340 2403 vel
1360 2338 1404 2403 ab

253 2443 397 2525 Angelis
422 2444 621 2508 auctoritate
647 2442 721 2507 Dei.
767 2441 984 2505 Manifestum
1011 2452 1061 2506 est
1088 2443 1189 2526 igitur
1218 2444 1308 2526 quod
1338 2464 1403 2507 non

255 2548 356 2611 debet
385 2548 488 2612 homo
516 2546 627 2612 conari
655 2556 691 2610 ut
721 2546 866 2627 inquirat
897 2547 940 2608 de
970 2545 1042 2610 istis
1068 2548 1188 2610 divinis
1209 2548 1405 2612 veritatibus

253 2660 435 2733 antequam
455 2652 614 2715 doceatur
637 2659 672 2712 et
697 2651 821 2714 credat.
869 2649 954 2712 ltem
980 2649 1072 2713 Deus
1093 2652 1163 2732 ipse
1188 2653 1219 2714 in
1239 2651 1403 2715 infinitum

255 2755 371 2819 melius
392 2765 428 2819 et
448 2756 569 2820 certius
591 2753 685 2819 novit
707 2773 793 2835 quae
810 2752 884 2834 ejus
906 2763 983 2816 sunt
1005 2773 1106 2836 quarn
1129 2764 1279 2818 creatura
1299 2757 1405 2836 possit

253 2858 345 2925 scire.
391 2860 436 2922 Et
462 2859 642 2923 auctoritas
669 2857 733 2920 Dei
759 2867 811 2919 est
841 2855 969 2919 infinita
996 2876 1034 2921 ac
1061 2857 1230 2941 sapientia,
1253 2869 1405 2939 respectu

255 2963 349 3045 cujus
378 2962 467 3027 nulla
499 2963 680 3026 auctoritas
716 2960 863 3023 humana
895 2960 997 3023 habet
1034 2961 1314 3043 comparationem
1346 2983 1405 3027 nec

254 3069 460 3150 sapientiam,
474 3077 508 3131 et
524 3067 672 3130 maxime
688 3075 837 3150 respectu
854 3085 969 3127 eorum
985 3083 1072 3146 quae
1088 3064 1151 3129 Dei
1171 3074 1256 3128 sunt.

300 3172 507 3255 Relinquitur
532 3192 612 3255 ergo
639 3171 730 3252 quod
754 3170 934 3233 auctoritas
960 3167 1024 3232 Dei
1052 3168 1172 3250 requiri
1199 3169 1298 3233 debet
1324 3169 1402 3244 sola,
1418 3185 1509 3237 Altre

255 3285 433 3360 postquam
453 3275 527 3357 ejus
544 3275 676 3338 bonitas
698 3283 751 3338 est
772 3273 900 3336 infinita
922 3294 1009 3356 quae
1031 3274 1102 3336 vult
1125 3272 1270 3337 humano
1292 3275 1403 3357 generi
1417 3253 1511 3368 {iffi

252 3380 397 3444 revelare
419 3379 509 3461 quod
534 3399 667 3442 necesse
691 3377 806 3440 estad
829 3377 981 3441 salutem.
1028 3377 1074 3440 Et
1104 3377 1321 3460 proculdubio
1344 3383 1561 3441 nosmeauon.

253 3484 407 3547 videmus
435 3481 653 3566 adimpletum
683 3483 716 3544 in
746 3482 854 3558 sectis,
885 3481 976 3563 quod
1009 3501 1126 3544 omnes
1156 3483 1297 3545 credunt
1326 3502 1403 3547 suas

253 3598 360 3652 sectas
398 3608 457 3671 per
494 3587 727 3652 revelationem
764 3585 888 3649 haberi.
935 3585 1023 3649 Nam
1061 3586 1104 3649 de
1142 3584 1338 3651 Christianis
1370 3597 1405 3651 et

151 3685 158 3696 ’
253 3690 389 3773 Judaeis
412 3689 548 3772 planum
574 3701 634 3754 est.
680 3688 832 3754 Saraceni
856 3689 959 3752 etiarn
983 3689 1125 3753 credunt
1149 3692 1238 3771 quod
1268 3689 1404 3753 Macho-

254 3806 364 3859 metus
389 3794 541 3859 habuerit
566 3793 813 3871 revelationem,
845 3803 880 3856 et
911 3793 1052 3875 ipsemet
1082 3793 1196 3874 fingit;
1228 3794 1309 3856 alias
1340 3813 1405 3856 non

255 3898 369 3962 fuisset
399 3899 429 3963 ei
459 3899 634 3964 creditum.
682 3897 727 3959 Et
757 3898 784 3960 si
816 3917 882 3960 uon
912 3897 1030 3961 habuit
1056 3897 1166 3960 Deum
1196 3896 1403 3974 revelantem,

254 4003 434 4066 daemones
468 4004 498 4067 ei
534 4001 769 4066 revelaverunt.
825 4001 957 4064 Tartari
988 4001 1139 4065 similiter
1168 4001 1282 4064 dicunt
1312 4001 1402 4082 quod

254 4107 349 4171 Deus
362 4107 519 4170 revelavit
529 4115 655 4170 sectam
667 4125 789 4182 eorurn,
800 4105 885 4169 sicut
898 4105 932 4167 in
943 4103 1028 4167 libro
1041 4115 1226 4168 memorato
1242 4104 1404 4178 scribitur,

253 4220 432 4276 etcertum
449 4219 507 4274 est.
540 4209 697 4274 Similiter
712 4218 746 4272 et
764 4209 964 4273 Idololatrae
977 4218 1011 4271 et
1027 4208 1150 4292 Pagani
1163 4210 1302 4274 credunt
1314 4209 1403 4292 quod

256 4315 350 4378 Deus
371 4313 495 4378 revelet
522 4335 561 4377 ea
583 4333 670 4396 quae
696 4313 739 4376 ad
766 4312 957 4394 hujusmodi
981 4321 1089 4376 sectas
1114 4313 1297 4396 pertinent:
1328 4313 1405 4396 quia

253 4417 351 4482 aliter
370 4438 436 4481 non
456 4418 604 4482 crederet
622 4417 723 4481 homo
744 4417 871 4480 homiui
890 4417 922 4480 in
940 4418 1003 4480 hac
1023 4427 1128 4500 parte.
1174 4416 1292 4481 Omnis
1314 4418 1403 4481 enim

253 4522 310 4606 qui
332 4534 456 4587 sectam
479 4522 637 4606 proponit
659 4521 793 4585 ascribit
816 4521 892 4585 Deo
918 4523 1148 4586 auctoritatem
1172 4531 1208 4584 ut
1232 4519 1348 4585 melius
1374 4521 1404 4584 ei

253 4627 416 4691 credatur.

299 4742 383 4795 vol„
399 4744 438 4794 11.
809 4742 865 4792 Cc
