3542 5359
417 590 614 649 MORALIS
639 590 959 649 PHILOSOPHIA:
989 592 1105 649 PARS
1130 593 1276 652 PRIMA.
1360 610 1420 672 225

265 736 411 799 moralia.
458 736 504 800 Et
520 735 596 801 licet
617 738 650 801 in
673 737 744 801 aliis
767 737 912 802 scientiis
935 738 1122 820 recitentur,
1138 739 1200 802 hoc
1219 750 1269 804 est
1284 749 1421 823 propter

264 841 403 923 gratiam
424 841 652 925 philosophiae
673 842 813 906 moralis.
862 843 1074 927 Quapropter
1094 844 1206 907 omnia
1226 844 1419 926 hujusmodi

266 945 448 1028 reputanda
468 955 544 1008 sunt
563 946 606 1010 de
627 945 837 1029 philosophia
860 946 977 1011 morali
997 957 1030 1010 et
1051 948 1081 1010 ei
1102 948 1296 1012 ascribenda
1305 946 1326 1009 ¹.
1374 948 1419 1012 Et

266 1049 343 1112 ideo
367 1051 393 1112 si
417 1048 570 1114 volumus
594 1051 642 1113 uti
667 1052 714 1114 eis
737 1052 919 1115 secundum
941 1052 997 1135 jus
1022 1072 1129 1131 suum,
1151 1073 1282 1116 necesse
1306 1061 1358 1116 est
1382 1062 1420 1116 ut

266 1153 453 1218 inscientia
478 1155 591 1218 morali
614 1155 656 1218 ab
679 1155 834 1218 omnibus
856 1156 929 1220 aliis
951 1156 1155 1238 colligantur.
1202 1156 1275 1220 Nec
1299 1157 1419 1219 mirum

265 1258 292 1320 si
309 1259 496 1341 philosophi
514 1281 572 1342 per
587 1270 693 1323 totam
710 1260 954 1343 philosophiam
970 1259 1209 1344 speculativam
1229 1270 1419 1342 sparserunt

268 1362 423 1427 moralia:
454 1365 532 1447 quia
556 1365 719 1428 sciverunt
740 1384 779 1428 ea
802 1386 874 1429 esse
898 1366 941 1428 de
965 1365 1072 1429 salute
1093 1365 1256 1440 hominis;
1287 1375 1320 1429 et
1343 1366 1419 1428 ideo

267 1468 300 1530 in
316 1468 472 1532 omnibus
492 1469 635 1533 scientiis
655 1470 835 1533 sententias
856 1469 986 1551 pulcras
1007 1469 1208 1532 miscuerunt
1230 1478 1267 1532 ut
1288 1489 1421 1552 semper

267 1571 419 1636 homines
440 1573 666 1638 excitarentur
685 1574 726 1636 ad
747 1574 870 1636 bonum
894 1573 1019 1648 salutis,
1035 1582 1071 1636 ut
1093 1572 1232 1636 sciretur
1251 1573 1294 1636 ab
1314 1573 1420 1636 omni-

268 1675 330 1740 bus
350 1677 439 1758 quod
458 1698 523 1740 non
542 1688 743 1761 quaeruntur
764 1679 920 1742 scientiae
941 1686 1071 1741 ceterae
1090 1677 1150 1741 nisi
1166 1687 1301 1760 propter
1321 1677 1420 1740 istam

269 1801 354 1864 quae
370 1790 420 1845 est
436 1782 600 1846 humanae
614 1782 797 1865 sapientiae
816 1783 1030 1847 dominatrix.
1077 1781 1123 1845 Et
1139 1782 1214 1846 ideo
1234 1784 1260 1846 si
1278 1780 1419 1863 allegem

267 1886 481 1950 auctoritates
505 1887 548 1950 de
570 1887 643 1951 aliis
664 1888 743 1950 locis
768 1907 868 1969 quam
887 1907 943 1950 eas
965 1906 1051 1968 quae
1076 1884 1221 1950 inlibris
1243 1886 1422 1950 moralibus

269 1991 497 2055 continentur:
530 1990 729 2055 considerari
756 1999 889 2074 oportet
918 1991 1008 2072 quod
1035 1990 1099 2054 hae
1129 1990 1162 2052 in
1191 1988 1255 2052 hac
1283 1990 1422 2053 scientia

269 2094 393 2158 debent
417 2096 548 2179 proprie
572 2095 743 2172 collocari;
775 2116 834 2160 nec
860 2115 1037 2178 possumus
1062 2114 1181 2175 negare
1204 2114 1275 2156 esse
1299 2094 1422 2176 scripta

270 2199 303 2261 in
326 2196 417 2261 libris
440 2198 539 2281 hujus
563 2199 737 2264 scientiae:
768 2201 848 2282 quia
872 2220 939 2263 non
964 2199 1026 2262 nisi
1050 2199 1232 2262 secundum
1252 2208 1363 2280 partes
1388 2198 1421 2260 in

272 2301 394 2366 Latino
409 2303 569 2368 habemus
584 2304 827 2387 philosophiam
839 2303 1043 2382 Aristotelis,
1054 2302 1255 2381 Avicennae‚
1268 2312 1301 2366 et
1312 2300 1420 2366 Aver-

269 2407 342 2485 rois,
354 2408 409 2488 qui
425 2417 501 2471 sunt
517 2418 668 2473 auctores
685 2409 718 2471 in
735 2429 773 2471 ea
790 2408 993 2492 principales.
1026 2407 1120 2473 Sicut
1136 2407 1225 2470 enim
1237 2406 1423 2488 Theologia

270 2511 424 2576 veritates
439 2512 621 2578 salutiferas
637 2534 709 2578 esse
728 2535 805 2577 suas
826 2512 991 2595 intelligit,
1007 2512 1193 2594 ubicunque
1215 2531 1271 2575 eas
1289 2512 1423 2588 invenit,

272 2624 309 2677 ut
324 2636 345 2678 a
360 2615 541 2700 principio²
555 2617 703 2700 allegavi,
713 2627 746 2680 et
760 2617 923 2699 posterius
937 2625 1064 2679 tactum
1078 2614 1156 2695 luit;
1172 2616 1218 2680 sic
1232 2625 1267 2679 et
1284 2614 1422 2679 Moralis

274 2718 508 2805 Philosophia⁸
517 2722 550 2784 in
566 2743 662 2786 suum
676 2721 730 2804 jus
745 2721 893 2784 vindicat
905 2720 1059 2803 quicquid
1069 2721 1113 2783 de
1125 2719 1221 2783 rebus
1232 2720 1282 2782 sui
1293 2718 1423 2802 generis

273 2826 394 2908 reperit
410 2826 491 2890 alias
502 2847 574 2891 esse
589 2827 757 2910 scriptum.
798 2824 894 2888 Haec
906 2844 984 2887 vero
996 2823 1130 2888 scientia
1142 2822 1275 2887 moralis
1286 2832 1423 2885 vocatur

272 2932 315 2996 ab
337 2929 520 2995 Aristotele
542 2942 576 2996 et
598 2931 642 2994 ab
664 2930 735 2994 aliis
756 2927 860 2992 civilis
883 2926 1031 3004 scientia,
1053 2927 1131 3009 quia
1151 2926 1227 3009 jura
1248 2924 1366 2988 civium
1388 2935 1422 2987 et

273 3036 444 3100 civitatum
466 3037 680 3100 demonstrat.
728 3033 773 3097 Et
796 3032 954 3116 quoniam
977 3030 1131 3096 solebant
1150 3031 1300 3093 civitates
1317 3029 1423 3092 domi-

273 3140 343 3205 nari
359 3139 546 3223 regionibus
564 3152 600 3203 ut
613 3141 723 3204 Roma
738 3138 925 3222 imperabat
937 3136 1082 3213 mundo;
1101 3135 1176 3199 ideo
1191 3134 1273 3198 haec
1288 3133 1425 3197 scientia

274 3245 376 3310 civilis
399 3246 631 3309 denominatur
652 3265 673 3308 a
694 3244 839 3322 civitate,
859 3242 934 3326 jura
960 3252 1072 3306 tamen
1096 3239 1203 3322 Regni
1231 3248 1264 3302 et
1289 3238 1424 3322 imperii

273 3351 502 3415 construendo.

320 3453 415 3518 Haec
435 3465 547 3518 autem
566 3454 703 3519 scientia
723 3454 832 3537 primo
850 3452 949 3517 docet
966 3470 1165 3534 componere
1187 3447 1278 3532 leges
1298 3457 1332 3511 et
1348 3447 1424 3529 jura
1436 3455 1554 3534 tuotold

273 3557 420 3623 vivendi:
443 3560 589 3623 secundo
599 3557 623 3638 ⁴,
645 3561 745 3623 docet
764 3578 803 3621 ea
822 3557 912 3621 credi
933 3565 967 3619 et
986 3555 1127 3639 probari,
1143 3564 1176 3618 et
1194 3553 1345 3616 homines
1365 3571 1424 3614 ex·
1436 3523 1543 3650 mppr
1555 3521 1585 3570 οἱ

274 3661 396 3727 hortari
427 3664 470 3728 ad
500 3663 706 3746 operandum
738 3670 772 3725 et
801 3660 979 3724 vivendum
1010 3659 1192 3722 secundum
1223 3656 1295 3720 illas
1325 3657 1424 3740 leges.
1437 3652 1578 3703 Fimtdivi·

276 3767 385 3831 Prima
403 3788 480 3850 pars
498 3767 654 3831 dividitur
677 3767 709 3829 in
730 3775 818 3843 tres;
842 3785 920 3828 narn
941 3763 1049 3846 primo
1070 3761 1262 3826 naturaliter
1284 3761 1425 3826 occurrit
1437 3718 1592 3834 infmia

276 3872 438 3936 ordinatio
459 3872 601 3935 hominis
621 3871 653 3933 in
672 3871 782 3935 Deum
803 3879 836 3935 et
855 3877 1006 3951 respectu
1027 3865 1282 3930 substantiarum
1302 3849 1594 3967 angeli-{lffidssff

274 3996 399 4040 carum.
423 3976 578 4041 Secundo
593 3975 636 4040 ad
646 3975 859 4057 proximum3
877 3973 977 4038 tertio
988 3972 1030 4036 ad
1042 3991 1077 4033 se
1093 3970 1211 4052 ipsum,
1220 3968 1425 4051 sicutScrip-
1436 3951 1585 4097 nephtuim,

275 4088 348 4144 tura
369 4078 459 4143 lacit.
504 4079 593 4142 Nam
610 4079 718 4163 primo
732 4079 766 4142 in
785 4079 868 4142 libro
886 4076 997 4157 Moysi
1017 4083 1096 4138 sunt
1111 4073 1268 4137 mandata
1283 4084 1317 4137 et
1335 4073 1425 4155 leges
1437 4064 1468 4097 ²¹²
1497 4054 1525 4096 ¹⁰
1538 4043 1591 4096 ΒΜ·

276 4184 319 4247 de
341 4184 417 4248 Deo
442 4192 476 4246 et
498 4183 589 4249 cultu
609 4183 730 4247 divino.
776 4180 931 4247 Secundo
950 4180 994 4243 de
1013 4177 1261 4259 comparatione
1283 4177 1425 4240 hominis

276 4289 319 4350 ad
332 4288 521 4372 proximum
538 4288 569 4351 in
585 4287 711 4353 eisdem
729 4285 820 4350 libris
835 4294 869 4349 et
885 4282 1107 4368 sequentibus
1142 4279 1258 4343 Tertio
1269 4277 1425 4344 docetur⁶

308 4481 316 4509 ¹
333 4480 498 4544 imponenda,
512 4477 548 4527 Μ.
653 4477 664 4506 ’
681 4476 720 4526 Cl.
732 4475 782 4526 vol.
797 4475 812 4526 i.
825 4489 869 4538 pp.
883 4475 974 4538 56-59.
1078 4470 1089 4501 ³
1106 4470 1211 4520 Morulis
1223 4469 1346 4532 Seientia,
1361 4468 1396 4518 ll.

309 4557 319 4587 ⁴
337 4559 368 4608 lu
385 4560 431 4608 tbe
448 4557 534 4607 fourth
552 4563 617 4620 part,
629 4556 679 4605 md
696 4556 740 4605 tbe
760 4555 867 4616 missing
884 4554 941 4603 fifth
961 4553 1013 4602 and
1031 4553 1100 4602 sixtb
1118 4557 1190 4613 parts
1206 4548 1236 4597 ol
1249 4548 1302 4597 this
1318 4547 1429 4597 seventb

275 4637 382 4688 section.
1107 4629 1219 4688 'docet
1231 4625 1264 4677 0.

318 4731 401 4784 VOL.
416 4731 455 4784 11.
838 4725 863 4790 Q
