3542 5359
578 608 693 667 PARS
718 609 879 668 PRIMA:
895 699 898 705 Ι
916 607 1005 668 CAP.
1036 610 1087 669 VJ.
1352 630 1409 692 451

260 768 307 833 Et
323 770 471 836 maxime
485 773 570 854 ignis
589 772 652 836 hoc
662 772 748 845 iacit,
761 774 839 854 quia
851 773 959 854 magis
970 784 1021 837 est
1034 773 1154 850 nobile,
1170 784 1205 839 et
1216 775 1292 840 ideo
1304 778 1411 858 magis

259 875 414 953 activum,
429 886 463 939 et
479 877 591 940 omnia
604 875 788 959 corporalia
808 897 874 939 non
896 877 1052 941 coelestia
1075 879 1107 939 in
1127 899 1163 942 se
1184 890 1410 958 converteret3

258 990 293 1042 et
309 989 421 1062 ageret
437 981 470 1042 in
486 979 661 1054 infinitum,
677 981 705 1042 si
720 981 750 1043 ei
767 982 905 1044 materia
920 982 1162 1047 combustibilis
1178 997 1411 1068 apponeretur,

259 1086 438 1148 secundum
454 1085 544 1167 quod
560 1085 632 1147 vult
647 1085 846 1149 Aristoteles
861 1086 1008 1149 secundo
1022 1087 1066 1150 de
1082 1087 1224 1163 Anima3
1248 1088 1325 1153 licet
1346 1090 1410 1154 hoc

257 1189 395 1252 verbum
412 1187 534 1253 habeat
548 1209 643 1252 suam
659 1190 914 1271 expositionem,
930 1200 967 1254 ut
982 1201 1139 1273 tangetur
1154 1202 1239 1276 post.
1283 1194 1410 1257 Verum

259 1313 326 1356 non
342 1292 448 1357 solum
464 1294 619 1358 effectum
635 1315 731 1358 suum
747 1293 895 1378 complet
916 1295 950 1357 in
973 1295 1154 1371 elementis,
1171 1298 1228 1362 sed
1245 1299 1277 1360 in
1295 1299 1410 1361 mixtis

259 1398 420 1461 omnibus
466 1398 546 1462 Alia
571 1420 649 1462 vero
671 1400 837 1462 elementa
863 1420 930 1464 non
958 1411 1090 1464 tanturn
1114 1411 1252 1484 possunt
1279 1402 1409 1480 facere,

259 1511 336 1564 suut
352 1503 441 1566 enim
464 1501 566 1585 longe
585 1502 754 1567 debilioris
773 1503 986 1585 operationis,
1007 1515 1040 1568 et
1061 1505 1182 1569 multas
1199 1508 1410 1588 operationes

260 1607 385 1670 debiles
401 1616 435 1669 et
455 1606 660 1670 insensibiles
676 1607 805 1671 iaciunt.
853 1607 898 1670 Et
920 1607 983 1672 hae
1003 1608 1093 1672 solae
1113 1611 1318 1674 substantiae
1338 1631 1410 1674 cor·

225 1727 229 1733 ’
259 1711 390 1791 porales
409 1721 547 1794 possunt
567 1733 642 1775 suas
657 1712 783 1794 species
800 1712 969 1794 complere
990 1714 1023 1775 in
1044 1711 1181 1777 effectus
1202 1736 1280 1778 suos
1295 1714 1410 1794 iactas

259 1815 383 1878 scilicet
399 1816 432 1878 in
449 1817 651 1899 patientibus
666 1826 764 1880 extra
777 1837 844 1880 eas.
892 1817 992 1881 Unde
1012 1836 1072 1881 nec
1094 1819 1203 1882 mixta
1219 1820 1409 1897 inanimata,

260 1939 320 1982 nec
343 1922 489 1984 animata
516 1932 673 2003 generata
697 1942 741 1984 ex
768 1919 1022 2004 putrefactione,
1046 1943 1106 1984 nec
1133 1934 1327 2006 propagata,
1349 1943 1410 1986 nec

259 2023 416 2088 coelestia
443 2025 565 2089 faciunt
591 2027 653 2088 nisi
679 2028 808 2108 species
832 2046 910 2090 suas
935 2026 967 2088 in
996 2025 1093 2089 rebus
1118 2029 1232 2091 mundi
1259 2030 1306 2092 eis
1333 2048 1409 2111 pro·

260 2129 392 2210 pinquis
422 2139 518 2193 extra
547 2151 592 2194 se.
639 2129 715 2194 Hoc
740 2132 815 2194 dico
845 2140 984 2212 propter
1011 2130 1142 2211 plantas
1166 2139 1200 2192 et
1227 2140 1349 2194 matres
1377 2131 1410 2193 in

258 2233 465 2311 animalibus,
476 2255 563 2316 quae
577 2236 610 2297 in
625 2237 751 2298 semine
766 2235 877 2297 deciso
892 2233 1067 2316 perficiunt
1084 2235 1209 2316 species
1225 2236 1258 2297 in
1274 2235 1411 2298 effectus

259 2337 442 2422 completos
463 2358 540 2401 cum
563 2339 730 2421 adjutorio
743 2339 876 2401 virtutis
890 2337 974 2401 coeli
996 2347 1030 2401 et
1050 2348 1217 2403 motorum
1234 2339 1267 2402 in
1286 2336 1410 2403 cocles·

259 2443 357 2507 tibus.
404 2442 472 2506 Sed
500 2453 614 2506 tamen
646 2464 705 2506 nec
736 2443 871 2524 plantae
900 2462 961 2506 nec
992 2453 1115 2507 matres
1144 2443 1304 2506 iacientes
1334 2463 1410 2506 suas

260 2547 386 2628 species
402 2549 434 2610 in
450 2546 642 2630 corporibus
665 2557 762 2611 extra
781 2567 817 2612 se
837 2546 1007 2630 complent
1028 2567 1093 2626 eaS,
1107 2548 1197 2611 velut
1214 2549 1298 2629 ignis
1320 2568 1411 2611 com·

261 2650 331 2732 plet
353 2652 497 2733 speciem
520 2651 642 2715 factam
665 2652 698 2714 in
725 2653 816 2733 ligno
842 2653 872 2715 ei
899 2652 1167 2734 appropinquato
1193 2663 1290 2716 extra
1318 2671 1354 2714 se
1377 2653 1409 2714 in

262 2755 416 2819 eflectum
433 2755 567 2839 plenum
583 2757 725 2820 similem
740 2757 769 2818 ei
787 2756 922 2819 nomine
936 2765 970 2818 et
986 2754 1189 2819 delinitione.

305 2859 373 2923 Sed
394 2861 627 2942 gravissimum
646 2861 785 2924 dubium
808 2870 859 2924 est
881 2860 915 2923 in
933 2859 996 2923 hac
1019 2869 1122 2941 parte,
1140 2879 1181 2924 eo
1202 2860 1291 2941 quod
1316 2859 1409 2921 nobi·
1423 2878 1577 2943 whymixed

262 2962 342 3027 liora
371 2974 450 3028 sunt
475 2965 587 3028 omnia
615 2966 731 3045 mixta,
758 2965 940 3028 inanimata
962 2974 997 3028 et
1019 2965 1165 3027 animata
1188 2972 1222 3026 et
1244 2963 1407 3036 coelestia,
1421 2947 1572 3075 lllrllgms'

259 3087 361 3149 quam
377 3069 552 3146 elementa,
570 3079 605 3132 et
619 3070 695 3132 ideo
710 3069 834 3132 habent
856 3069 931 3152 plus
951 3069 995 3131 de
1012 3070 1135 3132 virtute
1149 3069 1266 3147 activa,
1281 3076 1315 3131 et
1334 3068 1409 3131 ideo
1422 3077 1578 3126 noblerthan

261 3173 293 3235 in
310 3174 449 3237 materia
464 3172 578 3236 mundi
596 3174 702 3256 magis
716 3174 868 3237 videntur
882 3194 980 3255 posse
995 3172 1162 3254 complere
1177 3193 1253 3236 suas
1273 3172 1408 3255 species.
1422 3142 1579 3257 {fflml'

260 3277 333 3341 Nec
356 3289 407 3342 est
433 3279 708 3360 impedimentum
734 3298 793 3360 per
816 3278 879 3341 boc
903 3281 993 3360 quod
1019 3277 1083 3340 dici
1108 3277 1203 3353 solet,
1225 3278 1314 3359 quod
1342 3296 1409 3339 non
1422 3273 1560 3389 alvers&

258 3393 309 3446 est
332 3383 484 3466 aptitudo
507 3403 527 3445 a
550 3393 645 3464 parte
668 3382 826 3446 materiae
849 3383 963 3444 mundi
980 3383 1023 3446 ad
1044 3391 1113 3444 tarn
1137 3380 1264 3444 nobiles
1286 3379 1410 3444 formas
1452 3355 1552 3390 esame.

259 3487 475 3570 complendas
498 3497 535 3551 ut
557 3507 732 3569 corporum
760 3485 952 3550 coelestium
976 3497 1010 3549 et
1031 3487 1216 3562 hominum,
1239 3493 1273 3548 et
1296 3485 1411 3567 hujus-

259 3593 350 3655 modi
366 3601 636 3674 propagatorum.
683 3590 852 3673 Quoniam
868 3591 896 3653 si
912 3601 1097 3672 quaeratur,
1112 3609 1188 3653 cum
1210 3589 1411 3653 elementum

259 3696 330 3778 agit
353 3695 385 3756 in
410 3695 552 3758 mixtum
577 3695 628 3758 vel
657 3696 690 3757 in
717 3696 806 3759 aliud
834 3695 1047 3774 elementum,
1070 3713 1156 3776 quae
1179 3703 1229 3756 est
1256 3694 1411 3775 aptitudo

258 3818 280 3860 a
309 3806 404 3880 parte
435 3798 591 3861 materiae
622 3798 789 3876 naturalis,
817 3818 888 3861 non
919 3806 1031 3880 potest
1060 3797 1138 3874 dici,
1165 3796 1226 3858 nisi
1249 3797 1327 3877 quia
1354 3794 1411 3858 illa

260 3900 399 3963 materia
421 3910 502 3982 apta
532 3910 610 3964 nata
638 3909 699 3980 est,
725 3910 759 3964 et
783 3899 884 3964 habet
913 3900 1134 3982 aptitudinem
1160 3897 1342 3962 naturalem
1366 3898 1409 3962 ad

259 4005 388 4086 species
409 4003 557 4066 diversas
578 4014 613 4066 et
635 4024 827 4067 communes
851 4005 908 4066 eis.
955 4003 1001 4066 Et
1024 4003 1106 4067 haec
1129 4003 1310 4065 secundum
1325 4003 1409 4065 veri-

258 4118 363 4172 tatem
397 4118 448 4171 est
478 4108 619 4171 essentia
653 4108 793 4190 alicujus
827 4108 957 4190 generis
991 4107 1147 4190 proximi,
1176 4125 1263 4188 quae
1295 4113 1346 4170 est
1376 4106 1411 4168 in

258 4211 408 4296 potentia
439 4211 483 4275 ad
511 4211 638 4295 species
664 4211 845 4276 contrarias
873 4220 907 4274 et
936 4219 1016 4294 apta
1045 4220 1124 4273 nata
1153 4211 1196 4273 ad
1226 4219 1410 4290 utramque,

258 4327 295 4380 ut
332 4315 519 4380 substantia
556 4337 715 4398 corporea
749 4337 815 4381 non
851 4315 1002 4380 coelestis
1032 4324 1083 4378 est
1113 4315 1146 4376 in
1178 4315 1329 4394 potentia
1365 4315 1408 4377 ad

258 4420 462 4484 elementum
487 4431 521 4484 et
548 4421 703 4499 mixtum,
726 4432 761 4484 et
787 4441 838 4484 res
863 4418 1050 4502 significata
1076 4417 1244 4500 perhanc
1271 4419 1422 4482 circum--

258 4525 458 4590 locutionem
482 4534 533 4588 est
552 4524 738 4607 subjectum
754 4534 788 4588 et
809 4523 948 4588 materia
963 4522 997 4584 in
1019 4522 1295 4586 transmutatione
1311 4520 1409 4584 mixti

259 4632 292 4693 in
323 4627 535 4706 elementum,
561 4638 595 4692 et
618 4649 637 4691 e
663 4630 834 4693 contrario.
886 4627 933 4691 Et
962 4628 1097 4708 quando
1127 4625 1329 4690 elementum
1360 4635 1410 4690 est

788 4747 886 4816 ega
