3542 5359
198 2833 268 2896 'l'hcy
280 2851 321 2883 are

195 2908 239 2948 not
250 2915 308 2949 oon·

197 2965 277 3014 scions
289 2966 318 3014 ol

196 3029 260 3080 their

196 3097 287 3144 mental

194 3177 327 3225 processus.

374 581 432 642 128
609 586 764 645 OPERIS
789 585 977 656 MAJORIS
1001 587 1115 646 PARS
1141 588 1310 660 QUINTA.

371 747 509 812 domina
546 748 714 820 virtutum,
744 769 830 832 quae
868 749 971 813 utitur
1001 750 1139 813 caeteris
1168 751 1345 813 virtutibus
1383 750 1524 814 animae.

373 853 462 915 Nam
492 852 545 917 hic
574 852 720 935 exigitur
752 854 934 917 recordatio
960 852 1150 936 hujusmodi
1177 853 1356 918 visibilium
1388 865 1525 937 propter

372 957 614 1020 distinctionem
631 956 862 1021 universalium
878 968 912 1021 et
924 957 1183 1040 particularium,
1193 968 1227 1022 et
1242 958 1325 1022 haec
1338 960 1524 1022 recordatio

371 1071 421 1124 est
437 1061 539 1142 ipsius
556 1061 808 1143 imaginationis,
822 1072 859 1125 ut
872 1062 963 1144 prius
975 1063 1101 1125 dictum
1114 1073 1173 1137 est,
1186 1063 1212 1126 si
1226 1064 1268 1126 sit
1280 1073 1431 1145 respectu
1444 1063 1525 1126 lucis

370 1173 404 1227 et
427 1165 545 1231 coloris
565 1175 599 1229 et
621 1165 736 1247 viginti
754 1165 957 1228 sensibilium
979 1167 1215 1242 communium,
1234 1169 1312 1248 quia
1332 1167 1524 1250 imaginatio

371 1278 421 1332 est
447 1289 523 1333 arca
549 1269 732 1352 specierum
759 1269 961 1332 venientium
988 1271 1030 1332 ab
1061 1271 1118 1334 eis.
1175 1269 1212 1335 Si
1239 1291 1318 1334 vero
1345 1272 1388 1334 sit
1413 1291 1522 1334 rerum

368 1393 455 1456 quae
486 1374 651 1454 pertinent
680 1373 723 1435 ad
755 1373 1020 1437 aestimationem
1051 1385 1085 1438 et
1116 1375 1321 1453 memoriam,
1350 1384 1429 1438 tunc
1466 1375 1524 1438 illa

370 1479 529 1541 memoria
545 1477 688 1541 deservit
703 1477 757 1541 hic
778 1478 810 1539 in
830 1479 1047 1541 recordando.
1095 1478 1183 1542 Nam
1203 1480 1264 1542 etsi
1284 1500 1389 1563 agnus
1408 1478 1522 1560 lupum

368 1603 466 1664 quem
484 1602 550 1645 non
564 1581 685 1646 viderit
700 1581 793 1664 sugit,
809 1591 932 1656 tamen,
944 1582 971 1645 si
987 1602 1064 1645 eum
1081 1582 1170 1664 prius
1185 1584 1313 1656 viderit,
1326 1584 1423 1647 citius
1439 1583 1523 1664 sugit

368 1696 402 1750 et
429 1687 619 1770 diligentius
643 1688 776 1768 quando
806 1688 954 1750 secundo
980 1707 1057 1749 eum
1082 1687 1211 1750 viderit.
1256 1687 1303 1750 Et
1329 1687 1450 1751 accidit
1475 1686 1522 1750 sic

368 1790 537 1854 distinctio
561 1812 620 1874 per
643 1791 858 1874 cogitativam
883 1791 1051 1855 mediante
1074 1792 1243 1865 memoria,
1266 1811 1353 1874 quae
1375 1802 1426 1854 est
1446 1810 1523 1854 arca

369 1896 589 1959 intentionum
607 1896 844 1958 insensatarum
860 1895 948 1958 circa
969 1896 1141 1959 materiam
1165 1895 1363 1973 sensibilem,
1380 1904 1415 1958 ut
1433 1895 1522 1977 prius

369 1999 563 2083 expositum
586 2009 646 2062 est.
696 1999 740 2061 Et
756 1999 830 2062 ideo
851 1999 996 2082 cognitio
1017 2019 1084 2080 qua
1103 2000 1349 2081 distinguuntur
1364 2020 1415 2062 res
1433 1999 1523 2081 prius

367 2105 456 2167 visae
475 2104 517 2166 ab
539 2103 611 2167 aliis
632 2103 694 2166 erit
715 2104 748 2165 in
765 2103 880 2166 brutis.
927 2103 1068 2186 Propter
1089 2105 1179 2185 quod
1196 2105 1430 2186 aequivocatur
1446 2102 1522 2180 hic;

366 2206 419 2271 vel
436 2208 542 2292 magis
559 2219 610 2272 est
626 2208 743 2272 vitium
763 2207 989 2270 translationis
1010 2228 1095 2289 quae
1116 2227 1182 2270 non
1207 2208 1307 2271 habet
1322 2206 1521 2270 vocabulum

367 2312 536 2395 proprium
567 2311 609 2375 ad
641 2311 729 2374 hunc
765 2312 902 2374 modum
939 2312 1162 2395 cognoscendi
1172 2310 1193 2373 ¹.
1254 2311 1413 2375 Similiter
1443 2313 1522 2393 quia

366 2425 497 2498 oportet
513 2415 745 2498 syllogismum
762 2412 904 2478 arctari²
918 2415 950 2476 in
968 2416 1149 2498 proposito.
1196 2415 1285 2478 Nam
1301 2414 1521 2500 proculdubio

366 2518 456 2584 nulla
479 2519 606 2583 ratione
628 2529 739 2603 potest
766 2518 974 2594 dissimulari,
997 2518 1102 2602 quin³
1124 2521 1222 2583 bruta
1245 2520 1426 2603 percipiant
1453 2520 1519 2582 dis·

365 2625 503 2688 tantiam
519 2645 625 2688 rerum
643 2634 676 2687 et
692 2635 820 2688 motum
840 2633 872 2688 et
895 2626 1051 2708 quietem,
1068 2625 1144 2688 licet
1159 2627 1201 2690 de
1222 2625 1294 2688 aliis
1309 2622 1519 2688 sensibilibus

365 2729 599 2793 communibus
616 2730 741 2793 nonsit
758 2731 811 2793 ita.

410 2832 477 2898 Sed
514 2834 555 2897 de
591 2842 787 2918 argumento
824 2843 956 2917 oportet
989 2835 1197 2897 considerare
1225 2834 1315 2916 quod
1345 2832 1520 2915 dispositio

366 2938 552 3019 argumenti
569 2939 601 3000 in
619 2937 725 3022 figura
740 2949 773 3002 et
788 2938 959 3002 distinctio
975 2938 1196 3002 conclusionis
1212 2958 1232 3000 a
1249 2937 1437 3019 praemissis
1452 2957 1519 3001 non

366 3044 508 3124 pertinet
530 3043 591 3106 nisi
615 3045 658 3106 ad
681 3044 828 3107 animam
856 3042 1059 3107 rationalem.
1104 3041 1172 3106 Sed
1198 3043 1362 3125 quaedam
1386 3040 1521 3106 collatio

366 3144 508 3227 plurium
528 3148 572 3210 ad
593 3167 695 3210 unum
721 3167 764 3210 ex
788 3146 929 3212 naturali
953 3146 1114 3210 industria
1137 3156 1170 3208 et
1194 3146 1349 3208 instinctu
1372 3155 1521 3222 naturae,

364 3271 450 3333 quae
473 3249 568 3333 plura
590 3250 813 3315 assimilantur
835 3251 1034 3335 praemissis,
1050 3261 1083 3314 et
1106 3251 1197 3332 quod
1222 3271 1323 3312 unum
1347 3250 1390 3312 sit
1411 3249 1519 3312 simile

364 3354 565 3418 conclusioni
592 3356 669 3438 quia
696 3355 862 3437 colligitur
885 3356 1007 3433 exeis,
1029 3365 1140 3438 potest
1164 3356 1247 3418 bene
1271 3355 1405 3437 reperiri
1426 3353 1516 3437 apud

363 3458 468 3523 bruta.
500 3459 589 3523 Nam
601 3460 752 3524 videmus
764 3461 876 3524 simias
887 3459 1030 3524 offensas
1042 3479 1157 3542 parare
1169 3459 1307 3522 insidias
1319 3457 1517 3536 hominibus,

362 3573 395 3628 et
421 3562 526 3626 multa
550 3564 700 3627 ordinare
727 3565 771 3628 ad
801 3564 865 3628 hoc
893 3576 930 3628 ut
956 3573 1136 3646 sequantur
1162 3563 1354 3640 vindictam,
1378 3572 1413 3625 et
1440 3563 1516 3626 ideo

361 3667 522 3750 colligunt
544 3688 646 3731 unum
666 3669 757 3751 quod
782 3669 958 3734 intendunt
975 3689 1019 3733 ex
1040 3664 1189 3730 multis⁴.
1228 3665 1392 3729 Videmus
1414 3667 1514 3730 etiam

362 3792 499 3837 araneas
526 3773 677 3838 ordinare
706 3773 819 3850 telam,
844 3784 879 3838 et
909 3792 977 3836 non
1008 3792 1209 3854 quocunque
1240 3771 1353 3849 modo,
1369 3770 1428 3833 sed
1456 3790 1515 3853 per

393 3921 403 3952 ¹
420 3923 638 3985 cognoscendum,
651 3923 676 3983 J.

394 4001 404 4030 ¹
420 4002 477 4050 The
488 4002 563 4051 word
575 4002 709 4064 syllogism
722 4001 822 4064 (Bacon
834 4003 945 4060 means),
958 4001 1051 4050 should
1069 4001 1101 4048 be
1119 3999 1216 4049 limited
1234 4008 1261 4049 to
1274 4000 1308 4049 its
1323 4000 1445 4060 ordinary
1456 4013 1511 4060 use,

360 4082 413 4130 and
430 4087 476 4129 not
489 4080 619 4128 extended
637 4087 664 4128 to
682 4081 857 4130 unconscious
873 4080 925 4129 and
941 4081 1089 4129 instinctive
1109 4079 1256 4140 reasoning,
1275 4093 1304 4127 as
1321 4093 1377 4126 was
1393 4077 1462 4124 done
1479 4077 1514 4137 by

361 4159 476 4208 Alhazen
489 4160 541 4208 and
553 4160 650 4208 others.

393 4238 402 4265 ³
419 4238 547 4300 quoniam,
561 4238 585 4298 J.
621 4238 672 4286 See
688 4237 733 4286 the
749 4238 790 4285 list
806 4236 835 4285 ol
847 4237 971 4286 sensibilia
982 4252 1016 4284 on
1028 4253 1053 4299 p.
1065 4238 1082 4283 6
1093 4236 1124 4284 ol
1138 4236 1189 4284 this
1200 4235 1309 4284 volume.
1344 4234 1385 4282 On
1398 4249 1476 4296 many
1487 4233 1517 4281 oi

360 4318 435 4366 these
451 4317 505 4364 itis
516 4317 623 4364 obvious
639 4317 694 4364 that
711 4315 757 4363 the
773 4316 855 4364 lower
870 4316 978 4365 animals
994 4315 1069 4364 could
1083 4321 1129 4364 not
1141 4313 1295 4376 ‘syllogize’
1306 4313 1472 4374 consciously
1484 4328 1515 4361 or

361 4395 567 4455 unconsciously.
595 4394 634 4444 Cf.
645 4395 701 4443 also
712 4409 736 4456 p.
749 4395 790 4444 82.

393 4473 492 4522 ‘Here
513 4473 616 4521 follows
634 4473 661 4520 in
681 4472 834 4520 Combach's
853 4472 952 4520 edition
972 4471 1003 4519 of
1018 4472 1063 4520 the
1080 4471 1234 4535 Pmpectiva
1250 4486 1284 4518 an
1304 4470 1433 4519 anecdote
1452 4469 1482 4517 ol
1497 4485 1513 4518 a

360 4551 492 4600 malicious
505 4566 562 4614 ape.
600 4549 611 4599 1
624 4567 672 4600 can
687 4549 793 4600 confirm
810 4551 825 4611 J
828 4549 900 4599 ebb's
917 4550 1053 4600 exclusion
1068 4550 1098 4599 oi
1112 4550 1140 4614 it,
1153 4566 1183 4599 as
1200 4550 1219 4598 it
1235 4549 1315 4598 isnot
1327 4548 1410 4598 found
1422 4549 1448 4596 in
1460 4563 1514 4610 any

360 4629 407 4678 MS
429 4630 525 4678 known
539 4637 565 4678 to
578 4643 626 4678 me.
