3542 5359
380 637 442 698 290
595 625 751 687 OPERIS
774 627 965 697 MAJORIS
988 629 1104 689 PARS
1129 629 1328 688 SEPTIMA.

381 787 524 852 attonita
538 799 572 854 et
593 788 626 854 iu
648 790 734 855 vires
751 812 828 855 suas
847 813 960 875 prona,
976 801 1010 856 et
1030 792 1099 856 sive
1121 793 1280 857 successit
1295 789 1445 874 superba,
1465 789 1533 855 sive

382 889 565 971 frustratur,
588 894 711 960 insana
756 896 811 960 Ne
833 896 963 978 repulsa
986 897 1119 979 quidem
1143 897 1176 960 in
1199 897 1347 960 taedium
1371 905 1455 975 acta,
1477 895 1532 958 ubi

381 996 604 1062 adversarium
621 997 753 1064 fortuna
767 1001 938 1076 subduxit,
954 1001 987 1064 in
1003 1021 1039 1064 se
1055 1002 1160 1084 ipsam
1186 1021 1314 1065 morsus
1328 1019 1408 1063 suos
1425 999 1532 1064 vertit.

382 1099 454 1164 Nec
470 1100 568 1166 refert
591 1115 753 1184 quantum
772 1105 816 1169 sit
836 1125 881 1168 ex
897 1125 964 1187 quo
982 1106 1170 1184 surrexerit,
1185 1125 1230 1169 ex
1252 1103 1428 1168 levissimis
1443 1104 1531 1168 enim

380 1206 415 1268 in
431 1207 580 1270 maxima
596 1210 718 1273 evadit.
755 1209 892 1272 Nullam
905 1209 1022 1272 transit
1033 1217 1198 1285 aetatem3
1220 1208 1531 1273 nullumhominum

380 1329 485 1392 genus
500 1312 635 1395 excipit.
681 1312 857 1394 Quaedam
872 1313 962 1375 enim
976 1323 1092 1397 gentes
1107 1312 1270 1377 beneficio
1292 1312 1450 1397 egestatis
1467 1333 1532 1375 non

380 1434 501 1479 novere
531 1414 707 1480 luxuriam.
754 1414 929 1498 Quaedam
961 1417 1040 1498 quia
1069 1417 1237 1481 exercitae
1267 1427 1301 1480 et
1327 1436 1430 1499 vagae
1455 1425 1533 1479 sunt

381 1519 526 1601 effugere
541 1520 708 1603 pigritiam
725 1567 733 1583 .
750 1568 757 1581 .
774 1569 781 1584 .
801 1520 903 1586 Nulla
918 1540 1002 1604 gens
1011 1531 1062 1584 est
1077 1541 1179 1603 quam
1192 1542 1256 1585 non
1273 1521 1409 1603 instiget
1422 1521 1489 1585 ira.
1503 1567 1510 1582 .
1525 1570 1532 1586 .

382 1622 536 1706 Denique
562 1635 693 1688 caetera
714 1625 862 1710 singulos
885 1625 1076 1707 corripiunt.
1123 1626 1188 1689 Hic
1210 1646 1293 1689 unus
1317 1624 1456 1689 affectus
1481 1633 1533 1688 est

381 1729 437 1810 qui
454 1728 618 1792 interdum
635 1729 768 1812 publice
782 1729 977 1813 concipitur.
1017 1729 1192 1812 Nusquam
1204 1730 1348 1813 populus
1363 1729 1532 1793 universus

381 1831 543 1896 faeminae
564 1853 677 1896 amore
699 1831 860 1915 flagravit,
882 1853 943 1896 nec
966 1833 998 1895 in
1023 1835 1198 1915 pecuniam
1221 1843 1278 1898 aut
1302 1832 1429 1897 lucrum
1460 1841 1533 1897 tota

380 1937 495 1999 civitas
510 1957 604 2018 spem
628 1958 722 2001 suam
743 1938 843 2001 misit.
891 1936 1044 2000 Ambitio
1059 1938 1181 2002 viritim
1205 1937 1352 2022 singulos
1378 1947 1532 2020 occupat.

381 2039 489 2125 Saepe
519 2042 552 2104 in
576 2041 658 2104 iram
690 2061 756 2105 uno
785 2041 920 2126 agmine
943 2041 1027 2105 itum
1050 2050 1110 2104 est.
1156 2041 1229 2105 Viri
1251 2041 1415 2106 laeminae
1437 2059 1533 2104 senes

378 2147 471 2231 pueri
486 2145 652 2229 principes
665 2145 850 2229 vulgusque
870 2165 1073 2223 consensere,
1089 2155 1123 2209 et
1138 2155 1211 2210 tota
1227 2145 1406 2211 multitudo
1422 2146 1531 2210 verbis

380 2252 587 2332 paucissimis
617 2251 783 2314 concitata
814 2251 923 2333 ipsum
953 2251 1191 2315 concitatorem
1225 2251 1412 2315 antecessit.
1473 2249 1530 2313 Ad

379 2375 473 2418 arma
505 2356 655 2439 protinus
677 2355 835 2438 ignesque
864 2356 1048 2420 discursum
1071 2353 1142 2419 est!
1190 2355 1235 2418 Et
1258 2356 1291 2418 in
1314 2355 1423 2437 primo
1445 2353 1532 2417 libro

379 2459 472 2538 dicit,
487 2463 495 2492 ‘
508 2459 676 2542 Jamque¹
692 2460 721 2524 si
742 2459 879 2524 effectus
904 2460 973 2542 ejus
993 2461 1182 2543 damnaque
1201 2460 1321 2524 intueri
1336 2459 1426 2536 velis,
1443 2459 1532 2523 nulla

382 2565 484 2647 pestis
500 2563 648 2628 humano
663 2564 776 2647 generi
792 2562 894 2646 pluris
905 2565 1008 2629 stetit.
1053 2564 1191 2628 Videbis
1206 2565 1325 2628 caedes
1340 2585 1379 2627 ac
1394 2583 1530 2640 venena,

381 2679 416 2732 et
436 2665 589 2732 reorum²
605 2679 738 2733 mutuas
754 2669 869 2733 sordes
884 2678 920 2732 et
935 2669 1065 2732 urbium
1080 2668 1191 2732 clades
1209 2679 1243 2732 et
1257 2678 1403 2732 totarum
1427 2668 1532 2732 exitia

377 2773 528 2856 gentium
552 2821 560 2836 .
584 2819 592 2835 .
617 2823 625 2839 .
648 2792 709 2835 nec
732 2772 817 2836 intra
840 2773 972 2836 moenia
994 2772 1155 2836 coercitos
1179 2772 1279 2855 ignes,
1301 2773 1359 2835 sed
1384 2772 1530 2856 ingentia

384 2878 491 2960 spatia
514 2879 684 2962 regionum
703 2875 815 2941 hostili
838 2875 972 2940 flamma
994 2874 1182 2939 relucentia.
1220 2875 1347 2957 Aspice
1366 2875 1530 2939 nobilissi-

385 3002 515 3046 marum
538 2981 709 3046 civitatum
730 2979 947 3043 fundamenta
962 2977 1019 3041 vix
1041 2977 1220 3042 notabilia:
1244 2977 1304 3041 has
1331 2980 1379 3042 ira
1398 2977 1530 3060 dejecit.

380 3087 507 3170 Aspice
529 3086 724 3151 solitudines
747 3104 806 3168 per
828 3083 933 3146 multa
955 3082 1044 3146 milia
1065 3083 1135 3146 sine
1153 3082 1340 3147 habitatore
1361 3083 1530 3146 desertas:

379 3191 441 3256 has
462 3192 509 3254 ira
529 3189 703 3254 exhausit?
750 3190 796 3254 Et
823 3189 980 3271 quoniam
1005 3187 1132 3252 Seneca
1153 3188 1186 3250 in
1210 3185 1295 3251 libro
1320 3189 1417 3251 tertio
1439 3186 1531 3265 dicit,

378 3296 447 3360 'Ne
458 3292 661 3358 irascamur³
677 3293 927 3378 praestabimus,
940 3293 966 3358 si
983 3292 1096 3356 omnia
1107 3291 1188 3355 vitia
1199 3292 1266 3354 irae
1281 3291 1378 3355 nobis
1390 3292 1531 3354 subinde

381 3399 679 3484 proposuerimus.
704 3398 953 3468 ..accusanda
982 3405 1034 3461 est
1062 3397 1151 3479 apud
1175 3417 1234 3460 nos
1264 3405 1299 3459 et
1327 3395 1528 3460 damnanda.

380 3505 463 3588 Ejus
486 3525 565 3588 ergo
584 3504 672 3568 mala
693 3502 930 3586 perscrutanda
952 3511 1028 3566 sunt
1050 3511 1151 3584 atque
1173 3499 1205 3563 in
1230 3501 1376 3564 medium
1400 3509 1530 3581 protra-

379 3605 528 3685 henda'3
550 3608 626 3672 ideo
650 3607 684 3670 in
711 3607 876 3689 prioribus
899 3606 1048 3669 enarravi
1071 3625 1187 3668 omnes
1214 3604 1340 3667 radices
1365 3604 1529 3669 malorum

378 3715 446 3778 irae
460 3722 625 3796 quatenus
641 3711 789 3776 funditus
803 3711 997 3793 extirpetur,
1017 3730 1076 3773 nec
1098 3710 1165 3772 ulla
1187 3707 1259 3791 ejus
1278 3718 1469 3773 remaneant
1494 3709 1529 3772 in

377 3818 496 3885 animis
510 3817 661 3899 vestigia.

778 3989 1005 4055 Cnerruuuu
1027 3986 1127 4052 VIII.

208 4151 287 4201 Exam
306 4151 343 4202 le·
422 4133 468 4197 Et
487 4153 554 4198 non
573 4131 682 4196 solum
702 4127 922 4195 consideratio
943 4127 1062 4190 horum
1086 4137 1258 4208 permonet
1282 4135 1318 4190 ut
1340 4125 1532 4190 iracundiae

209 4217 325 4331 Q,
377 4239 610 4315 renuntiemus,
626 4237 683 4300 sed
699 4231 856 4318 exempla
878 4233 1066 4315 sapientum
1085 4243 1120 4295 et
1139 4229 1391 4313 magnificorum
1408 4231 1533 4310 princi·

208 4347 358 4462 ingoetff
378 4363 457 4427 pum
480 4341 647 4426 praeclara
670 4340 817 4404 recitabo
838 4359 925 4421 quae
946 4357 1082 4400 ornnem
1105 4336 1274 4400 hominem
1297 4354 1533 4416 quemcunque

208 4428 240 4462 2ss
269 4428 286 4462 0
379 4450 387 4462 .

209 4477 292 4542 phua
378 4447 572 4511 iracundum
590 4454 728 4527 possunt
744 4443 863 4506 merito
878 4440 1072 4516 demulcere,
1088 4449 1121 4504 et
1137 4441 1180 4503 ab
1195 4439 1307 4503 animo
1324 4439 1530 4502 iracundiam

209 4543 319 4608 sophera
378 4548 500 4632 fugare.
546 4547 679 4612 Solinus
698 4547 732 4610 in
750 4546 834 4610 libro
857 4548 900 4608 de
925 4544 1133 4608 Mirabilibus
1157 4543 1273 4607 Mundi
1298 4543 1416 4607 recitat
1443 4543 1533 4607 iuter

409 4663 419 4692 ¹
434 4663 536 4726 Delta,
549 4664 567 4713 i.
579 4680 603 4714 a.
774 4661 785 4691 ¹
800 4677 897 4724 eorum,
913 4661 944 4711 D.
959 4666 985 4708 et
996 4660 1028 4711 Ο.
1217 4658 1227 4690 ⁸
1243 4657 1283 4708 De
1292 4658 1345 4717 Ira,
1358 4657 1394 4708 iii.
1405 4670 1429 4719 5.
