3542 5359
550 600 665 659 PARS
691 599 851 659 PRIMA:
886 598 975 659 CAP.
1005 599 1056 664 VI.
1322 615 1383 678 449

233 770 292 835 est,
322 763 413 842 quod
451 763 663 847 corruptibile
699 774 733 827 et
770 764 1021 846 incorruptibile
1051 763 1218 846 completa
1248 764 1281 827 in
1312 784 1384 828 esse

234 874 371 928 naturae
394 886 461 930 non
485 879 624 950 possunt
646 889 717 933 esse
738 869 772 930 in
795 868 913 931 eodem
936 867 1086 951 simplici,
1109 879 1248 950 possunt
1269 878 1382 932 tamen

234 987 306 1032 esse
320 971 505 1036 dummodo
520 993 623 1036 unum
643 974 686 1037 sit
705 974 737 1037 in
756 994 829 1037 esse
844 972 999 1054 specifico
1014 973 1154 1036 naturali
1170 973 1384 1056 completum,

234 1083 269 1136 et
283 1073 373 1138 aliud
388 1077 432 1140 sit
447 1077 642 1142 assimilatio
662 1078 734 1160 ejus
750 1078 792 1141 ad
812 1076 947 1160 aliquod
966 1076 1106 1141 alterum
1121 1099 1129 1151 ;
1152 1076 1216 1142 hoc
1232 1078 1318 1140 enim
1333 1086 1384 1141 est

234 1179 388 1258 possibile
403 1191 437 1244 et
451 1182 548 1244 valde
564 1182 771 1257 conveniens,
786 1192 820 1246 et
834 1181 1086 1264 quodammodo
1102 1182 1333 1246 necessarium.

280 1280 316 1345 Si
335 1284 464 1348 dicatur
482 1284 562 1349 illud
578 1285 769 1351 Aristotelis
787 1287 896 1369 primo
912 1284 1273 1367 Meteorologicorum1
1292 1285 1383 1369 quod

236 1385 364 1450 coelum
377 1409 442 1452 non
460 1390 575 1473 recipit
585 1390 778 1473 peregrinas
789 1391 1031 1474 impressiones,
1040 1397 1074 1452 et
1086 1388 1146 1453 has
1156 1400 1255 1454 vocat
1265 1390 1384 1454 altera·

235 1490 344 1555 tiones
360 1492 539 1557 formarum
556 1493 822 1571 elementarium;
844 1494 1023 1557 dicendum
1043 1502 1103 1567 est,
1119 1494 1209 1575 quod
1227 1514 1294 1557 non
1309 1502 1385 1558 sunt

237 1597 426 1679 peregrinae
435 1609 573 1682 propter
581 1619 653 1662 esse
662 1598 783 1680 speciei
793 1598 1009 1675 renovandae,
1019 1598 1062 1661 de
1073 1617 1140 1680 qua
1149 1596 1202 1661 hic
1213 1598 1388 1680 loquimur,

237 1700 294 1762 sed
311 1699 419 1764 solum
435 1713 572 1785 propter
587 1701 789 1785 completum
813 1722 885 1766 esse
906 1701 1003 1784 hujus
1023 1701 1203 1766 formarum
1225 1712 1260 1767 et
1281 1713 1386 1766 trans-

237 1805 470 1883 mutationum,
478 1827 564 1888 quae
575 1807 728 1870 accidunt
741 1826 799 1887 per
813 1806 1058 1887 corruptionem
1074 1807 1229 1889 patientis
1246 1806 1279 1869 in
1292 1815 1387 1888 parte

236 1907 289 1972 vel
311 1909 345 1971 in
368 1920 449 1982 toto,
468 1923 503 1974 et
525 1932 585 1994 per
607 1911 784 1976 laesionem
807 1930 886 1974 suae
909 1910 1113 1973 substantiae
1135 1909 1330 1993 specificae;
1353 1922 1387 1975 et

237 2011 428 2095 hujusmodi
450 2016 742 2079 transmutationes
763 2034 829 2077 non
852 2012 936 2076 fiunt
959 2013 992 2075 in
1014 2012 1221 2077 coelestibus.
1267 2013 1304 2078 Si
1327 2014 1386 2076 ob·

234 2116 366 2198 jiciatur
380 2121 470 2201 quod
490 2140 564 2182 cum
583 2119 709 2185 coelum
725 2127 805 2200 agat
826 2118 860 2180 in
881 2116 963 2181 haec
986 2115 1147 2191 inferiora,
1164 2128 1198 2181 et
1220 2119 1323 2200 possit
1345 2118 1388 2182 ab

238 2223 285 2284 eis
312 2223 383 2305 pati
410 2243 469 2304 per
493 2223 743 2307 generationem
770 2221 892 2303 speciei
918 2230 998 2282 tunc
1025 2221 1085 2282 erit
1112 2240 1214 2301 agens
1241 2220 1387 2302 physice,

238 2325 331 2407 cujus
353 2329 553 2390 contrarium
574 2325 647 2389 vult
668 2326 768 2388 tertio
789 2317 1013 2406 Physic'orum,
1028 2333 1062 2386 et
1080 2323 1164 2387 libro
1183 2326 1226 2387 de
1242 2323 1387 2388 Genera·

238 2430 339 2503 tione,
355 2440 389 2491 et
404 2430 484 2494 alibi
500 2431 642 2511 pluries3
664 2430 841 2493 dicendum
857 2439 918 2503 est,
933 2429 1024 2509 quod
1046 2428 1157 2510 passio
1179 2449 1265 2510 quae
1285 2439 1335 2492 est
1357 2430 1389 2492 in

239 2535 451 2615 generatione
476 2535 596 2616 speciei
618 2554 684 2598 non
707 2534 833 2597 inducit
855 2533 1021 2596 actionem
1047 2531 1228 2614 physicam,
1243 2534 1302 2596 sed
1325 2533 1389 2596 ista

239 2646 389 2720 quaeest
407 2658 464 2720 per
479 2639 724 2719 corruptionem
741 2637 902 2700 essentiae
918 2637 1082 2718 patientis,
1096 2657 1182 2719 quae
1197 2657 1264 2700 non
1284 2647 1335 2701 est
1357 2637 1390 2700 in

239 2743 444 2805 coelestibus
506 2741 606 2824 Quod
631 2751 743 2805 autem
769 2741 850 2804 dicit
871 2739 1044 2804 Avicenna
1067 2742 1166 2804 tertio
1189 2742 1232 2804 de
1255 2742 1389 2813 Anima,

242 2846 333 2927 quod
360 2847 540 2910 absurdum
568 2856 619 2909 est
652 2845 761 2908 dicere
791 2846 880 2926 quod
912 2843 995 2908 coeli
1029 2845 1194 2925 patiantur
1224 2865 1245 2907 a
1275 2856 1390 2909 nostro

239 2951 324 3026 visu,
337 2951 515 3015 dicendum
532 2960 582 3014 est
597 2950 687 3031 quod
704 2949 774 3031 ipse
786 2949 875 3031 prius
888 2949 1080 3014 immediate
1091 2950 1201 3031 tetigit
1211 2969 1278 3030 quo
1290 2952 1392 3014 modo

241 3056 396 3140 intelligit
420 3055 506 3119 hanc
529 3057 734 3138 passionem
756 3054 896 3136 loquens
917 3065 1031 3118 contra
1052 3075 1110 3118 eos
1133 3056 1189 3138 qui
1212 3065 1390 3138 posuerunt

240 3181 351 3226 aerem
377 3172 412 3224 et
436 3159 565 3224 coelum
597 3161 630 3223 in
657 3170 790 3225 tantum
815 3161 884 3243 pati
911 3181 931 3224 a
953 3159 1024 3222 visu
1049 3171 1082 3224 et
1104 3160 1243 3234 alterari,
1271 3167 1309 3221 ut
1335 3180 1392 3221 aer

241 3276 275 3330 et
295 3265 424 3330 coelum
443 3275 553 3330 essent
569 3265 824 3328 instrumentum
840 3264 1003 3328 sentiendi
1018 3262 1145 3327 visibile
1167 3275 1202 3328 et
1225 3262 1391 3326 deserendi

239 3391 298 3434 seu
321 3372 480 3434 reddendi
497 3370 580 3434 visui
603 3369 675 3452 ejus
692 3369 850 3452 speciem,
864 3379 899 3433 et
917 3371 1043 3451 quoda
1064 3370 1136 3434 visu
1155 3369 1248 3434 fieret
1266 3368 1391 3452 aliquid

241 3476 411 3557 corporale
426 3484 619 3558 protensum
635 3475 668 3538 in
685 3475 796 3539 medio
814 3495 919 3556 usque
940 3474 982 3537 ad
1003 3495 1071 3537 rem
1093 3475 1206 3538 visam
1254 3474 1299 3537 Et
1325 3493 1391 3536 non

241 3576 406 3660 loquimur
427 3588 541 3642 contra
564 3577 636 3650 hoc,
655 3579 746 3660 quod
769 3577 900 3640 coelum
922 3577 965 3641 sit
988 3579 1072 3641 sicut
1095 3579 1241 3643 medium
1265 3578 1297 3640 in
1320 3577 1392 3640 visu

242 3681 553 3763 recipiensspeciem
563 3683 654 3745 visus
665 3692 699 3744 et
711 3681 846 3744 visibilis
857 3705 866 3757 ς
884 3676 964 3768 [hoc
973 3684 1061 3746 enim
1073 3683 1290 3746 necessarium
1300 3675 1392 3766 est]².

664 3885 892 3951 Cnmrunuru
916 3889 978 3952 Vl.

287 4026 384 4088 Nunc
400 4024 672 4089 considerandum
687 4034 738 4088 est
752 4034 888 4089 sextum
900 4024 1079 4106 principale
1090 4024 1177 4088 circa
1189 4023 1393 4089 influentiam
1408 4033 1448 4083 On
1460 4033 1540 4096 earth,

243 4131 373 4215 agentis
388 4130 421 4191 in
440 4131 577 4212 patiens,
593 4139 626 4194 et
647 4129 681 4191 in
702 4129 765 4193 hoc
787 4129 937 4193 consistit
959 4139 995 4193 ut
1015 4129 1138 4193 sciatur
1155 4149 1240 4212 quae
1261 4131 1395 4210 agentia
1408 4098 1551 4214 ζῗεώᾚξ,

275 4267 285 4297 ¹
303 4265 344 4315 Ci.
356 4265 548 4329 Meteoroiogica,
561 4266 577 4313 i.
590 4281 613 4314 2.
1408 4247 1486 4292 Μεθ’
1499 4232 1541 4281 the

275 4345 286 4374 ¹
301 4345 388 4393 ibae
399 4345 487 4392 words
497 4345 604 4393 omitted
615 4344 642 4392 in
654 4344 685 4394 O.
727 4345 896 4407 Throughout
912 4343 964 4392 this
981 4343 1088 4406 chapter
1102 4343 1224 4394 Baconis
1241 4343 1338 4404 feeling
1354 4343 1395 4395 his

242 4440 303 4485 way
315 4424 429 4473 towards
440 4423 485 4471 the
495 4423 619 4472 abolition
631 4423 662 4472 oi
669 4423 713 4471 the
724 4424 886 4481 distinction,
897 4423 1028 4484 supposed
1040 4431 1068 4471 to
1086 4423 1118 4471 be
1135 4422 1261 4481 absolute,
1274 4424 1395 4472 between

244 4503 388 4551 terrestrial
404 4503 455 4550 and
473 4501 588 4550 celestial
605 4503 759 4558 substance;
784 4518 799 4550 a
816 4502 966 4549 distinction
983 4502 1070 4550 which
1089 4501 1220 4550 Glordano
1238 4501 1327 4550 Bruno
1343 4503 1396 4552 and

244 4582 345 4631 Galileo
354 4597 425 4629 were
436 4595 487 4630 one
499 4580 549 4641 day
557 4587 585 4627 to
597 4579 740 4628 obliterate.
758 4579 811 4628 But
822 4579 875 4628 this
886 4580 963 4628 could
976 4588 1020 4629 not
1032 4580 1064 4628 be
1077 4581 1146 4628 done
1157 4579 1183 4627 in
1195 4581 1241 4629 the
1253 4580 1396 4629 thirteentb

244 4668 349 4721 century
361 4675 390 4708 as
401 4659 446 4707 the
459 4667 521 4707 next
533 4659 642 4719 chapter
651 4657 749 4708 shows.

289 4740 370 4792 voc.
387 4740 423 4789 11.
792 4737 857 4808 cg
