3542 5359
401 650 596 710 MORALIS
620 649 939 708 PHILOSOPHIA:
973 649 1087 706 PARS
1115 649 1278 707 TERTIA.
1354 667 1415 727 343

264 813 384 880 frustra
402 813 594 895 temptabis,
608 812 686 874 nihil
711 812 949 896 prohibeberis,
965 813 1077 875 onmia
1101 811 1163 875 tibi
1185 833 1229 873 ex
1252 812 1415 876 sententia

264 920 394 982 cedent.
440 918 534 982 Nihil
556 917 732 981 adversum
750 917 888 993 accidet,
909 916 990 980 nihil
1011 923 1127 979 contra
1150 916 1413 999 opinionem...

266 1022 357 1105 Quid
394 1028 497 1106 ergo?
541 1021 657 1085 Virtus
687 1021 730 1084 ad
761 1022 858 1085 beate
891 1021 1069 1084 vivendum
1099 1020 1230 1083 sufficit.
1287 1019 1412 1101 Quidni

266 1127 429 1190 sufficiat?
452 1127 556 1188 immo
578 1125 759 1207 superfluit
805 1124 897 1207 Quid
924 1125 1013 1186 enim
1040 1125 1156 1187 deesse
1182 1133 1293 1206 potest
1318 1135 1416 1188 extra

266 1231 465 1294 desiderium
481 1227 630 1292 hominil
647 1230 780 1312 posito?
826 1228 917 1312 Quid
931 1229 1138 1292 extrinsecus
1149 1246 1233 1312 opus
1245 1239 1296 1292 est
1312 1230 1341 1290 ei
1357 1230 1413 1310 qui

265 1336 378 1402 omnia
393 1333 482 1418 [sua]
497 1335 531 1396 in
546 1355 583 1397 se
597 1333 733 1416 collegit
745 1329 778 1396 ?’

309 1438 377 1503 Sed
400 1439 477 1520 quia
500 1437 580 1502 nulli
604 1447 662 1501 aut
683 1437 871 1520 paucissimi
895 1445 972 1500 sunt
994 1435 1087 1515 tales,
1103 1446 1137 1499 et
1158 1435 1256 1518 objici
1280 1447 1415 1519 possent
1429 1457 1543 1508 Seneca’s

266 1543 412 1608 Senecae
427 1543 559 1624 aliquae
573 1543 838 1624 imperfectiones
853 1561 941 1617 suae,
957 1551 994 1604 ut
1015 1561 1081 1604 non
1102 1541 1144 1604 ad
1165 1539 1279 1604 limam
1302 1542 1415 1605 omnia
1429 1523 1530 1653 23²¹ssssss

264 1667 349 1729 quae
370 1647 474 1709 virtus
496 1647 650 1728 exposcit
673 1645 855 1728 perfecerit,
880 1645 1000 1709 doctor
1029 1645 1162 1709 virtutis
1193 1646 1269 1708 ideo
1299 1644 1412 1726 hujus·
1427 1655 1530 1719 charges
1541 1655 1570 1704 os

266 1752 357 1815 modi
371 1751 402 1814 ei
418 1751 504 1814 lacta
519 1750 728 1834 oppositione
745 1750 934 1830 respondet.
1428 1735 1540 1850 fficy

308 1856 423 1918 ‘Nunc
438 1856 502 1918 hoc
517 1855 705 1937 respondeo
719 1854 779 1918 tibi
795 1877 803 1928 ;
825 1873 893 1918 non
909 1874 983 1917 sum
1004 1854 1138 1936 sapiens
1159 1864 1202 1922 et.
1218 1863 1255 1916 ut
1277 1853 1414 1916 malivo·
1429 1869 1491 1933 cap.
1508 1881 1542 1930 ¹7·

265 1961 402 2024 lentiam
424 1969 518 2024 tuam
541 1979 686 2043 pastam,
709 1979 769 2022 nec
792 1979 858 2022 ero.
905 1959 1017 2042 Exige
1041 1961 1154 2041 itaque
1174 1979 1194 2020 a
1216 1979 1269 2021 me
1287 1968 1322 2021 ut
1347 1978 1413 2021 non

266 2065 401 2147 optimis
415 2084 476 2146 par
489 2065 561 2140 sim,
572 2064 630 2126 sed
646 2074 684 2126 ut
699 2063 797 2126 malis
810 2062 942 2127 melior:
966 2062 1030 2126 hoc
1047 2063 1126 2126 mihi
1137 2061 1218 2125 satis
1229 2074 1279 2126 est
1291 2063 1415 2126 cotidie

265 2170 388 2251 aliquid
411 2189 456 2231 ex
470 2168 561 2231 vitiis
583 2169 667 2231 meis
689 2168 822 2231 demere
845 2179 880 2232 et
902 2187 1028 2230 errores
1052 2186 1144 2230 ineos
1166 2165 1412 2248 objurgare...

266 2274 498 2337 Delenimenta
521 2274 627 2354 magis
649 2293 750 2354 quam
770 2274 914 2336 remedia
932 2272 1100 2356 podagrae
1123 2291 1216 2333 meae
1238 2290 1414 2352 compon0,

263 2389 438 2442 contentus
459 2379 485 2439 si
507 2378 612 2440 rarius
632 2379 760 2440 accedit
791 2388 825 2440 et
855 2377 883 2440 si
914 2377 1021 2440 minus
1044 2375 1266 2438 verminatur:
1296 2376 1414 2438 vestris

265 2482 400 2563 quidem
417 2481 558 2563 pedibus
573 2492 784 2564 comparatus
800 2481 919 2544 debilis
934 2501 1046 2544 cursor
1062 2479 1154 2544 sum!

309 2584 447 2660 ‘Aliten
478 2586 596 2667 inquis,
625 2583 781 2666 loqueris,
812 2584 911 2648 aliter
937 2585 1030 2648 vivis.
1087 2584 1164 2647 Hoc
1190 2631 1196 2646 .
1221 2632 1228 2647 .
1252 2631 1259 2645 .
1285 2583 1414 2647 Platoni
1429 2599 1491 2662 Cap.
1507 2603 1542 2645 rs.

264 2689 432 2770 objectum
462 2699 577 2752 est..
603 2737 610 2752 .
633 2689 698 2753 hoc
728 2689 865 2754 Zenoni.
915 2689 1043 2754 Omnes
1076 2689 1129 2752 isti
1161 2688 1317 2752 dicebant
1347 2707 1414 2751 non

264 2794 549 2876 quemadmodum
571 2793 632 2875 ipsi
648 2794 796 2856 viverent
804 2789 827 2870 ²,
842 2794 901 2856 sed
917 2791 1200 2875 quemadmodum
1225 2805 1311 2853 esset
1335 2792 1415 2872 ipsis

265 2899 454 2961 vivendum.
499 2897 554 2960 De
568 2897 702 2973 virtute,
718 2915 785 2959 non
801 2898 844 2960 de
859 2917 923 2976 me,
938 2897 1068 2978 loquor,
1083 2908 1117 2961 et
1133 2915 1210 2958 curn
1228 2896 1317 2958 vitiis
1337 2915 1415 2957 con·

264 3004 387 3064 vicium
402 3002 488 3064 facio
504 3049 513 3064 .
528 3047 537 3062 .
553 3047 560 3062 .
578 3000 650 3063 Nec
665 3000 857 3082 malignitas
877 3019 933 3064 me
955 3001 1018 3064 ista
1035 2999 1141 3064 multo
1162 3018 1290 3062 veneno
1311 3000 1415 3062 tincta

264 3105 442 3170 deterrebit
471 3105 515 3168 ab
545 3104 692 3186 optimis.
739 3105 793 3166 Ne
829 3105 920 3168 virus
951 3104 1086 3186 quidem
1117 3104 1206 3168 istud
1235 3122 1303 3185 quo
1333 3101 1415 3167 alios

264 3210 419 3294 spargitis
429 3229 498 3291 quo
509 3230 570 3272 vos
583 3209 711 3273 necatis
725 3229 780 3274 me
796 3209 958 3293 impediet
972 3207 1053 3291 [quo
1070 3208 1179 3271 minus
1190 3201 1413 3292 perseverem]

263 3315 400 3378 laudare
414 3314 529 3391 vitam,
544 3331 610 3375 non
629 3333 731 3395 quam
747 3333 819 3396 ago,
835 3313 894 3377 sed
911 3331 1012 3396 quam
1034 3314 1199 3395 agendam
1220 3313 1308 3375 scio:
1330 3331 1414 3393 quo-

264 3421 374 3482 minus
391 3420 547 3482 virtutem
563 3418 710 3495 adorem,
725 3426 759 3481 et
778 3439 823 3481 ex
846 3417 1020 3482 intervallo
1040 3417 1165 3500 ingenti
1187 3416 1414 3499 reptabundus

263 3521 399 3606 sequar.'

308 3623 472 3686 ‘Multum
488 3631 659 3704 praestant
674 3621 865 3704 philosophi
884 3623 975 3704 quod
999 3623 1179 3704 loquuntur
1200 3620 1363 3684 honesta.
1381 3667 1388 3681 .
1408 3635 1491 3698 .Cap.
1505 3649 1543 3683 πο.

266 3730 354 3792 Nam
381 3728 409 3792 si
428 3727 565 3809 quidem
596 3736 631 3788 et
656 3728 748 3808 paria
774 3727 872 3790 dictis
894 3737 1038 3808 agerent,
1060 3727 1140 3808 quid
1170 3724 1234 3787 illis
1261 3725 1414 3788 beatius?

267 3833 403 3897 Interim
445 3851 511 3894 non
552 3841 603 3894 est
639 3833 731 3912 quod
764 3843 959 3895 contemnas
993 3831 1082 3893 bona
1113 3830 1216 3892 verba
1252 3838 1287 3892 et
1317 3829 1414 3892 bonis
1510 3872 1513 3878 ·

264 3936 523 4020 cogitationibus
569 3934 669 4018 plena
712 3936 916 4017 praecordia.
977 3933 1173 3999 Studiorum
1221 3931 1413 3996 salutarium

262 4045 364 4106 etiarn
381 4042 463 4104 citra
483 4039 636 4103 effectum
658 4038 825 4103 laudanda
848 4039 1005 4103 tractatio
1027 4048 1086 4102 est.
1132 4035 1223 4119 Quid
1246 4036 1366 4098 mirum
1386 4037 1413 4098 si

263 4166 330 4210 non
353 4145 535 4209 escendunt
558 4146 591 4207 in
613 4145 719 4208 altum
741 4146 846 4208 ardua
868 4145 1043 4228 adgressi?
1066 4142 1125 4205 sed
1145 4139 1252 4204 vires³
1275 4141 1414 4222 suscipe,

262 4251 364 4315 etiam
394 4249 422 4313 si
448 4249 616 4326 decidunt,
639 4267 760 4330 magna
782 4249 944 4313 conantis.
991 4247 1160 4310 Generosa
1191 4266 1242 4309 res
1272 4254 1323 4309 est
1346 4243 1414 4309 alta

262 4367 392 4421 tentare
414 4365 450 4419 et
470 4362 583 4416 mente
601 4352 728 4435 majora
748 4353 924 4436 concipere
945 4371 1047 4434 quam
1069 4370 1155 4432 quae
1169 4349 1271 4412 etiam
1288 4348 1414 4432 ingenti

395 4587 404 4620 ¹
422 4584 564 4647 hominurn,
578 4583 627 4640 D.;
643 4584 751 4645 bomini,
762 4583 794 4632 0.
1011 4579 1021 4608 ¹
1037 4582 1156 4629 vixerunt
1168 4579 1200 4627 D.
1212 4587 1239 4627 et
1250 4579 1282 4629 Ο.

396 4669 407 4694 '⁴
424 4665 453 4716 Si
465 4663 505 4713 vir
515 4679 545 4714 es
555 4664 667 4728 suspice,
678 4663 702 4714 is
714 4665 758 4714 the
769 4663 878 4725 reading
889 4662 915 4710 in
928 4659 1038 4710 Haase's
1049 4661 1089 4710 ed.
1103 4659 1132 4708 ol
1141 4658 1248 4708 Seneca
