3542 5359
728 622 851 665 200
1215 606 1528 666 OPERIS
1574 604 1957 675 MAJORIS
2004 603 2235 662 PARS
2284 601 2583 661 SEXTA.

732 788 940 833 conus
971 769 1153 833 cadit
1183 769 1248 833 in
1279 779 1544 833 terram.
1637 768 1712 832 Si
1745 768 1946 851 igitur
1975 768 2205 831 oculus
2225 764 2247 802 ¹
2275 786 2513 831 conum
2542 765 2814 848 recipiat
2842 765 3034 828 unius

730 874 1114 955 pyramidiS,
1156 873 1411 937 videbit
1459 873 1671 937 basim
1717 873 1888 936 illius
1934 871 2315 955 pyramidiS,
2362 879 2429 934 et
2475 870 2630 952 quia
2672 868 2782 933 ille
2824 889 3035 951 vapor

730 977 998 1041 densior
1056 987 1159 1041 est
1223 986 1414 1040 tanta
1479 978 1811 1040 densitate
1872 988 1946 1040 ut
2004 976 2090 1040 sit
2147 974 2433 1047 visibilis,
2479 975 2833 1057 praecipue
2880 993 3029 1036 cum

730 1080 974 1146 habeat
1006 1082 1071 1145 in
1102 1102 1174 1145 se
1202 1081 1427 1145 lumen
1462 1091 1682 1164 potest
1699 1081 1906 1145 videri
1945 1079 2114 1143 infra
2144 1079 2335 1143 bases
2366 1079 2751 1161 pyramidiS,
2785 1087 2853 1141 et
2883 1078 3032 1141 ideo

729 1186 795 1248 in
830 1185 1149 1250 circulari.

395 1309 603 1359 Further
819 1289 955 1355 Sed
986 1290 1157 1354 sicut
1188 1290 1638 1373 experientiae
1672 1289 1923 1353 multae
1948 1289 2364 1371 requiruntur
2381 1289 2467 1351 ad
2489 1286 3029 1353 certificationem

390 1374 679 1490 3⁰22th
732 1395 934 1473 iridis,
965 1404 1034 1460 et
1063 1395 1148 1458 de
1179 1394 1400 1458 colore
1431 1405 1497 1459 et
1529 1394 1614 1458 de
1647 1392 1876 1476 figura,
1907 1393 2001 1456 sic
2031 1403 2130 1456 est
2172 1392 2296 1471 hic,
2328 1392 2441 1455 ubi
2478 1391 3030 1456 considerandum

390 1522 454 1555 on
479 1505 579 1580 this
729 1508 831 1562 est
861 1499 1041 1581 quod
1074 1500 1237 1563 radii
1273 1509 1548 1581 possunt
1578 1497 1929 1582 dupliciter
1962 1496 2257 1580 intelligi,
2286 1496 2389 1559 vel
2420 1497 2666 1561 scilicet
2691 1495 3031 1559 venientes

390 1572 591 1634 subject.
726 1603 812 1667 ab
843 1623 976 1666 uno
1009 1612 1256 1686 puncto
1288 1614 1355 1667 et
1387 1604 1453 1666 in
1496 1623 1700 1666 unum
1750 1601 2064 1666 circulum
2104 1602 2168 1664 in
2199 1622 2448 1683 vapore
2479 1602 2591 1685 qui
2636 1612 3033 1664 concurrunt

728 1707 813 1771 ad
852 1727 1092 1771 conum
1128 1708 1317 1770 unius
1347 1707 1748 1791 pyramidis3
1793 1716 1860 1770 et
1885 1706 1995 1769 alii
2027 1706 2140 1787 qui
2184 1707 2270 1769 ab
2308 1706 2547 1769 eodem
2589 1716 2833 1788 puncto
2866 1716 2934 1771 et
2966 1707 3031 1768 in

726 1809 932 1874 alium
979 1810 1289 1875 circulum
1339 1811 1586 1874 cadunt
1631 1809 1920 1874 faciunt²
1965 1810 2164 1873 aliam
2207 1810 2644 1894 pyramidem,
2692 1820 2761 1873 et
2804 1810 2897 1872 sic
2946 1811 3032 1873 de

727 1914 876 1978 aliis
904 1936 920 1993 ;
964 1916 1082 1978 sed
1116 1915 1265 1979 coni
1298 1916 1591 1978 omnium
1627 1912 1885 1977 illarum
1907 1915 2332 1995 pyramidum
2355 1914 2603 1978 cadunt
2634 1914 2699 1977 in
2730 1934 2929 1978 axem
2964 1925 3031 1978 et

727 2018 1336 2103 perpendicularem
1369 2020 1704 2083 venientes
1745 2040 1785 2083 a
1837 2027 2085 2100 puncto
2137 2017 2266 2095 illo,
2304 2039 2345 2081 a
2386 2039 2519 2100 quo
2546 2018 2821 2082 veniunt
2864 2019 3030 2082 radii

729 2122 944 2201 fracti,
990 2134 1056 2188 et
1111 2124 1495 2206 pyramides
1539 2122 1704 2186 fiunt
1756 2121 2041 2200 curtae⁸,
2087 2142 2207 2185 nec
2251 2131 2594 2187 transeunt
2646 2122 2730 2185 ad
2779 2132 3024 2204 puncta

727 2247 1085 2293 concursus
1119 2238 1394 2311 propter
1423 2227 1765 2310 objectum
1812 2227 2207 2308 aspicientiS‚
2239 2237 2306 2292 et
2346 2226 2497 2290 ideo
2530 2226 2746 2290 nullus
2775 2228 3029 2291 videbit

728 2352 845 2415 per
881 2332 1028 2395 illas
1049 2333 1425 2414 pyramides
1451 2343 1686 2395 curtas.
1782 2331 2005 2414 Quare
2033 2331 2087 2395 si
2115 2331 2334 2413 plures
2357 2331 2676 2414 aspiciant
2700 2352 3032 2410 coronam,

729 2446 994 2516 oportet
1026 2455 1229 2499 unum
1262 2436 1416 2519 eligi
1453 2456 1542 2499 ex
1581 2436 1862 2514 duobuS,
1891 2435 1998 2498 vel
2042 2435 2221 2518 quod
2262 2434 2349 2497 ab
2378 2435 2525 2499 aliis
2566 2437 2827 2519 punctis
2873 2436 3029 2499 solis

726 2541 995 2603 veniant
1042 2539 1207 2602 radii
1253 2537 1596 2621 frangendi
1645 2539 1711 2602 in
1758 2539 2196 2622 pyramidem,
2244 2539 2335 2602 ita
2374 2540 2554 2620 quod
2602 2540 2685 2602 ad
2734 2539 3030 2623 singulos

727 2644 1120 2728 aspicientes
1174 2644 1338 2708 radii
1397 2644 1664 2708 veniant
1709 2666 1750 2708 a
1795 2643 2067 2727 singulis
2114 2644 2378 2726 punctis
2437 2643 2613 2722 soliS,
2680 2644 2782 2707 vel
2848 2645 3030 2728 quod

725 2767 768 2809 a
800 2748 942 2812 basi
975 2748 1340 2830 pyramidis
1372 2748 1579 2826 unius,
1603 2747 1791 2829 cujus
1822 2768 2031 2812 conus
2059 2746 2231 2811 cadit
2265 2748 2328 2810 in
2355 2746 2621 2811 oculum
2654 2749 3031 2830 aspicientis

730 2852 938 2929 unius,
998 2854 1267 2917 veniant
1332 2854 1415 2916 ad
1495 2853 1659 2917 alios
1725 2852 2123 2935 aspicientes
2186 2852 2567 2934 pyramides
2628 2852 2798 2917 aliae
2860 2875 3032 2937 quae

728 2949 895 3015 fiunt
938 2972 1025 3014 ex
1064 2952 1261 3015 radiis
1292 2952 1816 3017 accidentalibus
1841 2973 1857 3030 ;
1904 2961 1978 3015 ut
2024 2951 2202 3015 basis
2247 2952 2611 3035 pyramidis
2655 2953 3030 3037 principalis

727 3073 899 3136 quae
930 3056 1109 3119 venit
1141 3057 1227 3120 ad
1259 3055 1524 3120 oculum
1569 3057 1760 3119 unius
1801 3056 2105 3119 videatur
2144 3057 2231 3118 ab
2262 3056 2408 3119 aliis
2453 3077 2570 3139 per
2612 3059 3028 3139 pyramidem

729 3159 1228 3234 accidentalem,
1270 3160 1440 3223 sicut
1490 3158 1581 3222 illi
1624 3160 1737 3240 qui
1783 3168 1934 3222 sunt
1969 3160 2033 3222 in
2077 3159 2322 3242 angulo
2362 3160 2601 3224 domus
2638 3161 2867 3226 vident
2914 3183 3031 3246 per

731 3261 953 3326 radios
997 3262 1438 3326 accidentales
1487 3262 1708 3326 lumen
1756 3263 2054 3327 incidens
2097 3285 2213 3347 per
2257 3262 2626 3329 fenestram.
2719 3264 2855 3330 Sed
2900 3267 3030 3330 hoc

729 3364 1090 3429 secundum
1139 3385 1271 3429 non
1315 3376 1534 3447 potest
1578 3376 1772 3442 stare,
1817 3368 1975 3449 quia
2011 3367 2333 3450 judicium
2377 3389 2494 3450 per
2535 3368 2753 3433 radios
2790 3371 3029 3454 princi-

729 3466 914 3551 pales
943 3477 1010 3532 et
1046 3469 1486 3533 accidentales
1530 3490 1665 3533 non
1707 3483 1932 3555 potest
1975 3492 2119 3536 esse
2158 3472 2450 3555 aequale,
2480 3474 2595 3536 sed
2636 3476 3031 3559 aspicientes

729 3571 924 3635 simul
973 3593 1279 3636 coronam
1352 3574 1652 3656 judicant
1732 3576 2114 3658 aequaliter.
2211 3576 2381 3639 Item
2443 3577 2721 3659 quilibet
2777 3579 3031 3661 judicat

734 3674 943 3738 solem
989 3696 1133 3741 esse
1177 3687 1477 3740 centrum
1515 3698 1843 3757 coronae;
1890 3701 2048 3763 ergo
2091 3679 2365 3762 quilibet
2414 3681 2596 3744 videt
2642 3683 2868 3759 solem,
2912 3686 3029 3748 sed

735 3779 899 3842 radii
928 3779 1368 3844 accidentales
1398 3801 1530 3845 non
1563 3784 1820 3846 ducunt
1846 3784 2060 3847 visum
2094 3784 2159 3847 in
2194 3804 2349 3862 rem,
2376 3787 2495 3848 sed
2526 3785 2591 3848 in
2622 3788 2927 3869 speciem,
2961 3798 3032 3851 ut

735 3885 965 3946 exiens
1003 3884 1067 3946 in
1115 3884 1362 3967 angulo
1393 3888 1634 3950 domus
1676 3908 1810 3951 non
1851 3897 2077 3970 potest
2106 3888 2327 3951 videre
2365 3888 2593 3967 solem,
2626 3890 2778 3954 licet
2807 3893 3034 3956 videat

732 3989 986 4054 radium
1038 3993 1384 4055 cadentem
1436 4013 1553 4075 per
1603 3992 1919 4056 foramen.
2013 3993 2440 4058 Manifestum
2487 4005 2588 4060 est
2640 4017 2799 4081 ergo
2850 4000 3031 4080 quod

731 4095 816 4158 ad
864 4092 1130 4158 oculum
1170 4094 1521 4177 cujuslibet
1565 4097 1745 4159 venit
1793 4117 1924 4160 una
1966 4098 2275 4179 pyramis,
2321 4098 2506 4180 cujus
2552 4101 2711 4164 radii
2758 4105 3034 4168 veniunt

730 4218 769 4260 a
807 4208 1056 4280 puncto
1086 4198 1244 4261 solis
1279 4200 1741 4278 determinate,
1775 4201 1867 4263 ita
1898 4202 2078 4284 quod
2108 4202 2194 4265 ab
2238 4222 2369 4265 uno
2403 4212 2650 4285 puncto
2695 4206 2781 4268 ad
2826 4227 3032 4270 unum

730 4301 994 4365 oculum
1040 4303 1309 4367 veniant
1368 4304 1548 4382 radii,
1595 4314 1661 4367 et
1722 4304 1810 4367 ad
1872 4305 2073 4368 alium
2134 4306 2401 4370 oculum
2460 4309 2548 4370 ab
2608 4307 2758 4386 alie,
2825 4320 2892 4373 et
2945 4313 3031 4375 ad

731 4405 1002 4468 tertium
1033 4427 1073 4469 a
1098 4407 1315 4470 tertio,

795 4540 810 4569 ¹
847 4541 1078 4590 Omitted
1100 4542 1154 4589 in
1180 4540 1243 4591 Ο.
1270 4542 1361 4590 but
1383 4541 1538 4604 given
1561 4542 1631 4605 by
1658 4542 1722 4593 U.
2141 4546 2159 4574 ³
2194 4546 2280 4596 Sic
2305 4546 2368 4597 Ο.
2424 4547 2474 4608 J.
2500 4549 2595 4597 has
2618 4557 2673 4597 ut
2698 4549 2901 4601 saciant.

793 4617 814 4647 ⁸
852 4617 957 4667 Not
981 4633 1185 4680 curvae,
1209 4633 1268 4667 as
1289 4620 1340 4666 in
1361 4619 1412 4679 J.
