3542 5359
382 609 577 668 MORALIS
600 608 918 667 PHILOSOPHIA:
952 608 1067 667 PARS
1095 608 1259 667 TERTIA.
1340 625 1397 687 331

247 792 413 836 sacrarum
436 773 630 854 opinionum
652 773 842 836 conditores
868 771 965 836 nobis
988 770 1056 835 nati
1080 781 1167 846 sunt,
1183 773 1280 835 nobis
1294 773 1397 836 vitam

248 886 534 959 praeparaverunt.
579 877 636 941 Ad
661 897 712 941 res
734 876 970 960 pulcherrimas
992 897 1036 939 ex
1060 875 1204 940 tenebris
1227 878 1270 939 ad
1290 878 1397 940 lucem

247 992 358 1045 erutas
381 981 489 1044 alieno
510 979 623 1045 labore
650 982 852 1045 deducimur.
898 979 1002 1043 Nullo
1025 981 1122 1044 nobis
1144 981 1277 1045 saeculo
1299 983 1398 1046 inter·

246 1086 372 1149 dictum
397 1095 458 1163 est,
477 1085 510 1149 iu
533 1086 644 1149 omnia
666 1087 882 1149 admittimur.
930 1085 974 1148 Et
998 1086 1024 1148 si
1048 1085 1274 1166 magnitudine
1296 1085 1397 1148 animi

246 1190 359 1271 egredi
388 1191 554 1254 humanae
583 1189 820 1254 imbecillitatis
849 1189 1018 1272 angustias
1049 1189 1139 1260 libet,
1167 1189 1309 1254 multum
1341 1211 1398 1272 per

246 1294 336 1375 quod
358 1296 541 1376 spatiemur
560 1297 719 1378 temporis
742 1305 803 1358 est.
849 1295 1029 1376 Disputare
1051 1314 1127 1357 curn
1149 1293 1288 1359 Socrate
1311 1296 1397 1370 licet,

246 1399 400 1462 dubitare
422 1419 499 1462 cum
524 1398 694 1463 Carneade
704 1398 752 1472 ¹,.
775 1446 782 1460 .
805 1450 812 1462 .
833 1397 976 1463 hominis
999 1409 1151 1462 naturam
1176 1419 1252 1462 cum
1276 1399 1398 1464 Stoicis

246 1504 387 1576 vincere,
425 1524 500 1566 cum
539 1502 672 1585 Cynicis
712 1503 873 1576 excidere,
911 1524 1015 1586 quum
1056 1522 1165 1566 rerum
1206 1514 1324 1567 natura
1364 1505 1397 1566 in

247 1609 450 1671 consortium
480 1609 588 1672 omnis
617 1609 689 1671 aevi
720 1609 865 1691 patiatur
895 1608 1055 1671 incedere.
1106 1607 1230 1690 Quidni
1261 1607 1305 1670 ab
1334 1608 1397 1673 hoc

247 1713 372 1795 exiguo
395 1723 430 1777 et
455 1715 582 1777 caduco
605 1715 765 1795 temporis
791 1712 933 1777 transitu
957 1713 991 1775 in
1013 1710 1068 1775 illa
1093 1721 1167 1775 toto
1193 1732 1255 1775 nos
1280 1713 1397 1776 demus

246 1818 359 1879 animo
373 1838 459 1900 quae
474 1819 637 1881 immensa
652 1837 738 1900 quae
758 1827 891 1880 aeterna
906 1826 991 1894 sunt,
1006 1836 1092 1899 quae
1113 1836 1189 1880 cum
1208 1817 1398 1881 melioribus

247 1923 461 1986 communia?
487 1967 494 1980 .
523 1969 531 1984 .
558 1969 565 1984 .
593 1922 659 2005 Qui
687 1923 856 1985 Zenonem
885 1923 942 2005 qui
971 1921 1198 2004 Pythagoram
1219 1923 1340 1986 cotidie
1364 1933 1398 1986 et

249 2026 478 2091 Democritum
518 2036 731 2109 caeterosque
770 2027 937 2089 antistites
974 2026 1134 2090 bonarum
1172 2026 1303 2101 artium,
1340 2029 1397 2110 qui

247 2128 464 2195 Aristotelem
491 2139 526 2193 et
552 2130 820 2214 Theophrastum
846 2131 959 2195 volent
984 2131 1106 2194 habere
1131 2151 1231 2213 quam
1259 2131 1394 2195 samilia-

247 2235 394 2298 rissimos
416 2285 425 2299 .
446 2283 454 2296 .
478 2284 486 2299 .
506 2235 613 2300 ferent
633 2257 678 2299 ex
698 2235 762 2299 illis
784 2237 940 2319 quicquid
960 2233 1075 2300 volent
1085 2233 1106 2296 ².
1154 2235 1215 2298 Per
1234 2236 1309 2298 illos
1330 2255 1396 2299 non
1410 2243 1474 2309 Cap.
1489 2259 1524 2307 ¹5·

247 2340 349 2402 stabit
379 2341 556 2420 quominus
586 2339 764 2423 plurimum
795 2343 884 2424 quod
915 2341 1061 2424 ceperint
1091 2339 1253 2405 hauriant.
1299 2340 1396 2424 Quae

247 2443 339 2506 illurn
355 2443 500 2520 felicitas,
516 2465 616 2527 quarn
637 2443 775 2528 pulchra
789 2455 942 2510 senectus
963 2456 1073 2510 manet
1091 2447 1148 2528 qui
1171 2466 1206 2508 se
1230 2448 1261 2508 in
1279 2445 1396 2509 horum

246 2547 430 2612 clientelam
454 2550 611 2612 contulitl
642 2549 779 2614 habebit
802 2570 877 2614 cum
905 2551 1024 2632 quibus
1049 2551 1092 2615 de
1118 2551 1263 2614 minimis
1289 2551 1398 2614 maxi-

247 2654 377 2735 misque
398 2655 495 2718 rebus
515 2655 685 2729 deliberet,
700 2676 785 2737 quos
803 2656 844 2719 de
864 2675 902 2718 se
920 2655 1041 2718 cotidie
1061 2655 1220 2730 consulat,
1236 2675 1257 2716 a
1276 2656 1396 2736 quibus

246 2777 362 2820 verum
376 2758 489 2823 audiat
504 2761 575 2823 sine
591 2760 814 2824 contumelia.
833 2810 840 2823 .
858 2807 865 2821 .
880 2761 924 2823 ad
940 2779 1078 2841 quorum
1095 2779 1131 2822 se
1146 2758 1395 2822 similitudinem

246 2855 391 2939 effingat.
408 2907 416 2921 .
432 2907 439 2920 .
457 2907 464 2920 .
481 2859 528 2923 Hi
544 2860 605 2923 tibi
620 2861 747 2923 dabunt
762 2859 806 2924 ad
821 2860 1054 2924 aeternitatem
1071 2860 1140 2933 iter,
1153 2869 1187 2921 et
1201 2868 1237 2922 te
1252 2860 1284 2920 in
1302 2858 1395 2923 illum

247 2961 356 3026 locum
380 2985 424 3027 ex
447 2985 516 3047 quo
537 2986 636 3029 nemo
656 2965 818 3045 dejicitur,
836 2964 1067 3038 sublevabunt,
1083 2963 1165 3025 haec
1186 2962 1287 3026 vera³
1311 2965 1396 3028 ratio

246 3076 296 3130 est
326 3069 560 3134 extendendae
590 3070 803 3133 mortalitatis
813 3068 836 3130 ⁴.
865 3115 873 3131 .
901 3116 908 3130 .
939 3119 945 3132 .
974 3068 1138 3138 Honores,
1170 3078 1396 3144 monumenta,

245 3174 402 3256 quicquid
424 3185 483 3239 aut
509 3175 650 3239 decretis
676 3174 816 3239 ambitio
835 3174 934 3256 jussit
961 3184 1020 3237 aut
1041 3174 1198 3256 operibus
1221 3175 1396 3250 exstruxit,

245 3277 313 3340 cito
339 3279 515 3343 subruitur.
543 3325 551 3342 .
581 3329 587 3340 .
618 3326 624 3339 .
652 3278 749 3361 Quae
775 3279 979 3344 consecravit
1010 3280 1173 3361 sapientia
1200 3326 1207 3341 .
1235 3326 1244 3340 .
1272 3327 1279 3341 .
1307 3281 1396 3344 nulla

244 3382 391 3446 abolebit
412 3394 510 3446 aetas.
534 3433 541 3447 .
565 3434 572 3447 .
597 3434 604 3449 .
626 3384 794 3468 Sapientis
816 3405 898 3468 ergo
920 3385 1062 3447 multum
1082 3394 1175 3465 patet
1192 3385 1271 3448 vita.
1318 3385 1397 3449 Non

244 3486 333 3551 idem
365 3487 456 3550 illum
488 3489 544 3570 qui
574 3501 722 3553 caeteros
751 3490 913 3552 terminus
946 3489 1081 3552 claudit.
1135 3489 1235 3554 Solus
1267 3491 1396 3573 generis

244 3590 381 3654 humani
400 3590 529 3674 legibus
546 3591 693 3657 solvitur.
739 3593 862 3658 Omnia
882 3594 928 3656 illi
948 3593 1080 3658 saecula
1101 3604 1137 3657 ut
1157 3594 1221 3659 deo
1241 3595 1396 3659 serviunt.

245 3695 389 3760 Transiit
418 3707 554 3780 tempus
582 3697 739 3780 aliquod;
776 3697 839 3764 hoc
876 3699 1104 3762 recordatione
1134 3700 1395 3780 comprehendit.

247 3800 376 3875 Instat;
406 3798 471 3864 hoc
500 3801 614 3865 utitur.
658 3803 845 3867 Venturum
871 3812 942 3879 est;
973 3803 1037 3867 hoc
1067 3802 1244 3886 praecipit'
1268 3813 1303 3867 et
1329 3805 1396 3867 dis-

244 3903 367 3985 ponit⁵.
394 3952 402 3968 .
426 3953 467 3968 ..

287 4007 447 4074 ‘Illorum
469 4011 662 4076 brevissima
678 4059 685 4072 .
701 4059 710 4073 .
726 4058 734 4074 .
749 4023 842 4076 aetas
859 4021 912 4075 est
930 4011 986 4094 qui
1006 4011 1259 4092 praeteritorum
1277 4011 1396 4075 oblivi-
1409 4005 1519 4074 capno,
1529 4021 1564 4070 ¹7·

243 4124 391 4191 scuntur‚
405 4117 593 4197 praesentia
608 4115 789 4199 negligunt,
812 4119 855 4180 de
878 4116 988 4179 futuro
1011 4116 1141 4178 timent.
1167 4161 1174 4177 .
1200 4163 1207 4176 .
1232 4163 1240 4176 .
1264 4113 1395 4179 Gaudia

275 4252 283 4280 ¹
303 4253 325 4302 lt
346 4254 369 4301 is
389 4255 555 4316 noteworthy
571 4255 627 4304 that
646 4255 691 4302 the
710 4254 845 4314 following
861 4255 958 4313 words,
980 4269 1037 4302 eum
1057 4252 1167 4314 Epicuro
1187 4252 1331 4314 quiescere,
1351 4269 1396 4302 are

243 4332 350 4381 omitted
366 4332 402 4394 by
416 4332 512 4380 Baeon.

275 4409 285 4438 ¹
301 4410 543 4472 ‘leres...vole⁸,’
555 4412 666 4462 Seneca.
711 4427 715 4435 ·
1014 4411 1101 4469 'una,
1114 4409 1225 4459 Seneca.

275 4492 284 4514 ⁸
301 4489 404 4539 Seneca
414 4490 488 4550 adds,
501 4491 592 4540 ‘immo
603 4491 629 4539 in
641 4491 856 4539 immortalitatem
867 4487 1024 4539 vertendae?

276 4567 360 4617 ‘The
380 4569 431 4617 last
449 4570 524 4618 three
543 4569 609 4618 lines
629 4570 659 4618 ot⁴
677 4570 730 4618 tuis
752 4570 897 4632 paragraph
923 4585 968 4618 are
995 4569 1151 4630 incorrectly
1177 4569 1336 4618 transmibed
1362 4570 1397 4632 by

244 4645 276 4694 D.
289 4648 341 4695 and
359 4647 393 4696 0.
