3542 5359
409 625 735 687 PERSPECTIVAE
757 626 873 686 PARS
897 626 1059 685 PRIMA:
1092 627 1200 687 DIST.
1230 627 1280 686 VI.
1385 643 1427 704 39

268 806 394 890 paliter
418 830 479 892 per
500 808 708 891 pyramidem
735 807 921 881 radiosam:
954 808 1114 890 quoniam
1140 808 1229 881 enim
1250 808 1332 873 haec
1353 809 1426 874 sola

268 912 417 994 pyramis
431 923 483 977 est
499 912 777 997 perpendicularis
791 933 892 995 super
906 914 1051 990 oculum,
1066 922 1100 976 et
1115 912 1205 977 cadit
1223 912 1256 976 in
1276 912 1425 978 foramen

268 1036 384 1095 uveae,
407 1028 440 1081 et
463 1018 587 1082 directe
607 1019 788 1101 opponitur
810 1026 924 1081 centro
949 1016 1045 1093 oculi,
1068 1016 1142 1079 ideo
1163 1016 1242 1081 lacit
1263 1017 1424 1081 visionem

268 1120 393 1184 bonam
409 1130 443 1184 et
459 1122 694 1205 principalem;
721 1131 754 1186 et
773 1132 885 1186 tamen
907 1121 1119 1185 nihilominus
1138 1129 1279 1203 possunt
1297 1121 1425 1203 species

267 1228 382 1289 venire
403 1235 499 1290 extra
520 1227 618 1290 istam
644 1227 850 1310 pyramidem
872 1228 916 1291 ad
938 1225 1081 1300 oculum,
1103 1245 1190 1308 quae
1214 1225 1336 1290 cadent
1358 1246 1425 1290 non

268 1331 584 1412 perpendiculariter
602 1351 701 1415 super
715 1350 880 1406 corneam,
902 1339 937 1393 et
960 1328 1153 1411 frangentur
1171 1349 1298 1404 omnes,
1319 1340 1356 1393 ut
1377 1331 1424 1394 sic

268 1432 329 1497 liat
348 1436 438 1499 visus
458 1454 519 1517 per
537 1455 613 1511 eas3
635 1436 694 1500 sed
717 1434 837 1500 debilis
852 1433 919 1510 fiet,
934 1434 1015 1516 quia
1028 1454 1095 1498 non
1111 1433 1424 1517 perpendiculariter

266 1536 339 1601 visa
362 1558 428 1602 non
453 1538 626 1603 manifeste
647 1550 811 1623 apparent
833 1538 942 1603 oculo.
996 1538 1042 1602 Et
1065 1539 1142 1602 ideo
1167 1558 1343 1622 possumus
1369 1539 1422 1602 hic

266 1643 474 1707 considerare
496 1644 581 1707 duas
600 1644 810 1727 pyramides;
836 1642 960 1707 scilicet
984 1643 1209 1726 principalem,
1226 1663 1313 1725 quae
1332 1645 1422 1707 eadit

266 1746 301 1808 in
323 1744 468 1811 foramen
482 1768 597 1823 uveae,
611 1748 665 1812 vel
686 1768 784 1812 unam
807 1748 977 1830 majorem,
997 1749 1215 1829 compositam
1238 1769 1282 1811 ex
1303 1748 1366 1812 hac
1386 1759 1420 1813 et

265 1871 311 1913 ex
336 1851 509 1935 speciebus
531 1853 740 1917 venientibus
766 1874 810 1917 ex
837 1864 979 1936 utraque
1004 1862 1100 1935 parte
1125 1851 1293 1916 foraminis
1318 1872 1420 1935 super

264 1974 441 2032 corneam3
457 1976 545 2038 quae
556 1965 628 2021 tota
643 1958 691 2022 sic
702 1969 885 2042 aggregata
900 1978 968 2022 non
983 1957 1105 2024 dicitur
1120 1957 1264 2040 pyramis
1275 1956 1420 2035 visualis,

264 2078 327 2123 nec
348 2062 494 2143 pyramis
517 2062 657 2139 radiosa,
673 2082 748 2125 curn
771 2072 883 2127 tamen
905 2062 1021 2131 oculus
1040 2082 1099 2145 per
1120 2081 1194 2128 eam
1217 2061 1336 2135 videat,
1358 2062 1419 2125 sed

263 2163 401 2245 aliquod
424 2164 648 2249 principaliter
667 2177 701 2231 et
725 2165 906 2243 manifeste,
927 2176 966 2230 ut
989 2186 1088 2231 omne
1111 2165 1193 2228 illud
1215 2166 1307 2247 quod
1329 2166 1418 2229 cadit

263 2267 348 2334 infra
362 2270 571 2353 pyramidem
587 2270 757 2349 visibilem,
776 2281 809 2335 et
829 2270 895 2335 alia
916 2271 1052 2353 oblique
1066 2281 1100 2334 et
1115 2270 1278 2346 debiliter,
1293 2268 1418 2333 scilicet

261 2392 351 2455 quae
373 2384 469 2437 extra
492 2374 582 2439 illam
606 2376 738 2439 cadunt.
785 2376 886 2440 Unde
909 2396 961 2439 res
984 2386 1095 2459 potest
1119 2394 1192 2439 esse
1215 2375 1262 2438 ita
1288 2394 1418 2456 magna,

261 2480 355 2561 quod
380 2478 515 2561 aliquod
546 2480 618 2562 ejus
647 2481 745 2545 cadet
775 2480 807 2544 in
840 2481 1047 2562 pyramidem
1070 2479 1240 2556 visualem,
1269 2488 1304 2543 et
1334 2480 1419 2544 bene

260 2582 438 2661 videbitur,
458 2594 494 2647 et
515 2584 580 2649 alia
601 2606 623 2647 a
643 2582 802 2648 lateribus
824 2585 946 2649 cadent
967 2594 1063 2652 extra
1088 2585 1295 2667 pyramidem
1317 2604 1418 2667 super

261 2688 406 2762 oculum,
435 2698 470 2752 et
503 2689 588 2752 male
613 2689 820 2755 videbuntur.
863 2687 928 2753 Vel
956 2699 1068 2772 potest
1097 2690 1295 2773 contingere,
1324 2692 1417 2771 quod

261 2811 330 2854 una
345 2811 396 2855 res
414 2792 588 2857 mediocris
610 2796 709 2858 cadat
731 2795 765 2857 in
788 2794 996 2878 pyramidem
1016 2794 1185 2867 visualem,
1201 2803 1236 2857 et
1257 2793 1343 2857 aliae
1364 2814 1417 2857 res

260 2896 410 2961 diversae
423 2897 627 2963 videbuntur
641 2920 662 2963 a
677 2899 844 2964 lateribus.
888 2898 953 2963 Vel
971 2908 1083 2982 potest
1103 2917 1183 2970 esse,
1197 2897 1288 2980 quod
1304 2897 1417 2980 plures

260 3018 315 3063 res
337 3022 458 3084 parvae
480 3003 598 3068 cadent
622 3004 655 3067 in
682 3004 855 3086 pyramide
876 3001 1005 3077 visibili,
1030 3013 1065 3067 et
1090 3023 1112 3067 a
1135 2999 1239 3065 latere
1267 3001 1416 3066 similiter

259 3105 383 3168 cadent
402 3106 495 3171 aliae.
539 3108 607 3173 Sed
628 3128 759 3191 semper
772 3108 940 3173 videbitur
954 3106 1178 3191 principaliter
1192 3116 1226 3171 et
1241 3104 1415 3170 manifeste

257 3209 352 3293 quod
367 3212 456 3275 cadit
474 3213 507 3275 in
528 3213 700 3294 pyramide
715 3210 845 3291 visibili,
865 3224 900 3277 et
921 3212 1003 3277 nihil
1023 3213 1125 3277 aliud.
1172 3211 1321 3275 Maxime
1335 3232 1415 3275 vero

257 3324 294 3378 et
323 3314 356 3376 in
383 3314 449 3381 fine
475 3318 679 3381 certitudinis
708 3316 876 3381 videbitur
902 3316 996 3395 illud,
1024 3316 1069 3381 ad
1099 3318 1190 3399 quod
1220 3316 1416 3380 terminatur

256 3418 335 3483 axis
357 3420 539 3501 pyramidis
559 3421 703 3485 visualis.
750 3422 839 3485 Nam
862 3422 917 3484 ille
938 3433 989 3485 est
1016 3419 1293 3505 perpendicularis
1314 3440 1416 3503 super

255 3542 377 3588 omnes
391 3526 520 3589 tunicas
536 3536 570 3589 et
584 3527 749 3607 humores,
758 3538 793 3591 et
807 3526 925 3591 transit
936 3546 995 3608 per
1009 3526 1122 3590 omnia
1136 3535 1247 3589 centra
1259 3547 1267 3602 ;
1288 3535 1324 3589 et
1338 3526 1413 3589 ideo

254 3628 386 3709 speeies
406 3650 494 3713 quae
507 3632 597 3694 venit
618 3651 814 3713 supereum
839 3641 890 3695 est
910 3630 1086 3694 fortissima
1107 3640 1142 3695 et
1163 3630 1360 3712 plenissima,
1379 3640 1413 3694 et

255 3730 337 3795 lacit
352 3731 628 3799 certificationem.
674 3734 742 3799 Sed
758 3736 801 3799 de
815 3734 879 3798 hoc
894 3733 1028 3799 inferius
1043 3733 1099 3798 fiet
1113 3754 1229 3798 sermo.

673 3971 900 4040 Carrruuuu
925 3974 988 4037 111.

301 4131 343 4197 ln
364 4152 434 4213 quo
457 4139 638 4195 evacuatur
661 4129 811 4195 conlusio
833 4130 930 4195 tertia
955 4138 1092 4211 propter
1121 4129 1314 4194 mixtionem
1337 4148 1411 4211 spe-

251 4238 377 4304 cierum
394 4236 425 4299 in
441 4254 528 4299 aere.

297 4418 366 4485 Sed
390 4418 502 4485 adhuc
529 4436 595 4481 non
622 4416 750 4483 modica
773 4417 938 4482 dubitatio
964 4426 1023 4495 est,
1049 4416 1134 4482 circa
1160 4412 1409 4481 evacuationem

249 4525 370 4591 tertiae
385 4520 597 4600 confusionis,
615 4519 723 4605 quae¹
738 4521 840 4588 habet
862 4522 907 4587 ad
928 4543 1048 4607 purum
1068 4520 1187 4586 discuti
1209 4519 1242 4583 in
1265 4526 1409 4583 tractatu

283 4682 290 4711 ¹
311 4680 389 4731 From
400 4686 506 4743 quarto
519 4678 565 4727 the
582 4676 634 4726 end
650 4678 681 4727 ol
694 4678 738 4727 the
756 4676 891 4740 following
904 4684 1029 4727 sentence
1045 4676 1068 4725 is
1085 4674 1192 4725 omitted
1209 4674 1274 4723 from
1284 4672 1333 4735 J.'s
1343 4680 1410 4743 text,
