3542 5359
349 605 679 666 PERSPECTIVAE
703 605 818 665 PARS
843 606 1066 666 SECUNDA:
1099 607 1209 666 DlST.
1228 609 1286 666 III.
1342 623 1401 686 103

247 767 337 833 tatis.
384 767 452 834 Sed
468 778 605 851 propter
622 769 813 832 distantiam
830 779 864 832 et
882 779 994 834 motus
1015 768 1218 834 celeritatem
1238 779 1400 853 apparent

248 873 371 937 habere
394 871 505 936 lumen
528 872 674 956 longum.
721 873 880 938 Similiter
907 874 1027 939 accidit
1054 874 1086 937 in
1113 873 1264 939 scintillis
1285 895 1400 939 ascen·

249 977 404 1039 dentibus
425 976 582 1040 velociter
604 978 647 1041 de
670 977 767 1060 igne;
795 997 872 1040 nam
896 988 1008 1041 motus
1032 977 1183 1043 celeritas
1210 977 1286 1042 facit
1308 979 1399 1061 quod

250 1081 442 1144 multotiens
471 1090 633 1163 apparent
666 1081 805 1144 extendi
842 1081 875 1144 in
915 1102 1038 1166 magna
1070 1081 1287 1164 longitudine,
1323 1103 1399 1147 cum

249 1194 361 1248 tamen
384 1183 449 1247 sint
471 1205 593 1266 parvae
616 1186 821 1266 quantitatis.

293 1288 388 1353 Sicut
409 1309 488 1352 vero
510 1288 571 1352 lux
594 1291 775 1372 percipitur
796 1289 868 1354 solo
890 1310 1000 1366 sensu,
1023 1291 1069 1355 sic
1090 1290 1202 1355 color:
1231 1300 1266 1355 et
1290 1291 1317 1353 si
1342 1289 1398 1354 illa
1411 1299 1542 1378 modito-

247 1414 377 1469 novem,
391 1394 434 1456 de
456 1393 576 1476 quibus
596 1393 722 1457 dictum
747 1403 796 1457 est
820 1397 911 1478 quod
935 1396 1001 1458 sint
1024 1395 1207 1458 necessaria
1224 1396 1267 1459 ad
1283 1395 1399 1471 visum,
1411 1366 1517 1483 ‘effi‘

249 1517 316 1559 non
347 1497 558 1579 egrediantur
588 1507 901 1581 temperamentum,
924 1500 1014 1562 visus
1044 1500 1203 1582 percipiet
1226 1500 1399 1562 veritatem

249 1601 376 1665 coloris.
422 1601 459 1666 Si
484 1611 596 1666 autem
624 1603 844 1684 egrediantur,
870 1623 936 1666 non
963 1603 1140 1686 percipiet:
1172 1613 1209 1667 ut
1232 1604 1259 1665 si
1281 1622 1401 1686 corpus

249 1705 431 1768 coloratum
461 1707 505 1769 sit
538 1706 682 1770 solidum
716 1707 923 1785 sufficienter,
959 1717 1123 1789 quatenus
1151 1707 1260 1770 visum
1295 1706 1402 1790 possit

248 1809 434 1886 terminare,
456 1808 685 1874 aestimabitur
706 1811 796 1874 color
811 1811 902 1873 visus
924 1831 999 1874 esse
1021 1811 1107 1873 illius
1130 1811 1287 1893 corporis.
1333 1808 1401 1873 Sed

248 1914 276 1975 si
291 1931 357 1975 non
372 1913 416 1977 sit
431 1913 513 1977 satis
528 1913 681 1992 solidum,
696 1925 733 1977 ut
748 1914 936 1996 crystallus,
951 1914 1003 1979 cui
1024 1914 1052 1976 si
1072 1913 1257 1997 applicetur
1272 1934 1292 1977 a
1307 1923 1402 1996 parte

249 2016 420 2098 posteriori
446 2037 565 2100 corpus
592 2018 784 2094 coloratum,
810 2018 985 2101 apparebit
1009 2019 1093 2081 visui
1124 2018 1214 2100 quod
1241 2018 1284 2080 sit
1310 2018 1402 2081 color

248 2119 406 2201 crystalli,
416 2140 491 2183 cum
507 2140 574 2184 non
590 2121 633 2184 sit
643 2118 665 2184 ¹.
699 2122 834 2185 Etcum
844 2123 965 2186 viderit
979 2121 1095 2185 oculus
1111 2121 1239 2184 colores
1250 2119 1353 2184 fortes
1368 2131 1403 2183 et

249 2235 367 2308 postea
381 2236 552 2290 convertat
563 2247 599 2289 se
613 2227 656 2290 ad
674 2227 747 2291 loca
760 2226 933 2303 luminosa,
947 2227 1132 2290 remanebit
1144 2226 1270 2308 species
1282 2225 1402 2289 coloris

250 2329 345 2394 tortis
367 2330 400 2392 in
426 2330 523 2394 oculo
550 2352 609 2396 suo
636 2333 678 2394 ad
706 2341 848 2416 tempuS,
872 2342 907 2396 et
929 2333 1038 2415 primo
1061 2332 1237 2416 apparebit
1259 2331 1287 2395 ei
1311 2331 1404 2394 color

249 2435 416 2518 puniceus,
431 2434 550 2498 deinde
572 2455 764 2518 purpureus,
787 2447 821 2500 et
843 2448 961 2519 postea
982 2437 1086 2519 niger,
1108 2447 1143 2501 et
1165 2437 1211 2500 sic
1226 2436 1402 2511 evanescit,

248 2549 287 2602 ut
322 2538 522 2602 Aristoteles
557 2539 638 2603 dicit
667 2541 814 2604 secundo
851 2542 895 2604 de
927 2540 1053 2605 Somno
1083 2551 1119 2605 et
1146 2539 1271 2623 Vigilia
1281 2538 1302 2602 ².
1355 2539 1402 2603 Et

249 2643 304 2706 hic
313 2663 404 2706 error
414 2644 579 2727 contingit
591 2664 634 2706 ex
647 2642 874 2725 superfluitate
884 2644 966 2706 lucis
977 2644 1135 2708 variantis
1144 2647 1229 2708 sicut
1239 2643 1400 2727 judicium

249 2746 375 2810 coloris
430 2746 475 2810 Et
497 2747 707 2811 Ptolemaeus
729 2748 760 2809 in
778 2748 924 2810 secundo
941 2747 1171 2830 Perspectivae
1186 2749 1294 2825 docet,
1308 2747 1400 2829 quod

249 2850 370 2914 diversi
394 2849 543 2915 colores³
565 2852 718 2915 videntur
742 2871 826 2915 unus
851 2862 988 2934 propter
1012 2852 1095 2915 duas
1120 2871 1245 2914 causas.
1291 2851 1402 2914 Prima

249 2974 349 3018 causa
364 2967 414 3018 est
428 2978 436 3033 ;
458 2956 580 3018 namin
599 2977 633 3020 re
645 2958 849 3020 diversorum
861 2955 1009 3018 colorum
1022 2965 1162 3038 apparet
1174 2975 1257 3017 unus
1268 2964 1402 3037 propter

249 3059 441 3123 distantiam
456 3059 666 3142 superfluam,
684 3061 730 3123 ita
748 3062 839 3142 quod
860 3059 1000 3143 angulus
1021 3059 1078 3141 qui
1102 3068 1208 3121 totam
1232 3078 1300 3120 rem
1323 3077 1401 3120 con-

249 3162 333 3226 tinet
356 3183 421 3226 non
442 3163 565 3229 habeat
584 3165 737 3228 idoneam
760 3166 991 3246 quantitatem.
1038 3161 1122 3226 Cum
1146 3161 1265 3245 singuli
1288 3174 1401 3224 autem

249 3267 371 3350 anguli,
401 3268 457 3349 qui
487 3269 658 3333 continent
688 3270 834 3332 diversos
864 3267 1002 3343 colores,
1031 3266 1151 3330 fuerint
1186 3265 1402 3342 insensibiles,

249 3371 370 3435 accidit
385 3392 429 3435 ex
445 3373 689 3455 compressione
705 3373 848 3455 partium
865 3391 952 3454 quae
973 3392 1038 3435 non
1058 3371 1295 3447 discernuntur,
1310 3370 1401 3452 quod

249 3475 341 3538 color
367 3475 469 3538 totius
500 3477 545 3538 rei
574 3477 618 3538 sit
648 3496 732 3539 unus
762 3475 858 3539 aliter
887 3496 989 3558 quam
1015 3475 1220 3557 singularum
1246 3476 1400 3556 partium.

251 3579 330 3642 Alia
348 3599 447 3642 causa
466 3591 534 3655 est3
564 3600 642 3642 nam
666 3579 787 3643 accidit
810 3599 854 3642 ex
875 3589 969 3642 motu
993 3580 1037 3642 rei
1054 3579 1169 3654 veloci,
1192 3587 1229 3641 ut
1252 3579 1285 3640 in
1306 3587 1399 3641 motu

249 3683 356 3748 trochi
372 3683 481 3765 plures
496 3684 621 3747 colores
637 3684 799 3762 habentis,
810 3684 900 3765 quod
918 3704 983 3746 non
1000 3694 1146 3746 moratur
1161 3702 1247 3746 unus
1262 3690 1296 3744 et
1312 3681 1400 3744 idem

250 3787 361 3852 radius
376 3806 476 3869 super
491 3807 592 3851 unum
608 3800 641 3852 et
662 3787 805 3851 eundem
826 3786 983 3864 colorem,
998 3788 1155 3868 quoniam
1172 3786 1295 3849 recedit
1311 3786 1402 3850 color

248 3892 292 3956 ab
307 3910 348 3954 eo
362 3901 498 3974 propter
513 3890 716 3955 celeritatem
733 3891 889 3954 motionis
902 3913 911 3970 ;
933 3891 1029 3953 etsie
1046 3891 1133 3954 idem
1151 3891 1262 3954 radius
1278 3889 1402 3954 cadens

247 4015 348 4078 super
369 4014 486 4058 omnes
508 3994 636 4059 colores
659 4015 724 4058 non
750 4003 862 4077 potest
884 3993 1068 4057 discernere
1092 3994 1176 4057 inter
1197 3993 1342 4077 primum
1367 4004 1401 4056 et

249 4101 475 4176 novissimum,
487 4119 549 4163 nec
563 4099 719 4163 intereos
734 4100 790 4182 qui
803 4107 879 4162 sunt
896 4099 929 4160 in
945 4109 1018 4160 toto
1033 4098 1159 4172 trocho,
1169 4097 1228 4160 sed
1240 4107 1401 4178 apparent

248 4271 368 4334 question
386 4243 536 4333 isrssffll
549 4268 716 4327 ask-skulun,
728 4267 809 4330 plural
824 4267 854 4317 ol
865 4249 985 4326 ple-‘dl
999 4267 1152 4328 ast-strant,
1165 4282 1180 4314 a
1192 4265 1317 4327 sbootiug
1329 4272 1400 4322 star,

247 4350 391 4399 ascendens
402 4354 429 4396 et
441 4347 603 4396 descendeus
614 4347 695 4409 ought
706 4347 837 4396 therefore
848 4354 876 4395 to
887 4347 958 4393 bein
970 4346 1015 4394 the
1026 4345 1116 4408 plural.

281 4428 289 4458 ¹
307 4427 363 4475 The
375 4435 500 4476 sentence
511 4426 533 4474 is
544 4426 707 4488 incompleta,
722 4426 819 4487 though
828 4426 872 4474 the
885 4440 963 4474 sense
974 4425 997 4473 is
1009 4425 1084 4473 clear.

279 4503 388 4554 ’what
405 4505 493 4554 Bneon
511 4504 573 4554 calls
590 4505 634 4555 the
651 4506 749 4554 second
765 4504 836 4553 book
854 4503 895 4552 De
910 4504 1008 4552 Somno
1024 4509 1048 4549 et
1067 4501 1156 4566 Vigslio
1173 4500 1195 4548 is
1212 4499 1283 4548 what
1300 4498 1322 4546 is
1340 4512 1402 4546 now

247 4583 329 4634 called
341 4583 382 4632 De
390 4582 536 4634 Immonis.
571 4583 629 4632 'l'he
640 4597 750 4646 passage
761 4582 858 4645 quoted
869 4581 892 4630 is
903 4582 930 4630 in
943 4596 998 4642 cap.
1010 4580 1045 4630 iii.

279 4661 290 4692 ¹
307 4661 374 4713 Ptol.
387 4661 465 4726 opat.
477 4677 518 4724 pp.
530 4677 603 4722 4o-1.
