3542 5359
361 631 420 692 252
574 617 730 676 OPERIS
753 618 943 688 MAJORIS
968 619 1082 679 PARS
1107 620 1305 679 SEPTIMA.

191 793 265 844 Laws
406 777 538 844 Deinde
550 778 625 860 jura
640 779 764 844 habent
774 781 875 844 statui
892 782 1072 845 secundum
1084 803 1169 865 quae
1188 783 1219 847 in
1236 783 1391 848 omnibus
1404 785 1513 848 causis

191 860 318 976 {fflffint
361 892 395 947 et
411 881 564 947 casibus¹
580 884 775 950 ostendatur
789 885 869 966 quid
883 884 966 967 juris
981 887 1024 949 sit
1046 897 1081 951 et
1095 888 1279 952 secundum
1294 909 1381 971 quae
1394 909 1516 954 causae

192 994 317 1068 qrgamb·
362 989 490 1070 possint
513 989 694 1066 terminari,
717 997 754 1051 ut
777 1009 846 1072 pax
878 999 913 1053 et
939 989 1071 1071 justitia
1099 991 1272 1055 foveantur
1302 993 1387 1056 inter
1416 995 1515 1058 cives.

192 1056 246 1120 ¹¹⁰3
257 1067 345 1122 ⁵p⁰¹¹⁵
363 1092 482 1155 Postea
498 1103 534 1156 ut
550 1093 631 1156 dicit
641 1092 824 1170 Avicenna‚
837 1095 1001 1176 prohiberi
1018 1096 1140 1160 debent
1152 1099 1265 1161 studia
1279 1107 1416 1180 propter
1430 1118 1516 1181 quae

362 1195 562 1261 amittuntur
577 1197 779 1262 hereditates
800 1208 835 1262 et
850 1217 976 1275 census,
1000 1209 1034 1262 et
1055 1221 1125 1282 pax
1140 1211 1174 1265 et
1197 1204 1373 1266 concordia
1393 1204 1513 1266 civium

360 1300 551 1376 turbantur3
582 1314 616 1366 et
646 1299 788 1365 artifices
818 1301 937 1365 horum
968 1304 1152 1367 studiorum
1184 1314 1261 1368 sunt
1290 1308 1348 1388 qui
1376 1306 1514 1390 cupiunt

360 1404 491 1468 vincere
506 1425 606 1468 causa
623 1405 705 1468 lucri
721 1405 870 1489 alicujus,
886 1417 924 1471 ut
936 1405 1090 1486 luctator,
1105 1408 1241 1487 aleator,
1256 1420 1290 1473 et
1313 1410 1514 1492 hujusmodi.

362 1505 522 1572 Similiter
551 1509 676 1574 debent
706 1509 872 1593 prohiberi
905 1511 1017 1574 studia
1044 1532 1130 1594 quae
1160 1513 1319 1579 inducunt
1352 1515 1515 1579 contraria

360 1610 571 1691 utilitatibus,
587 1613 673 1678 sicut
691 1613 917 1697 exemplificat
940 1615 973 1678 in
996 1617 1147 1680 doctrina
1169 1616 1298 1682 iurandi
1314 1627 1348 1682 et
1364 1619 1515 1701 rapiendi

360 1726 395 1780 et
412 1715 444 1778 in
463 1719 601 1781 caeteris
616 1716 814 1799 hujusmodi.

407 1820 453 1882 Et
469 1821 605 1886 ulterius
620 1822 745 1886 debent
761 1821 830 1885 lieri
846 1822 1077 1899 ordinationes,
1089 1825 1173 1889 sicut
1184 1826 1265 1890 dicit
1275 1826 1460 1901 Avicenna‚
1477 1837 1514 1892 ut

360 1923 510 1989 homines
533 1946 569 1988 se
592 1926 750 2008 adjuvent
774 1935 889 1990 mutuo
907 1936 941 1990 et
960 1928 1150 2000 defendant,
1172 1939 1206 1993 et
1226 1939 1340 1994 contra
1362 1931 1515 1995 inimicos

361 2028 443 2111 legis
465 2030 531 2093 sint
554 2032 727 2094 unanimes
752 2032 851 2095 etiam
876 2033 920 2094 ad
944 2033 1205 2115 expugnandum
1224 2055 1291 2097 eos.
1339 2035 1374 2099 Si
1399 2046 1513 2100 autem

359 2134 424 2198 alia
438 2135 555 2200 civitas
569 2135 621 2198 vel
644 2137 788 2218 regimen
806 2137 848 2200 sit
867 2137 1028 2200 bonarum
1049 2139 1320 2203 constitutionum
1342 2149 1376 2203 et
1391 2137 1513 2223 legum,

359 2238 421 2302 hoc
438 2259 503 2302 non
520 2239 712 2305 adversatur
727 2241 757 2303 ei
775 2241 836 2304 nisi
849 2251 981 2323 tempus
995 2241 1092 2305 luerit
1106 2243 1228 2306 debere
1244 2263 1309 2306 non
1325 2263 1397 2308 esse
1411 2243 1513 2308 aliam

358 2342 476 2424 legem,
491 2343 584 2425 cujus
598 2345 771 2420 institutio
785 2346 945 2426 quoniam
961 2345 1090 2429 optima
1106 2356 1165 2426 est,
1181 2357 1259 2411 tunc
1275 2348 1447 2412 dilatanda
1461 2357 1512 2412 est

359 2468 417 2529 per
433 2457 542 2511 totum
559 2447 731 2512 mun'dum.
779 2449 823 2512 Et
841 2450 873 2512 in
890 2449 954 2513 hoc
964 2452 1064 2514 verbo
1082 2451 1138 2514 lex
1154 2451 1341 2516 Christiana
1357 2453 1512 2529 innuitur,

358 2562 395 2616 ut
425 2551 560 2616 interius
589 2563 786 2634 exponetur.
832 2553 870 2618 Si
901 2565 1014 2618 autem
1037 2555 1138 2638 aliqui
1161 2556 1227 2620 sint
1257 2557 1342 2621 inter
1371 2577 1430 2622 eos
1456 2557 1513 2639 qui

358 2676 378 2720 a
402 2655 476 2740 lege
497 2657 698 2738 discordant,
714 2658 803 2742 prius
826 2660 1032 2744 corrigantur
1054 2672 1091 2725 ut
1122 2660 1336 2743 resipiscant3
1367 2663 1458 2745 quod
1481 2662 1510 2725 si

360 2759 465 2826 lacere
480 2761 656 2840 noluerint,
671 2764 875 2829 occidantur.

792 3131 1020 3198 Currruuuu
1044 3132 1088 3195 11.

191 3348 338 3413 clangens
404 3323 450 3386 Et
473 3323 626 3387 ultimum
649 3325 741 3406 quod
770 3325 823 3388 hic
855 3326 1002 3408 exigitur
1032 3335 1083 3389 est
1112 3326 1202 3408 quod
1233 3323 1420 3409 Legislator
1449 3327 1512 3391 sibi

189 3429 294 3530 ffim·
358 3429 538 3492 constituat
556 3447 787 3493 successorem.
834 3429 880 3493 Et
903 3430 967 3494 hoc
983 3429 1021 3493 fit
1036 3430 1218 3494 secundum
1230 3428 1438 3494 Avicennam
1454 3452 1515 3514 per

359 3532 447 3596 hunc
463 3531 610 3595 modurn.
656 3533 767 3598 Debet
783 3533 872 3597 enim
884 3534 949 3599 hoc
965 3533 1072 3598 lacere
1082 3553 1158 3596 cum
1174 3554 1334 3598 consensu
1347 3535 1512 3617 majorum

358 3645 392 3700 et
403 3636 510 3720 vulgi;
526 3647 559 3702 et
572 3636 672 3701 talem
688 3638 791 3722 eligat
806 3639 862 3722 qui
879 3639 966 3702 bene
982 3658 1094 3721 regere
1104 3639 1210 3719 possit
1221 3647 1255 3701 et
1266 3638 1310 3703 sit
1322 3641 1466 3722 prudens
1478 3651 1512 3705 et

358 3739 752 3820 honestorummorum3
778 3744 902 3817 audax,
924 3754 1128 3820 mansuetus,
1149 3742 1274 3826 peritus
1296 3744 1514 3826 gubernandi,

358 3855 392 3909 et
408 3844 532 3928 peritus
548 3845 639 3928 legis,
655 3867 722 3930 quo
741 3847 849 3911 nullus
872 3848 915 3912 sit
936 3847 1080 3928 peritior,
1100 3856 1134 3910 et
1157 3845 1220 3910 hoc
1238 3847 1283 3912 sit
1302 3848 1513 3912 manifestum

358 3949 521 4015 omnibus.
568 3949 604 4016 Si
620 3962 732 4016 autem
748 3962 826 4035 post
850 3952 915 4016 hoc
939 3951 1200 4015 discordaverint
1222 3963 1260 4016 ut
1284 3951 1385 4015 alium
1408 3952 1513 4017 velint

359 4054 488 4137 eligere,
514 4053 584 4138 jam
614 4067 818 4138 negaverunt
850 4056 972 4136 Deum,
1001 4065 1035 4119 et
1066 4055 1142 4118 ideo
1171 4055 1273 4120 debet
1303 4055 1513 4139 interponere

355 4155 480 4238 judicia
503 4157 535 4220 in
559 4156 633 4239 lege
653 4178 712 4222 sua
731 4168 769 4222 ut
791 4158 942 4242 quisquis
962 4178 998 4221 se
1019 4157 1185 4222 intrudere
1203 4158 1346 4223 voluerit
1361 4161 1514 4242 potentia

359 4261 411 4325 vel
428 4261 576 4344 pecunia,
592 4271 665 4326 tota
690 4262 804 4326 civitas
826 4262 1022 4326 unanimiter
1043 4263 1142 4326 irruat
1167 4262 1200 4325 in
1220 4283 1296 4326 eum
1317 4273 1351 4327 et
1369 4266 1512 4330 occidat.

360 4363 502 4446 Quodsi
519 4366 688 4448 potuerint
711 4364 819 4429 lacere
841 4375 873 4430 et
898 4385 964 4429 non
986 4364 1131 4445 fecerint,
1143 4364 1213 4446 jam
1234 4367 1512 4433 contradixerunt

361 4467 444 4548 Deo,
469 4487 528 4532 nec
551 4479 602 4533 est
624 4489 698 4533 reus
719 4470 889 4551 sanguinis
914 4469 970 4552 qui
1003 4468 1201 4533 interfecerit
1231 4469 1434 4555 hujusmodi,
1465 4472 1513 4537 ita

719 4637 726 4665 ¹
745 4638 864 4687 omnibus
875 4638 1026 4699 rationibus,
1038 4638 1071 4690 Ο.
1084 4647 1110 4688 et
1122 4639 1153 4689 D.
