3542 5359
436 650 766 712 PERSPECTIVAE
789 654 905 713 PARS
930 653 1093 713 PRIMA:
1122 656 1232 715 DIST.
1254 656 1292 715 X.
1405 671 1443 733 75

290 814 456 879 sensibilia
471 836 530 898 per
544 836 581 878 se
595 817 639 880 de
658 816 778 898 quibus
800 827 942 899 possunt
963 817 1151 897 certificare,
1170 819 1229 883 sed
1254 819 1298 881 de
1323 818 1443 901 quibus

291 939 357 983 non
374 930 512 1011 possunt
529 920 709 986 certificare
724 931 801 986 sunt
816 922 984 987 sensibilia
999 943 1059 1005 per
1072 924 1236 989 accidens.

337 1023 382 1087 Et
400 1024 477 1089 licet
495 1022 607 1109 prius¹
624 1034 752 1091 tactum
773 1026 815 1088 sit
835 1028 878 1091 de
901 1026 953 1089 his
973 1027 1182 1091 sensibilibus
1197 1047 1257 1110 per
1275 1048 1312 1091 se
1331 1038 1366 1091 et
1384 1048 1444 1111 per
1456 1037 1574 1112 Analysts
1586 1037 1615 1086 os

289 1129 449 1206 accidens,
485 1140 600 1194 tamen
633 1150 675 1194 ne
704 1130 823 1213 aliquis
853 1150 944 1195 error
974 1133 1127 1209 incurrat,
1162 1151 1295 1196 necesse
1324 1142 1376 1196 est
1406 1141 1443 1195 ut
1456 1111 1609 1168 mmm

292 1232 422 1296 uberius
442 1243 662 1317 exponantur.
706 1235 794 1299 Dico
810 1255 890 1317 ergo
908 1236 998 1318 quod
1019 1236 1186 1301 sensibilia
1209 1256 1269 1318 per
1291 1236 1443 1301 accidens

291 1346 367 1400 sunt
382 1338 574 1421 dupliciter:
597 1340 761 1421 quaedam
778 1348 917 1422 possunt
932 1338 1103 1404 certificari
1117 1341 1162 1404 ab
1176 1340 1250 1403 aliis
1266 1340 1443 1405 virtutibus

290 1443 421 1506 animae
443 1443 627 1519 sensitivae,
646 1454 683 1507 ut
704 1444 749 1507 ab
771 1444 980 1507 aestimativa
1000 1454 1034 1508 et
1052 1445 1277 1520 memorativa,
1298 1455 1335 1508 ut
1353 1446 1444 1528 prius

291 1546 417 1610 dictum
432 1556 493 1621 est,
508 1545 699 1630 quaedam²
714 1557 828 1612 tamen
851 1549 1003 1613 dicuntur
1023 1548 1191 1614 sensibilia
1211 1569 1271 1632 per
1288 1551 1443 1613 accidens

291 1660 441 1732 respectu
479 1670 636 1715 sensuum
673 1652 932 1734 particularium,
968 1661 1003 1716 et
1034 1672 1151 1716 sensus
1187 1654 1373 1718 communis
1409 1662 1443 1715 et

291 1752 540 1835 imaginationis,
556 1754 714 1838 quoniam
730 1776 844 1819 sensus
865 1755 950 1819 tales
968 1776 1035 1822 nou
1054 1757 1239 1839 percipiunt
1254 1757 1444 1840 hujusmodi

290 1858 471 1922 secundum
493 1878 530 1923 se
549 1868 584 1923 et
603 1880 663 1941 per
680 1879 728 1937 se,
747 1860 808 1925 sed
829 1861 906 1943 quia
924 1860 1131 1943 reperiuntur
1150 1861 1184 1923 in
1205 1863 1329 1925 eisdem
1346 1860 1443 1925 rebus

292 1981 366 2025 cum
383 1962 449 2025 suis
469 1963 681 2029 sensibilibus
696 1985 756 2049 per
775 1986 829 2043 se3
853 1975 891 2029 ut
911 1967 989 2049 quia
1004 1966 1174 2030 inimicitia
1197 1976 1348 2047 respectu
1366 1966 1443 2050 agni

292 2078 343 2130 est
378 2066 474 2130 simul
508 2088 583 2131 cum
619 2068 725 2153 figura
764 2080 798 2133 et
836 2070 946 2135 colore
979 2068 1061 2152 lupi,
1095 2089 1201 2152 agnus
1233 2071 1265 2132 in
1297 2070 1443 2135 videndo

291 2170 406 2255 lupum
436 2172 526 2235 videt
558 2174 723 2239 inimicum
755 2185 790 2238 et
815 2174 1008 2251 coloratum,
1037 2176 1097 2239 sed
1126 2175 1169 2239 de
1201 2174 1334 2239 inimico
1362 2176 1442 2238 nihil

289 2275 417 2357 judicat
432 2277 545 2341 oculus
567 2298 686 2362 perse,
705 2280 763 2343 sed
779 2278 889 2342 solum
912 2279 990 2362 quia
1009 2280 1171 2343 invenitur
1190 2298 1265 2341 curn
1284 2279 1442 2343 colorato.

293 2379 339 2443 Et
362 2380 442 2462 quia
466 2400 580 2446 sensus
605 2383 808 2467 particularis
829 2392 863 2448 et
883 2385 1069 2448 communis
1089 2382 1267 2467 vulgariter
1285 2394 1444 2448 vorantur

292 2502 415 2558 sensus
455 2485 532 2549 ideo
561 2488 723 2553 sensibilia
760 2490 803 2552 de
839 2489 959 2571 quibus
995 2488 1040 2552 illi
1072 2488 1255 2553 certificant
1283 2498 1444 2552 vocantur

293 2588 455 2652 sensibilia
479 2608 540 2672 per
564 2610 608 2670 se,
633 2602 667 2657 et
690 2594 732 2658 de
755 2594 876 2677 quibus
903 2593 949 2657 illi
977 2613 1044 2657 non
1073 2592 1256 2657 certificant
1285 2603 1445 2658 vocantur

292 2692 456 2758 sensibilia
472 2713 532 2776 per
545 2696 709 2776 accidens,
724 2700 876 2782 quamvis
892 2698 1002 2782 aliqua
1025 2697 1154 2761 illorum
1170 2697 1298 2782 possint
1313 2698 1357 2761 ab
1371 2698 1444 2761 aliis

293 2796 467 2862 virtutibus
493 2800 623 2864 animae
646 2801 854 2867 interioribus
877 2802 1044 2885 cognosci.
1099 2800 1321 2865 Aestimativa
1343 2803 1443 2878 enim,

292 2912 326 2965 et
355 2902 545 2985 cogitativa,
575 2914 610 2969 et
642 2907 856 2970 memorativa
889 2925 955 2969 non
982 2916 1143 2969 vocantur
1166 2924 1283 2968 sensus
1308 2904 1443 2987 vulgato

293 3008 436 3085 nomine,
471 3010 622 3091 quamvis
655 3008 720 3073 sint
756 3020 867 3093 partes
905 3009 1038 3074 animae
1074 3010 1259 3085 sensitivae,
1296 3018 1331 3073 et
1368 3010 1444 3072 ideo

292 3112 458 3177 sensibilia
477 3114 519 3177 ab
534 3113 598 3177 illis
612 3126 771 3180 vocantur
786 3116 954 3181 sensibilia
970 3136 1030 3199 per
1044 3114 1209 3190 accidens,
1228 3123 1367 3198 propter
1380 3113 1444 3177 hoc

293 3219 381 3298 quod
397 3218 560 3283 sensibilia
575 3216 758 3284 reseruntur
773 3222 815 3284 ad
826 3240 941 3286 sensus
950 3220 1166 3306 particulares
1174 3229 1210 3283 et
1221 3238 1443 3284 communem.

337 3320 405 3385 Sed
434 3322 502 3386 alia
529 3332 606 3386 sunt
635 3324 799 3388 sensibilia
829 3346 889 3408 per
915 3327 1067 3391 accidens
1095 3323 1219 3408 quam³
1241 3344 1281 3388 ea
1310 3343 1396 3406 quae
1423 3344 1444 3387 a
1457 3337 1602 3401 naming

1457 3419 1556 3480 process

292 3425 466 3489 virtutibus
484 3427 614 3491 animae
630 3428 805 3493 sensitivae
820 3441 1071 3513 cognoscuntur.
1119 3429 1168 3494 Ut
1189 3431 1326 3512 quando
1346 3428 1445 3492 video
1457 3470 1581 3520 involved.

293 3528 461 3592 hominem
477 3540 672 3594 extraneum
694 3552 760 3596 non
782 3554 916 3616 possum
936 3555 996 3617 per
1012 3552 1146 3598 sensum
1169 3534 1338 3617 percipere
1352 3531 1445 3614 cujus

293 3632 336 3697 sit
354 3632 447 3709 filius,
475 3655 534 3697 nec
558 3636 601 3698 de
619 3656 684 3718 qua
705 3638 839 3721 regione
861 3640 915 3713 sit,
932 3659 991 3701 nec
1014 3660 1080 3722 qua
1101 3640 1183 3702 hora
1200 3658 1262 3701 nec
1284 3658 1351 3720 quo
1372 3638 1445 3702 loco

293 3738 388 3804 luerit
403 3750 511 3817 natus,
527 3748 585 3803 aut
605 3742 773 3823 quomodo
788 3752 933 3820 vocetur,
949 3763 992 3806 an
1008 3742 1126 3806 Petrus
1141 3762 1184 3805 an
1201 3742 1369 3805 Robertus
1378 3765 1387 3816 ς
1411 3754 1445 3806 et

294 3842 480 3923 hujusmodi
497 3842 624 3909 infinita
639 3855 724 3921 sunt,
739 3866 825 3928 quae
839 3848 994 3912 accidunt
1003 3847 1147 3921 cuilibet,
1163 3848 1206 3910 de
1221 3846 1340 3929 quibus
1354 3846 1445 3912 nulla

293 3948 396 4011 virtus
412 3946 544 4012 animae
562 3949 737 4013 sensitivae
760 3962 873 4034 potest
899 3950 1090 4027 certificare,
1117 3971 1179 4016 nec
1205 3961 1317 4033 potest
1343 3953 1445 4016 homo

292 4052 376 4117 scire
390 4052 562 4117 veritatem
578 4053 640 4117 nisi
655 4073 715 4137 per
729 4055 926 4122 doctrinam.
966 4056 1013 4121 Et
1024 4068 1136 4121 tamen
1152 4056 1184 4119 in
1195 4055 1341 4121 videndo
1353 4056 1446 4120 illurn

327 4216 333 4243 ¹
351 4214 391 4265 ct
404 4215 546 4267 Μαί.
560 4232 616 4281 nep.
628 4232 685 4282 ³·4·

326 4292 336 4323 ¹
350 4310 424 4357 quae,
436 4294 472 4359 J,
484 4296 570 4345 which
587 4298 675 4348 makes
692 4298 737 4348 the
753 4306 878 4347 sentence
891 4299 961 4360 quite
979 4297 1174 4360 unintelligible,
1186 4296 1222 4358 by
1234 4294 1386 4358 <turmine
1400 4296 1446 4346 the

294 4382 409 4423 oontnst
430 4376 554 4425 between
577 4376 622 4427 the
643 4384 698 4428 two
720 4377 903 4439 acceptatione,
921 4377 953 4426 ol
967 4376 1100 4425 sensibilia
1118 4390 1166 4438 per
1180 4375 1309 4424 accidens.
1346 4373 1381 4424 Ο.
1396 4374 1446 4424 hes

326 4532 336 4560 ³
353 4532 410 4581 The
427 4532 536 4595 reading
552 4534 578 4583 in
593 4534 619 4595 J.
637 4535 660 4584 is
679 4535 808 4598 quoniam,
826 4535 873 4584 but
888 4550 965 4597 quarn
983 4534 1007 4583 is
1029 4532 1135 4595 equally
1152 4532 1298 4581 consistent
1314 4528 1379 4579 with
1400 4532 1445 4581 the

295 4608 381 4671 155η
398 4612 451 4660 und
471 4612 517 4661 the
540 4622 664 4663 sentence
686 4614 780 4663 should
803 4614 855 4663 end
871 4614 937 4663 with
960 4620 1162 4676 cognoscuntur.
1197 4610 1223 4660 Α
1244 4624 1306 4659 new
1322 4610 1402 4660 order
1418 4610 1449 4660 os

294 4690 426 4739 sensibilia
436 4706 485 4754 per
495 4691 615 4742 accidens
627 4692 650 4742 is
660 4692 821 4752 introduced,
834 4692 969 4755 requiring
978 4691 1078 4740 further
1088 4688 1209 4753 malmin
