3542 5359
381 601 442 663 452
647 580 983 643 MULTIPLICATIO
1007 535 1260 643 SPECJERtlrl

382 747 497 812 lortius
522 747 630 810 mixto
653 746 836 828 corrumpit
858 755 1009 809 naturam
1033 744 1222 827 specificam
1243 745 1339 809 mixti
1362 765 1468 828 usque
1489 744 1533 808 ad

381 852 523 916 radicem
547 870 760 915 communem
781 849 811 913 ei
833 859 867 912 et
890 851 1016 925 mixto;
1043 850 1076 913 id
1101 859 1151 914 est
1172 850 1215 912 ad
1241 850 1420 914 essentiam
1445 848 1534 912 illius

381 957 509 1041 generis
524 957 566 1018 de
581 954 675 1036 cujus
690 954 841 1037 potentia
856 955 1049 1036 producitur
1066 964 1183 1018 natura
1198 953 1352 1037 specifica
1368 954 1532 1018 elementi.

383 1061 430 1124 Et
455 1082 474 1124 e
499 1059 674 1138 contrario,
700 1078 775 1120 cum
803 1057 959 1138 mixtum,
983 1059 1034 1121 vel
1062 1057 1151 1122 aliud
1178 1079 1280 1140 agens
1303 1058 1467 1123 sufficiens
1488 1057 1531 1122 ad

380 1166 630 1249 generationem
662 1163 769 1240 mixti,
796 1163 882 1225 sicut
912 1162 1052 1240 coelum,
1073 1172 1184 1244 potest
1215 1161 1412 1226 invalescere
1433 1181 1533 1244 super

381 1270 591 1347 elementum,
614 1268 702 1332 tollit
727 1275 878 1331 naturam
902 1266 1088 1349 specificam
1114 1267 1277 1347 elementi,
1298 1277 1332 1331 et
1356 1268 1400 1330 de
1424 1267 1532 1329 radice

381 1374 548 1439 communi
575 1383 609 1436 et
640 1393 684 1435 ex
709 1371 780 1454 ejus
808 1372 958 1454 potentia
987 1372 1140 1453 producit
1166 1380 1316 1434 naturam
1344 1369 1531 1454 specificam

381 1479 479 1542 mixti
490 1476 511 1539 ¹.

424 1581 565 1646 Constat
581 1580 681 1662 igitur
691 1580 775 1643 ratio
787 1579 1009 1662 generationis
1022 1579 1158 1644 effectus
1169 1580 1326 1663 completi
1342 1579 1375 1641 in
1390 1578 1531 1654 duobus,

378 1686 503 1750 scilicet
525 1685 614 1769 quod
634 1704 737 1767 agens
751 1683 874 1747 habeat
892 1683 1075 1765 potentiam
1094 1683 1254 1764 majorem
1277 1704 1378 1766 quam
1402 1683 1530 1766 patiens

378 1800 415 1854 ut
435 1791 555 1863 vincat,
577 1800 611 1853 et
630 1790 721 1870 quod
742 1785 902 1852 materia²
925 1787 967 1851 sit
990 1790 1177 1852 communis
1192 1789 1302 1871 agenti
1323 1797 1357 1850 et
1380 1788 1529 1871 patienti,

377 1914 464 1976 quae
495 1894 633 1958 materia
663 1903 714 1957 est
743 1893 886 1956 essentia
915 1891 1054 1974 alicujus
1091 1893 1219 1976 generis
1257 1893 1400 1977 proximi
1438 1893 1530 1975 quod

377 2018 555 2062 commune
581 2005 632 2061 est
657 1996 787 2060 duabus
812 1997 996 2078 speciebus,
1019 1997 1154 2072 scilicet,
1181 1999 1292 2080 agenti
1317 2007 1351 2061 et
1378 1997 1529 2079 patienti.

377 2101 424 2165 Et
447 2104 480 2165 in
501 2121 622 2185 genere
644 2101 889 2164 individuorum
915 2110 965 2163 est
993 2101 1198 2165 individuum
1224 2102 1351 2186 generis
1376 2110 1528 2184 respectu

376 2210 517 2271 duorum
544 2205 788 2270 individuorum
815 2205 1019 2268 diversarum
1043 2207 1227 2288 specierum
1250 2205 1348 2289 (sicut
1375 2206 1464 2270 enim
1491 2225 1528 2268 se

376 2311 476 2375 habet
497 2331 603 2394 genus
624 2311 667 2374 ad
687 2310 823 2392 species,
843 2309 890 2371 sic
910 2309 1115 2373 individuum
1139 2311 1269 2391 generis
1290 2311 1335 2373 ad
1358 2310 1529 2374 individua

374 2412 581 2499 specierum),
596 2414 670 2477 loco
691 2413 843 2496 principii
867 2413 1027 2476 naturalis
1050 2415 1119 2498 apti
1140 2414 1182 2477 ad
1199 2425 1386 2496 utrumque.
1433 2414 1528 2477 Haec

375 2519 506 2582 uberius
532 2528 708 2600 patuerunt
733 2518 766 2579 in
793 2518 1079 2600 praecedentibus.
1137 2518 1204 2583 Sed
1232 2538 1318 2582 nunc
1343 2518 1461 2582 sufficit
1483 2520 1526 2582 ad

375 2623 439 2686 hoc
454 2625 544 2706 quod
559 2623 637 2685 volo
653 2631 689 2685 ut
704 2623 906 2686 concedatur
921 2622 990 2685 sine
1006 2622 1270 2688 contradictione
1284 2623 1374 2704 quod
1391 2624 1529 2687 victoria

375 2726 509 2791 alterius
523 2727 642 2810 speciei
664 2728 801 2810 agentis,
823 2726 931 2807 posita
954 2726 1016 2788 sub
1033 2747 1154 2810 genere
1177 2737 1211 2791 et
1233 2728 1382 2809 potentia
1399 2727 1528 2809 generis

375 2832 530 2913 proximi,
540 2830 704 2894 sufficiunt
715 2831 759 2892 ad
775 2830 1019 2911 generationem
1036 2840 1069 2894 et
1086 2832 1332 2915 corruptionem
1348 2831 1526 2896 effectuum

373 2936 627 3018 completorum.
674 2934 759 2998 Cum
785 2935 886 3018 igitur
912 2934 1043 2998 coelum
1069 2935 1202 3016 majoris
1223 2937 1266 2999 sit
1289 2937 1460 3017 potentiae
1482 2937 1525 2998 ad

374 3041 541 3123 agendum
571 3061 672 3122 quam
699 3040 783 3121 ignis
811 3049 844 3102 et
874 3058 976 3121 quarn
1006 3039 1141 3122 aliquod
1171 3061 1289 3123 corpus
1320 3040 1461 3118 inferius,
1491 3051 1527 3104 et

373 3145 596 3207 communicat
625 3145 658 3206 in
691 3162 812 3225 genere
842 3143 997 3225 proximo
1025 3163 1101 3207 cum
1127 3164 1263 3227 corpore
1288 3163 1354 3208 non
1386 3145 1520 3208 coelesti

373 3244 630 3332 (communicant
653 3249 740 3312 enim
764 3249 797 3310 in
821 3247 930 3330 primo
957 3267 1077 3328 genere
1105 3245 1308 3332 subalterno)
1335 3259 1369 3312 et
1394 3247 1524 3313 coelum

373 3361 423 3414 est
439 3351 580 3414 nobilius
599 3361 632 3415 et
653 3352 759 3435 magis
774 3353 928 3430 activum,
945 3351 1109 3414 invenitur
1124 3352 1177 3414 hic
1198 3361 1271 3416 tota
1287 3354 1371 3417 ratio
1387 3353 1524 3418 effectus

372 3454 571 3536 complendi.
629 3455 674 3518 Et
699 3456 745 3518 sic
776 3456 911 3519 ulterius
937 3456 980 3519 de
1005 3455 1141 3520 homine
1164 3466 1198 3521 ct
1223 3457 1377 3520 omnibus
1400 3458 1525 3534 mixtis,

371 3577 457 3640 quae
481 3569 559 3622 sunt
576 3558 738 3623 nobiliora
757 3560 940 3639 elementis,
962 3569 996 3623 et
1015 3561 1092 3623 ideo
1114 3561 1221 3642 magis
1239 3561 1431 3644 generativa
1446 3582 1524 3644 spe·

371 3663 494 3727 cierum
524 3683 657 3726 suarum
688 3662 959 3746 complendarum
990 3664 1024 3728 in
1054 3663 1203 3742 eflectuS,
1231 3685 1306 3726 cum
1337 3665 1524 3729 inveniatur

403 3788 413 3817 ¹
430 3791 473 3840 On
491 3792 536 3842 the
548 3793 631 3842 views
648 3794 791 3854 expressed
811 3793 837 3840 in
855 3793 906 3841 this
923 3793 973 3840 and
992 3793 1037 3841 the
1056 3792 1190 3855 following
1208 3793 1361 3856 paragraph,
1381 3809 1411 3842 as
1431 3800 1459 3842 to
1478 3796 1524 3844 the

369 3872 518 3920 successive
529 3873 700 3933 integratione
712 3888 742 3919 or
754 3870 963 3933 disintegrations
974 3871 1004 3920 ol
1012 3878 1112 3934 matter,
1127 3887 1200 3920 some
1212 3871 1276 3932 light
1293 3872 1315 3920 is
1327 3873 1431 3921 thrown
1443 3873 1479 3935 by
1489 3889 1523 3922 an

370 3957 469 3998 extract
477 3950 541 3999 from
555 3949 666 4000 Bacon's
677 3949 847 3999 ‘Communia
861 3949 1019 3998 Naturalium
1030 3949 1036 3969 '
1049 3951 1125 4010 given
1138 3949 1164 3997 in
1175 3951 1221 3998 the
1234 3949 1420 4000 Introduction.

403 4029 482 4078 ’See
507 4030 586 4079 Arist.
608 4029 647 4077 De
670 4029 834 4090 emmanue,
856 4028 873 4076 i.
893 4043 915 4088 7,
935 4032 947 4087 5
969 4042 996 4076 11
1017 4025 1064 4075 ὅσα
1084 4025 1131 4088 μὲν
1154 4025 1197 4077 οὖν
1219 4027 1254 4090 με)
1279 4029 1306 4078 ἐν
1330 4027 1379 4092 ὕλῃ
1405 4029 1457 4092 ἔχει
1477 4029 1525 4090 τὴν

368 4106 473 4171 μορφήν,
490 4107 629 4168 ταῦταμὲν
645 4106 725 4168 ἀπειθῆ
737 4106 787 4155 τῶν
805 4105 941 4168 ποιητικῶν,
959 4104 1006 4153 ὅσα
1027 4104 1047 4152 θ’
1063 4105 1090 4154 ἐν
1107 4105 1165 4168 ὕλῃ,
1183 4105 1308 4170 παθητικά.
1344 4107 1394 4170 Τὴν
1411 4108 1457 4170 μὲν
1475 4109 1524 4172 γὰρ

368 4185 431 4249 ὕλην
447 4185 554 4248 λὲγομεν
566 4223 590 4236 ,.
604 4186 668 4247 ,τὴν
685 4185 762 4246 αὐτὴν
783 4182 843 4234 εἶναι
864 4184 912 4232 τῶν
930 4182 1099 4242 ἀντικειμένων
1118 4185 1279 4246 ὁποτερουοῦν
1296 4185 1375 4250 ὥσπερ
1395 4186 1466 4250 γένος
1487 4187 1523 4236 ὄν.

368 4268 496 4317 Aristotle
506 4265 691 4328 distinguishes
702 4265 729 4313 in
741 4265 793 4313 this
806 4263 912 4325 chapter
927 4263 1048 4311 between
1064 4265 1179 4325 primary
1192 4266 1244 4312 and
1259 4267 1405 4328 secondary
1420 4276 1521 4328 agents.

369 4347 422 4396 We
434 4363 493 4409 may
504 4361 551 4408 say
563 4346 618 4394 that
629 4345 675 4393 the
686 4343 821 4406 physician
833 4342 914 4402 herile,
927 4357 957 4389 or
968 4341 1024 4390 that
1036 4343 1077 4389 his
1089 4341 1159 4390 wine
1173 4344 1224 4391 and
1236 4343 1296 4392 lood
1308 4344 1387 4392 heals.
1430 4344 1459 4393 ln
1477 4347 1524 4394 the

368 4427 425 4474 tint
436 4441 496 4475 case
506 4425 582 4472 there
593 4425 615 4472 is
627 4438 662 4471 no
674 4421 789 4470 reaction
802 4421 866 4468 from
878 4421 923 4469 the
936 4421 1006 4482 body
1017 4422 1095 4470 acted
1106 4436 1141 4468 on
1153 4437 1158 4480 ;
1176 4422 1201 4470 in
1214 4421 1259 4472 the
1271 4425 1369 4472 second
1377 4438 1437 4472 case
1447 4421 1523 4473 there

368 4505 399 4553 is.
432 4505 488 4552 The
500 4504 645 4564 secondary
655 4509 734 4563 agent
746 4501 823 4560 being
834 4499 865 4547 ol
877 4501 921 4549 the
934 4514 1005 4548 same
1015 4515 1098 4564 genus
1111 4516 1141 4549 as
1158 4499 1202 4548 the
1218 4501 1317 4562 patient
1329 4502 1351 4549 is
1363 4501 1475 4551 affected
1487 4504 1524 4565 by

367 4584 413 4631 the
425 4583 531 4644 patient.
566 4580 600 4629 Τὸ
612 4579 689 4629 σιτίον
700 4579 781 4627 ποιοῦν
797 4579 835 4626 καὶ
853 4576 915 4626 αὐτὸ
931 4579 1020 4640 πάσχει
1037 4595 1070 4640 τι,
1086 4577 1102 4638 ἢ
1119 4579 1167 4642 γὰρ
1184 4577 1333 4642 θερμαίνεται
1351 4575 1367 4640 ἦ
1384 4577 1489 4644 ψύχεται
1506 4581 1523 4645 ἢ

367 4659 432 4707 ἄλλο
444 4677 467 4707 τι
478 4661 567 4721 τὰσχει
577 4657 627 4719 ἅμα
637 4658 728 4706 tamir.
