3542 5359
573 624 689 684 nans
712 624 875 682 Parnm.-
903 623 992 683 cAP.
1018 624 1063 682 n.
1346 641 1406 700 419

242 789 480 872 percussionis,
495 810 539 852 ex
555 810 622 872 quo
638 809 771 872 egressu
788 797 943 852 causatur
956 799 1080 853 tremor
1094 787 1151 870 qui
1168 787 1244 852 facit
1261 788 1403 872 primum

250 913 370 957 sonum
384 903 544 975 tanquam
560 893 715 958 effectum
729 893 958 976 aequivocum,
972 902 1007 957 et
1028 893 1206 957 consimilis
1224 902 1349 956 tremor
1367 893 1404 956 fit

249 999 283 1060 in
298 1000 442 1062 secunda
457 1009 553 1082 parte
568 999 613 1062 rei
629 1017 804 1081 percussae
819 1018 878 1080 per
894 999 1035 1081 primam
1054 1007 1181 1080 partem
1197 1007 1402 1061 trementem.

252 1102 340 1165 Nam
370 1104 412 1167 ad
443 1114 622 1167 tremorem
657 1103 784 1185 primae
822 1105 931 1166 tremit
962 1103 1116 1176 secunda,
1149 1103 1192 1166 ad
1225 1112 1403 1167 tremorem

249 1209 415 1271 secundae
444 1208 555 1270 tremit
586 1208 694 1282 tertia,
723 1217 759 1271 et
788 1207 835 1270 sic
865 1207 975 1285 ultra;
1014 1216 1048 1270 et
1077 1206 1152 1270 ideo
1181 1206 1226 1270 de
1256 1209 1404 1270 secundo

251 1320 394 1375 tremore
416 1312 560 1376 nascitur
581 1313 747 1376 secundus
768 1331 879 1388 sonus,
903 1310 959 1392 qui
982 1319 1032 1374 est
1055 1309 1169 1374 similis
1191 1310 1299 1394 primo
1321 1331 1403 1376 sono

250 1418 382 1479 nomine
393 1427 427 1480 et
439 1416 648 1493 definitione3
665 1428 699 1480 et
710 1417 785 1480 ideo
797 1416 869 1497 ejus
881 1415 1063 1479 similitudo
1074 1425 1108 1479 et
1123 1417 1248 1498 species
1263 1416 1405 1479 debilior

250 1530 301 1583 est
323 1520 440 1601 primo,
461 1521 540 1601 quia
559 1529 683 1584 tremor
700 1521 864 1584 secundus
883 1519 1024 1584 debilior
1046 1528 1097 1582 est
1119 1520 1234 1603 primu,
1258 1529 1292 1583 et
1314 1521 1403 1602 qnod

251 1622 290 1688 fit
319 1644 339 1686 a
362 1623 483 1688 virtute
512 1624 672 1688 violenter
702 1634 865 1698 movente,
896 1631 930 1686 et
959 1624 1066 1687 omnis
1096 1634 1207 1688 motus
1232 1623 1405 1704 violentus,

251 1726 442 1790 debilitatur
472 1738 506 1792 et
543 1727 655 1792 deficit
691 1727 722 1791 in
753 1727 828 1790 fine.
890 1726 1103 1810 Quapropter
1133 1727 1203 1793 soni
1234 1729 1405 1810 generatio

251 1851 383 1913 semper
397 1830 597 1911 debilitatur,
612 1831 696 1895 sicut
711 1831 745 1895 in
760 1831 834 1894 aliis
849 1830 1021 1915 speciebus
1036 1842 1069 1895 et
1081 1831 1266 1896 virtutibus.
1293 1830 1406 1914 Quare

252 1954 327 1998 cum
338 1955 438 1998 sonus
453 1936 561 2000 omnis
576 1956 620 1999 ex
632 1945 775 2017 tremore
787 1946 942 2000 causatur
957 1935 1155 2011 immediate,
1167 1919 1280 2000 et‘non
1293 1947 1343 1999 est
1355 1956 1406 2002 res

252 2038 322 2103 fixa
337 2059 397 2104 nec
413 2060 618 2121 permanens,
639 2040 714 2104 ideo
735 2060 802 2104 non
814 2041 948 2104 videtur
964 2040 1044 2103 mihi
1065 2041 1155 2122 quod
1172 2040 1291 2122 aliquis
1306 2061 1405 2104 sonus

252 2164 296 2206 ex
319 2143 385 2207 alio
407 2154 603 2229 generatum
629 2156 664 2210 et
686 2146 762 2209 ideo
785 2145 886 2208 alium
909 2143 1036 2208 habent
1058 2145 1130 2209 soni
1154 2145 1290 2208 modum
1306 2165 1406 2226 quam

252 2249 431 2330 qualitates
445 2250 531 2314 aliae
549 2249 718 2314 sensibiles
731 2271 739 2328 ;
764 2249 822 2313 sed
844 2249 878 2311 in
893 2248 1046 2312 omnibus
1061 2259 1113 2312 est
1127 2247 1244 2324 simile,
1260 2260 1405 2332 praeter-

252 2372 354 2434 quam
380 2354 413 2417 in
438 2374 536 2418 causa
562 2353 785 2435 generationis
808 2352 879 2416 soni
903 2363 937 2418 et
962 2353 1051 2417 modi
1073 2354 1274 2436 generandi.¹
1308 2353 1407 2418 Unde

253 2458 417 2520 secundus
440 2477 541 2520 sonus
566 2466 617 2521 est
641 2457 767 2539 species
791 2457 899 2541 primi,
922 2466 955 2520 et
986 2457 1101 2522 tertius
1128 2458 1275 2532 secundi,
1301 2467 1335 2520 et
1360 2458 1407 2521 sic

253 2558 410 2637 ulterins3
432 2562 573 2624 sednon
593 2559 630 2624 fit
645 2562 810 2625 secundus
828 2581 849 2623 a
869 2561 985 2643 primo,
1000 2581 1060 2626 nec
1080 2560 1195 2625 tertius
1218 2582 1239 2624 a
1261 2562 1406 2625 secundo

253 2672 389 2746 propter
404 2684 537 2729 causam
554 2665 677 2729 dictam
689 2663 711 2726 ¹.

299 2766 454 2833 Secundo
482 2779 534 2833 est
563 2790 684 2852 magna
716 2769 883 2834 dubitatio
918 2771 961 2834 de
998 2769 1199 2847 substantiis,
1230 2780 1264 2835 et
1302 2771 1408 2854 major
1422 2795 1443 2829 2.
1456 2783 1517 2830 Sun-

254 2872 445 2956 ignorantia.
483 2872 583 2956 Quod
596 2893 676 2938 vero
691 2873 878 2939 substantia
890 2884 969 2957 agat
980 2874 1131 2938 similiter
1145 2875 1291 2958 speciem
1303 2877 1406 2939 mani-
1417 2855 1529 2976 ἕξοῗῗξζε

256 2976 376 3041 festum
406 2986 456 3041 est
481 2998 540 3061 per
566 2978 640 3054 hoc,
664 2979 754 3060 quod
781 2978 966 3043 substantia
988 2979 1132 3043 nobilior
1157 2990 1209 3043 est
1239 2981 1409 3046 accidente
1421 2977 1524 3056 speeiqs.
1569 3043 1580 3090 f

254 3082 345 3164 quasi
357 3083 389 3144 in
399 3081 579 3145 infinitum:
597 3093 800 3165 quapropter
810 3084 933 3167 poterit
944 3083 1098 3147 effectum
1108 3083 1171 3148 sibi
1181 3083 1321 3149 similem
1331 3105 1407 3168 pro-
1421 3043 1569 3158 ffliiiiiss

254 3186 373 3250 ducere
394 3184 494 3270 longe
512 3187 617 3270 magis
634 3207 736 3271 quam
753 3187 914 3262 accidens,
928 3198 962 3251 et
979 3187 1066 3252 hunc
1081 3187 1236 3253 effectum
1250 3209 1408 3255 vocamus
1421 3176 1551 3289 {¹¹:¹3⁰OE

255 3290 407 3373 speciem.
454 3290 540 3354 Item
555 3292 742 3361 substantia
759 3302 936 3376 generatur
951 3303 985 3357 et
1004 3293 1098 3376 ignis,
1112 3302 1147 3357 et
1167 3292 1249 3358 aliae
1264 3295 1388 3360 multae
1401 3320 1408 3370 ;
1422 3316 1520 3356 matter.

254 3396 313 3458 sed
335 3393 461 3458 nullum
483 3415 645 3478 generans
664 3407 715 3461 est
737 3395 832 3460 vilius
851 3406 1032 3480 generat03
1062 3416 1164 3479 quare
1185 3418 1252 3462 non
1272 3419 1409 3481 genera·

254 3498 343 3562 bitur
352 3509 468 3562 natura
479 3497 704 3564 substantialis
715 3500 799 3583 ignis
815 3499 859 3563 ab
873 3501 1067 3578 accidente;
1090 3521 1170 3583 ergo
1181 3522 1201 3565 a
1213 3503 1407 3568 substantia.

255 3600 323 3665 Sed
338 3603 428 3684 quod
446 3604 479 3665 in
500 3602 566 3666 fine
584 3606 808 3686 generationis
827 3607 949 3669 dicitur
968 3605 1062 3688 ignis,
1078 3615 1217 3669 vocatur
1230 3607 1356 3690 species
1376 3609 1407 3669 in

255 3705 423 3788 principio,
443 3716 478 3770 et
499 3708 579 3771 dum
601 3708 703 3774 habet
725 3730 797 3774 esse
819 3709 1066 3792 incompletum.
1113 3709 1205 3793 Ergo
1225 3711 1409 3774 substantia

255 3821 391 3892 generat
408 3831 502 3874 suam
523 3813 668 3894 speciem
688 3815 720 3876 in
736 3805 896 3897 principio
910 3815 997 3879 sicut
1011 3814 1175 3878 accidens.
1221 3814 1308 3877 Item
1323 3816 1409 3878 acci-

255 3915 338 3978 dens
355 3934 419 3977 non
436 3925 612 3997 generatur
626 3917 659 3978 in
675 3915 787 3998 aliquo
802 3918 864 3981 nisi
879 3918 969 4001 prius
985 3926 1104 3981 natura
1122 3928 1298 4000 generetur
1312 3939 1407 3983 suum

256 4018 443 4100 subjectum
466 4020 647 4101 proprium,
667 4030 803 4102 propter
825 4022 917 4103 quod
942 4021 1140 4085 Aristoteles
1164 4020 1244 4085 dicit
1265 4022 1408 4103 septimo

290 4214 298 4242 ¹
316 4214 355 4264 Cf.
373 4229 415 4276 pp.
433 4215 524 4278 56-57,
537 4215 593 4264 also
610 4231 634 4278 p.
654 4231 686 4278 ’μ
704 4215 734 4264 oi
748 4216 800 4265 this
816 4215 879 4274 vol,
897 4215 922 4264 in
940 4215 1028 4265 which
1046 4215 1091 4264 the
1109 4214 1225 4277 problem
1245 4215 1274 4264 os
1287 4219 1371 4266 sound
1389 4219 1410 4266 is

256 4294 358 4342 treated
377 4293 404 4340 in
426 4293 471 4340 the
495 4309 567 4341 same
586 4309 655 4356 way.
696 4295 736 4343 Cl
754 4295 810 4343 also
829 4293 869 4342 Dc
887 4293 987 4342 Anima
1011 4295 1035 4343 ii.
1059 4294 1082 4356 8,
1104 4292 1144 4342 for
1166 4292 1313 4343 nrisroue’s
1332 4295 1408 4346 vicu.

257 4371 381 4420 Aristotle
392 4371 453 4419 held
465 4373 522 4420 that
533 4372 578 4420 the
590 4373 738 4421 conditions
750 4373 779 4421 oi
786 4372 870 4421 sound
880 4387 952 4420 were
964 4376 1003 4434 (r)
1018 4373 1170 4434 percussion
1180 4372 1231 4421 oin
1242 4373 1307 4422 hard
1319 4373 1409 4435 object.

257 4465 288 4498 or
298 4449 328 4497 of
341 4465 358 4498 a
371 4449 473 4498 column
485 4449 515 4497 ol
526 4451 565 4498 air
579 4450 702 4500 enclosed
720 4451 745 4500 in
759 4468 775 4500 a
788 4451 859 4510 tube,
875 4449 914 4512 (2)
927 4450 1055 4500 vibration
1072 4450 1103 4500 ol
1115 4450 1160 4499 the
1176 4451 1214 4499 air
1230 4450 1349 4500 between
1366 4453 1411 4501 the

256 4543 385 4577 sonorous
399 4527 470 4589 body
480 4529 532 4576 and
548 4529 594 4578 the
605 4545 656 4587 eur,
670 4532 710 4591 (3)
722 4529 851 4578 vibration
869 4530 898 4578 oi
912 4529 951 4576 nir
967 4529 1105 4578 contained
1124 4528 1150 4577 in
1168 4530 1213 4578 the
1230 4529 1340 4580 interna}
1358 4547 1411 4581 eur.

257 4607 302 4656 He
318 4623 381 4669 says
397 4607 510 4669 nothing
524 4607 554 4655 of
567 4609 613 4657 the
630 4609 780 4658 succession
794 4609 824 4656 oi
837 4606 979 4656 vibrations
996 4607 1022 4656 in
1040 4608 1084 4656 the
1102 4607 1172 4668 body
1185 4607 1250 4656 from
1262 4608 1348 4657 which
1367 4612 1410 4658 the

258 4687 343 4735 sonnd
354 4685 502 4747 originitus

787 4779 881 4831 ΕΗ
