3542 5359
416 569 477 630 512
686 550 1024 610 MULTIPLICATIO
1049 550 1304 611 SPECIERUM.

416 725 450 780 et
481 736 547 778 non
582 723 796 778 numerantur
830 711 929 776 simul
965 713 998 776 in
1028 713 1144 777 eadem
1174 714 1311 777 materia
1345 723 1383 779 et
1421 714 1589 797 subjecto.

417 818 577 883 Similiter
596 840 648 882 res
668 818 816 899 ejusdem
835 818 956 900 speciei
973 838 1039 881 non
1058 816 1154 881 simul
1173 828 1392 881 numerantur
1406 818 1444 881 in
1469 822 1588 883 eadem

417 924 555 988 materia
577 933 611 987 et
628 922 787 1005 subjecto.
834 922 904 985 Res
921 931 1034 985 autem
1055 922 1284 1003 contingentes
1305 934 1484 986 vocantur
1503 943 1590 1005 quae

416 1028 513 1091 simul
540 1048 577 1091 se
600 1028 855 1108 compatiuntur,
883 1036 920 1089 ut
946 1025 1059 1089 album
1085 1036 1119 1089 et
1145 1026 1250 1103 dulce,
1277 1046 1365 1107 quae
1398 1047 1474 1090 non
1513 1040 1588 1093 sunt

416 1133 565 1213 ejusdem
587 1131 716 1214 generis
739 1151 798 1194 nec
822 1130 970 1212 ejusdem
994 1130 1123 1211 speciei.
1180 1130 1226 1193 Et
1252 1130 1327 1194 ideo
1348 1128 1442 1193 bene
1468 1152 1587 1196 nume

416 1246 541 1312 rantur,
557 1236 635 1318 quia
656 1255 722 1297 non
741 1244 791 1297 est
812 1244 927 1298 natum
950 1233 1073 1316 aliquid
1094 1253 1195 1298 unum
1211 1233 1279 1297 fieri
1301 1255 1344 1297 ex
1368 1236 1431 1315 eie,
1456 1248 1493 1299 et
1512 1248 1587 1299 sunt

416 1340 514 1403 simul
545 1341 578 1403 in
608 1340 725 1402 eodem
757 1337 910 1417 subjecto
944 1348 981 1402 ut
1011 1338 1043 1401 in
1076 1339 1192 1415 mixto,
1222 1337 1393 1419 loquendo
1426 1342 1474 1404 de
1509 1362 1587 1405 vera

417 1445 580 1507 mixtione
610 1452 647 1506 ut
677 1463 762 1506 nunc
793 1441 967 1525 loquimur.
1015 1442 1099 1507 Cum
1130 1464 1208 1526 ergo
1238 1442 1327 1507 luces
1360 1464 1486 1508 omnes
1520 1447 1586 1509 sint

415 1548 562 1630 ejusdcm
589 1547 709 1631 speciei
731 1556 773 1610 et
804 1556 1047 1628 congregentur
1078 1568 1098 1610 a
1127 1548 1263 1611 diversis
1296 1546 1525 1613 luminaribus
1555 1551 1585 1613 in

416 1673 482 1715 una
503 1662 598 1733 parte
620 1650 730 1729 medii,
746 1651 821 1714 dico
844 1652 936 1731 quod
960 1649 997 1713 fit
1020 1672 1084 1714 una
1107 1651 1166 1715 lux
1185 1671 1342 1728 numero;
1365 1662 1400 1715 et
1423 1655 1587 1718 similiter

415 1756 505 1837 quod
521 1755 640 1817 diversi
662 1754 789 1819 colores
805 1753 957 1834 ejusdem
974 1755 1103 1837 speciei,
1121 1756 1255 1838 quando
1270 1757 1409 1820 veniunt
1426 1760 1472 1821 ad
1492 1761 1584 1823 idern

416 1869 575 1942 punctum
599 1859 708 1938 medii,
731 1858 814 1922 fiunt
837 1879 902 1922 una
925 1860 1061 1941 species,
1107 1862 1152 1925 Et
1175 1861 1309 1943 quando
1331 1863 1584 1927 contrariorum

415 1963 563 2027 colorum
587 1964 714 2045 species
736 1964 883 2041 veniunt,
905 1962 943 2027 fit
966 1984 1031 2027 una
1056 1966 1163 2029 mixta
1181 1967 1224 2029 ab
1247 1966 1303 2044 eiS,
1321 1966 1384 2027 nisi
1410 1966 1528 2031 altera
1551 1970 1584 2031 in

413 2077 546 2132 tantum
562 2068 757 2147 dominetur,
770 2068 860 2150 quod
879 2068 1003 2150 reliqua
1015 2080 1246 2152 corrumpatur
1257 2092 1277 2132 a
1292 2070 1400 2133 causis
1412 2092 1584 2153 generan-

414 2172 504 2235 tibus
524 2173 661 2236 colores.
707 2171 866 2237 Similiter
885 2173 1019 2254 quando
1039 2174 1124 2236 duae
1144 2173 1271 2255 species
1294 2174 1414 2237 coloris
1436 2177 1583 2239 veniunt

414 2277 456 2340 ad
479 2279 620 2341 eandem
641 2285 769 2360 partem
793 2277 903 2352 medii,
920 2275 957 2339 fit
977 2297 1043 2339 una
1065 2278 1190 2360 species
1213 2289 1246 2341 et
1269 2298 1353 2341 unus
1376 2277 1484 2342 color.
1535 2280 1582 2345 Et

413 2383 547 2462 quando
563 2381 690 2462 species
706 2380 801 2444 calidi
818 2391 851 2443 et
871 2381 981 2462 frigidi
997 2382 1144 2461 veniunt,
1161 2390 1196 2445 ut
1213 2402 1278 2446 una
1297 2403 1363 2446 non
1380 2396 1581 2467 corrumpat
1654 2408 1655 2431 r

413 2484 521 2562 aliam,
537 2485 673 2548 omnino
692 2483 730 2548 fit
751 2485 880 2565 mixtio,
896 2495 930 2549 et
946 2485 993 2548 ita
1014 2484 1051 2548 fit
1066 2484 1099 2547 in
1118 2488 1282 2566 omnibus,
1298 2487 1389 2569 quod
1411 2488 1581 2569 probatur

414 2610 472 2671 per
487 2590 600 2653 omnia
615 2589 793 2672 praedicta.

246 2711 302 2760 The
458 2695 546 2758 Dicit
567 2695 656 2757 enim
676 2694 796 2774 vulgus
815 2694 906 2775 quod
924 2695 1060 2777 species,
1076 2695 1154 2778 quia
1169 2696 1294 2760 habent
1310 2716 1382 2759 esse
1401 2698 1580 2781 spirituale

244 2777 372 2907 {gfiffid
413 2809 447 2862 et
474 2819 539 2861 non
566 2796 744 2877 materiale,
768 2817 834 2860 non
862 2798 1041 2861 miscentur
1067 2800 1123 2863 sed
1150 2810 1226 2865 sunt
1251 2802 1438 2865 distinctae.
1489 2802 1579 2867 Cum

243 2916 330 2958 nature
342 2909 372 2957 or
411 2923 490 2987 ergo
513 2904 689 2986 probatum
714 2902 757 2964 sit
780 2903 871 2983 quod
895 2900 1019 2965 habent
1036 2923 1109 2967 esse
1131 2924 1207 2968 vere
1227 2904 1406 2981 materiale,
1425 2917 1460 2969 et
1482 2908 1579 2972 nullo

244 2975 393 3105 ζξὲἓιζῒξῗ
413 3009 515 3071 modo
544 3005 724 3088 spirituale,
755 3005 845 3087 quod
879 3004 1036 3069 excludat
1070 3028 1142 3071 esse
1171 3029 1248 3071 vere
1282 3008 1463 3083 materiale,
1499 3014 1578 3077 ideo

244 3106 357 3157 adoubt.
414 3109 623 3174 manifestum
655 3121 705 3173 est
739 3110 830 3191 quod
862 3110 986 3173 debent
1017 3112 1144 3176 misceri
1174 3132 1252 3176 vera
1282 3113 1455 3191 mixtione,
1488 3118 1579 3179 sicut

412 3226 562 3278 caeterae
598 3212 722 3277 formae
753 3213 949 3277 materiales.
996 3214 1081 3278 Item
1112 3216 1185 3299 ipsa
1213 3218 1409 3299 generantia
1443 3222 1579 3301 species

412 3319 493 3394 illas,
516 3338 591 3382 cum
613 3319 656 3381 ad
681 3317 822 3381 invicem
845 3319 982 3381 veniunt
1005 3320 1038 3381 in
1061 3322 1180 3384 eodem
1206 3321 1366 3402 subjecto,
1390 3323 1580 3387 miscentur

411 3440 489 3484 vera
510 3422 691 3497 mixtione3
713 3422 772 3485 sed
794 3424 921 3503 species
937 3432 1013 3486 sunt
1031 3423 1157 3487 similes
1175 3425 1308 3488 nomine
1323 3436 1356 3488 et
1375 3426 1579 3491 definitione

412 3536 447 3590 et
463 3526 604 3589 essentia
619 3524 682 3589 illis
698 3547 718 3589 a
733 3526 853 3607 quibus
872 3537 1049 3590 causantur
1063 3552 1071 3602 ;
1092 3548 1196 3609 quare
1214 3539 1397 3611 sequuntur
1414 3540 1579 3595 naturam

412 3641 445 3695 et
468 3630 702 3714 proprietatem
729 3628 870 3693 illorum.
917 3630 1003 3694 Item
1029 3632 1138 3695 nullus
1166 3634 1208 3696 de
1235 3633 1335 3715 vulgo
1360 3635 1578 3700 studentium
1654 3662 1655 3713 i

411 3734 483 3798 vult
503 3754 623 3818 negare
641 3734 718 3817 quin
739 3734 875 3798 effectus
896 3733 1065 3817 completi,
1080 3737 1216 3817 quando
1238 3738 1374 3800 veniunt
1396 3738 1429 3801 in
1451 3740 1578 3803 eadem

411 3849 506 3922 parte
536 3838 701 3914 materiae,
728 3838 926 3900 misceantur
949 3860 1046 3917 vere;
1078 3840 1137 3903 sed
1169 3842 1295 3922 species
1324 3852 1402 3905 sunt
1435 3847 1579 3925 penitus

411 3942 560 4023 ejusdem
584 3951 730 4019 naturae,
745 3950 779 4005 et
802 3940 885 4004 fiunt
907 3941 940 4004 hi
964 3941 1101 4007 effectus
1123 3946 1260 4027 quando
1284 3946 1475 4027 completur
1500 3972 1579 4013 esse

410 4039 614 4128 specierum,
643 4066 745 4128 quare
772 4046 861 4128 prior
888 4048 1082 4111 naturaliter
1107 4060 1159 4112 est
1186 4049 1305 4112 mixtio
1333 4050 1366 4112 in
1393 4054 1579 4135 speciebus

410 4171 509 4233 quam
526 4152 558 4213 in
575 4148 746 4214 effectibus
762 4150 945 4232 completis.

244 4272 321 4322 Great
455 4254 501 4318 Et
516 4255 725 4318 Ptolemaeus
738 4256 836 4319 tertio
853 4254 895 4316 de
909 4254 1040 4336 Opticis
1050 4256 1129 4320 dicit
1145 4278 1303 4340 expresse
1313 4262 1405 4339 quod
1424 4276 1553 4326 mixtio
1566 4262 1578 4301 ¹

241 4337 366 4400 ‘mmm'
409 4359 592 4439 specierum
623 4369 674 4422 est
700 4358 734 4421 in
759 4380 843 4436 aere,
865 4369 900 4422 et
926 4360 958 4422 in
986 4361 1134 4424 colorum
1160 4361 1332 4444 speciebus
1359 4373 1395 4427 et
1424 4366 1455 4426 in
1485 4368 1580 4430 aliis.

242 4401 313 4451 otri
315 4346 397 4469 olteymy
380 4421 497 4527 yltem
527 4461 722 4525 Alhazen·
714 4484 747 4525 m
782 4459 867 4526 libro
902 4465 1010 4545 primo
1042 4466 1280 4547 perspectivae,
1311 4465 1399 4530 dans
1435 4490 1580 4536 causam

720 4616 876 4667 ¹SeeP101.
890 4618 1022 4683 Opb'ca,p
1034 4620 1067 4668 80
1081 4621 1132 4686 (ed.
1145 4620 1232 4685 Govi).
