3542 5359
393 668 455 728 492
667 649 1004 708 MULTIPLICATIO
1029 648 1284 708 SPECIERUllI.

222 816 350 866 andirec-
395 831 497 894 agens
527 810 673 893 undique
703 820 738 873 et
767 810 800 872 in
832 828 965 872 omnem
996 818 1124 890 partem
1155 818 1189 872 et
1223 809 1405 873 secundum
1435 824 1556 869 omnes

225 896 292 998 iffi
300 900 343 999 ἷζε
395 917 576 979 diametros
592 914 670 978 facit
682 915 827 997 speciem
844 933 948 991 suam,
959 922 996 975 ut
1010 914 1188 996 probatum
1200 923 1250 977 est
1266 913 1358 995 prius
1370 910 1391 975 ¹.
1437 910 1556 993 Quare

225 1024 309 1129 Cffl‘ff
320 1015 350 1064 of
396 1030 529 1103 oportet
545 1020 635 1102 quod
651 1040 754 1101 agens
768 1018 810 1081 sit
826 1027 974 1082 centrum
991 1038 1093 1100 aquo
1110 1017 1216 1081 lineae
1232 1018 1266 1080 in
1276 1036 1409 1079 omnem
1422 1024 1555 1098 partem

225 1098 282 1147 ’ῳ
300 1096 349 1131 “⁶⁴
395 1125 596 1207 procedant3
629 1125 688 1187 sed
714 1123 799 1187 tales
823 1121 932 1186 lineae
957 1133 1036 1186 sunt
1061 1122 1297 1187 semidiametri
1322 1122 1495 1204 sphaerae,
1519 1128 1555 1182 et

396 1250 461 1292 non
477 1240 619 1312 possunt
633 1226 801 1292 terminari
820 1227 881 1289 nisi
899 1227 942 1291 ad
964 1226 1171 1309 superficiem
1192 1226 1408 1310 sphaericam.
1464 1224 1554 1287 Item

394 1342 512 1397 natura
536 1332 614 1397 facit
636 1332 727 1414 quod
752 1330 869 1395 melius
893 1340 943 1394 est
966 1332 1009 1394 ad
1032 1330 1172 1395 salutem
1196 1332 1250 1407 rei,
1266 1342 1300 1395 et
1320 1331 1396 1394 ideo
1412 1328 1556 1410 acquirit

394 1438 456 1502 sibi
480 1438 631 1522 figuram,
654 1456 740 1519 quae
763 1437 866 1519 magis
890 1446 1045 1518 operatur
1068 1436 1110 1499 ad
1134 1436 1286 1499 salutem.
1336 1434 1405 1499 Sed
1433 1433 1556 1496 vicinia

395 1542 537 1626 partium
553 1542 586 1603 in
603 1551 677 1605 toto
693 1552 743 1605 est
759 1541 908 1603 maxime
922 1540 1092 1623 operativa
1107 1540 1222 1604 salutis
1237 1559 1350 1603 earum
1370 1548 1405 1601 et
1428 1537 1533 1601 totius
1548 1558 1555 1614 ;

394 1648 471 1729 quia
486 1646 601 1709 divisio
616 1655 650 1709 et
666 1646 836 1709 distractio
853 1666 966 1708 earum
982 1644 1081 1709 saluti
1102 1645 1248 1708 maxime
1263 1651 1444 1727 repugnat;
1467 1661 1554 1723 qua-

394 1760 531 1833 propter
544 1749 653 1812 omnis
668 1758 782 1813 natura
800 1750 972 1832 acquirens
987 1750 1049 1814 sibi
1067 1747 1205 1833 figuram
1219 1751 1263 1812 ex
1275 1769 1335 1811 sua
1347 1746 1556 1830 proprietate

394 1855 496 1919 debet
510 1874 669 1936 quaerere
683 1853 773 1917 illam
793 1873 879 1935 quae
896 1854 1044 1917 maxime
1059 1854 1161 1917 habet
1176 1854 1329 1918 viciniam
1351 1854 1497 1935 partium
1518 1852 1553 1913 in

396 1968 478 2033 toto,
502 1958 564 2020 nisi
591 1969 727 2040 propter
752 1978 884 2021 eausam
913 1957 1044 2021 finalem
1071 1968 1241 2041 repugnet.
1289 1956 1356 2022 Sed
1388 1957 1470 2019 haec
1501 1964 1554 2018 est

395 2063 574 2146 sphaerica,
588 2062 744 2145 quoniam
766 2083 881 2126 omnes
902 2073 1013 2145 partes
1037 2063 1111 2146 plus
1131 2063 1316 2127 vicinantur
1334 2062 1367 2125 in
1389 2081 1430 2123 ea
1448 2079 1554 2141 quam

396 2168 429 2229 in
456 2166 527 2245 alia,
553 2186 629 2229 cum
651 2187 718 2229 non
743 2165 910 2248 pellantur
934 2168 965 2231 in
992 2166 1132 2249 angulos
1157 2186 1217 2231 nec
1241 2167 1353 2243 latera,
1375 2166 1407 2228 in
1431 2165 1555 2247 quibus

394 2272 519 2335 distant
553 2282 664 2355 partes
700 2272 743 2335 ad
779 2272 939 2349 invicem3
977 2282 1180 2356 quapropter
1215 2271 1275 2334 lux
1305 2272 1459 2354 adquiret
1488 2269 1553 2333 sibi

395 2374 534 2457 figuram
559 2375 771 2458 sphaericam,
794 2376 878 2441 sicut
904 2385 1019 2460 guttae
1044 2378 1123 2439 roris
1149 2377 1332 2459 pendentes
1358 2396 1379 2438 a
1401 2374 1553 2439 terminis

395 2479 572 2543 herbarum
588 2456 793 2563 sphaericam
810 2482 872 2544 sibi
884 2481 1025 2562 figuram
1042 2481 1222 2563 acquirunt,
1234 2480 1386 2563 quamvis
1402 2480 1435 2542 in
1452 2480 1553 2544 rebus

395 2584 917 2667 animatis,propteroperationes
927 2585 1055 2648 animae
1065 2586 1182 2657 varias,
1193 2594 1326 2667 oportet
1338 2584 1428 2666 quod
1441 2582 1550 2667 ligura

394 2688 438 2751 sit
453 2690 632 2753 secundum
649 2689 852 2772 exigentiam
870 2690 1098 2773 operationum
1115 2689 1264 2765 animae3
1295 2698 1329 2753 et
1351 2689 1416 2752 hoc
1433 2688 1553 2752 volunt

394 2813 509 2857 omnes
528 2803 689 2858 auctores.
735 2793 876 2857 Possent
898 2804 1011 2858 autem
1035 2795 1176 2858 rationes
1199 2794 1252 2857 hic
1274 2792 1384 2857 induci
1407 2793 1450 2855 de
1473 2814 1553 2876 pro-

395 2898 593 2977 prietatibus
630 2897 755 2980 figurae
791 2898 1003 2981 sphaericae3
1043 2898 1101 2963 sed
1134 2899 1211 2981 quia
1244 2908 1322 2961 sunt
1355 2915 1554 2961 communes

395 3001 582 3084 figurationi
607 3002 747 3066 aliarum
770 3023 878 3066 rerum
903 3004 1080 3067 multarum
1103 3012 1137 3067 et
1159 3002 1311 3086 propriae
1335 3002 1467 3083 speciei,
1491 3022 1555 3067 nec

396 3116 447 3168 est
469 3124 603 3169 necesse
625 3107 727 3170 modo
749 3126 806 3170 eas
826 3107 946 3181 induci,
966 3107 1040 3169 ideo
1062 3115 1277 3190 pertranseo;
1303 3105 1437 3169 inferius
1459 3106 1552 3168 enirn

395 3209 481 3272 circa
518 3210 633 3273 mundi
670 3230 809 3293 corpora
847 3209 1019 3295 figuranda
1049 3211 1310 3275 considerabitur
1340 3210 1425 3273 ratio
1456 3209 1554 3273 istius

395 3312 530 3395 figurae.

227 3438 295 3486 How
305 3438 343 3487 sar
440 3414 507 3480 Sed
531 3417 565 3481 in
588 3419 780 3501 oppositum
804 3419 954 3503 arguitur
976 3419 1065 3503 quod
1089 3418 1150 3482 lux
1173 3419 1295 3483 cadens
1317 3438 1377 3501 per
1399 3418 1553 3482 foramen

226 3502 367 3619 ἓξὲξ,
396 3519 578 3604 oblongum
617 3523 668 3586 vel
707 3522 962 3605 multiangulum
1001 3524 1090 3588 cadit
1129 3524 1161 3587 in
1197 3522 1337 3605 figuram
1367 3523 1553 3587 secundum

226 3585 367 3711 aneqtedin
395 3624 625 3707 figurationem
648 3626 825 3704 foraminis,
841 3630 1016 3710 praecipue
1038 3628 1064 3690 si
1087 3628 1128 3691 sit
1151 3628 1356 3709 aliquantum
1381 3646 1554 3709 magnum,

225 3716 334 3830 {fflgffi
349 3782 380 3815 an
393 3729 470 3812 quia
485 3729 512 3791 si
527 3729 570 3793 sit
584 3730 682 3794 valde
703 3751 851 3814 parvum,
867 3740 947 3796 tunc
971 3732 1081 3796 lumen
1104 3732 1137 3794 in
1160 3730 1264 3814 figura
1287 3732 1376 3795 cadit
1396 3732 1555 3795 rotunda.

225 3832 315 3882 ⁰11⁶oe
396 3834 441 3897 Et
463 3834 639 3899 dicendum
663 3846 723 3915 est,
739 3837 831 3917 quod
855 3835 930 3901 licet
953 3837 985 3899 in
1009 3836 1165 3900 distantia
1186 3856 1288 3919 parva
1311 3856 1377 3899 non
1400 3836 1556 3917 acquirat

393 3939 454 4002 sibi
477 3937 616 4020 figuram
640 3940 796 4019 debitam,
819 3949 932 4003 tamen
955 3941 987 4003 in
1015 3939 1188 4005 sufficienti
1212 3940 1370 4004 distantia
1392 3940 1555 4021 acquiret.

394 4042 530 4125 Quanto
553 4042 640 4105 enim
665 4042 812 4107 foramen
839 4054 890 4108 est
916 4044 1031 4126 majus
1054 4054 1150 4108 tanto
1179 4045 1211 4108 in
1244 4032 1361 4126 majori
1390 4044 1557 4109 distantia

393 4146 542 4228 acquirit,
568 4148 646 4228 quia
676 4147 800 4212 scilicet
830 4148 971 4230 majores
1001 4134 1219 4213 dimensiones
1245 4146 1412 4211 foraminis
1440 4148 1556 4213 multi-

393 4249 487 4313 lateri
507 4252 612 4334 magis
629 4273 649 4315 a
672 4251 794 4317 circulo
815 4262 850 4316 et
872 4251 1014 4334 sphaera
1035 4252 1242 4338 elongantur.
1288 4251 1324 4316 Si
1339 4251 1426 4315 enim
1442 4254 1557 4335 paries

395 4355 427 4418 in
466 4365 597 4419 tantum
634 4378 654 4420 a
691 4355 850 4420 foramine
888 4357 1106 4440 elongaretur,
1136 4366 1298 4440 quantum
1328 4356 1475 4420 foramen
1507 4358 1557 4422 ab

394 4469 524 4542 agente,
540 4470 577 4524 ut
598 4481 619 4524 a
641 4460 720 4538 sole,
735 4461 788 4525 vel
810 4461 884 4541 alin,
901 4480 1033 4525 necesse
1055 4471 1106 4524 est
1129 4464 1218 4543 quod
1241 4460 1367 4542 species
1389 4458 1469 4523 solis
1493 4459 1559 4527 fiat

394 4565 542 4647 aequalis
557 4566 762 4650 proportioni
776 4568 855 4632 solis
869 4566 1097 4649 multiplicanti
1114 4567 1259 4651 speciem
1280 4564 1380 4645 illam,
1396 4574 1433 4629 ut
1456 4576 1560 4649 patet

878 4702 888 4733 ¹
907 4703 960 4753 See
971 4718 995 4765 p.
1009 4702 1066 4765 458.
