3542 5359
254 567 260 576 “
336 585 397 644 214
575 569 731 628 OPERIS
756 569 946 640 MAJORIS
969 569 1085 628 PARS
1108 567 1259 629 SEXTA.

758 849 978 918 Exanimem
1002 851 1067 950 Ill.

168 1001 293 1066 Improve
380 979 494 1046 Tertio
526 981 765 1064 exemplificari
801 991 914 1067 potest
949 981 1047 1065 hujus
1081 981 1240 1047 scientiae
1273 981 1418 1065 dignitas
1455 980 1488 1042 in

167 1067 481 1184 ffiffi‘alkimia.
539 1087 627 1150 Nam
665 1095 737 1150 tota
771 1107 824 1151 ars
857 1087 915 1150 illa
944 1089 1004 1150 vix
1036 1087 1171 1169 attingit
1203 1087 1246 1150 ad
1277 1085 1349 1164 hoc,
1380 1096 1417 1148 ut
1446 1085 1490 1148 de

169 1198 300 1264 Alchemy.
336 1190 511 1255 levioribus
527 1189 668 1255 metallis
683 1189 765 1255 fiant
781 1191 944 1255 veraciter
959 1190 1096 1272 majora,
1108 1202 1144 1254 ut
1154 1211 1269 1254 aurum
1286 1191 1330 1253 de
1341 1188 1488 1271 plumbo,

336 1303 370 1362 et
393 1302 567 1380 argentum
597 1295 639 1359 de
669 1315 781 1377 cupro.
826 1295 895 1360 Sed
926 1295 982 1360 illa
1014 1316 1068 1359 ars
1098 1315 1266 1378 nunquam
1296 1292 1416 1358 sufficit
1446 1293 1490 1356 ad

335 1399 579 1464 ostendendum
606 1399 729 1482 gradus
750 1399 820 1464 auri
847 1399 1014 1463 naturales
1041 1409 1074 1463 et
1098 1398 1283 1463 artificiales
1310 1410 1345 1462 ct
1370 1398 1490 1461 modos

337 1504 501 1585 graduum
538 1501 639 1568 istius.
708 1502 798 1568 Nam
835 1503 972 1567 selentia
1009 1503 1280 1586 experimentalis
1314 1512 1491 1584 utrumque

338 1605 498 1690 produxit
514 1600 547 1670 in
563 1607 679 1688 lucem,
697 1607 856 1689 quoniam
873 1616 908 1670 et
923 1609 1046 1690 gradus
1063 1607 1133 1672 auri
1148 1607 1283 1688 invenit,
1298 1617 1333 1672 et
1347 1615 1491 1689 quatuor

337 1711 501 1775 naturales
541 1719 576 1775 et
621 1713 738 1776 modos
778 1711 898 1776 horum
941 1711 1177 1794 septendecim,
1214 1721 1249 1776 et
1292 1710 1490 1776 artificiales.

339 1813 579 1897 Experimenta
612 1823 662 1879 est
696 1815 854 1898 possibile
890 1815 1026 1899 produci
1057 1825 1219 1898 quantum
1258 1815 1368 1898 placet
1404 1815 1491 1878 ultra

338 1917 454 2002 viginti
470 1929 620 2002 quatuor.
668 1918 724 1985 Sic
744 1941 813 2002 vas
829 1919 863 1982 in
886 1940 954 2003 quo
977 1919 1207 1984 continebatur
1226 1919 1341 2003 liquor,
1359 1921 1401 1984 de
1424 1940 1491 2002 quo

338 2021 501 2087 bubulcus
518 2023 625 2088 factus
641 2033 692 2087 est
707 2025 794 2108 regis
809 2024 950 2106 bajulus,
966 2025 1036 2088 auri
1052 2023 1158 2089 tenuit
1177 2023 1376 2108 dignitatem
1392 2021 1492 2104 longe

339 2126 426 2192 ultra
448 2127 563 2212 viginti
587 2138 738 2210 quatuor,
755 2137 792 2192 ut
811 2125 881 2209 ejus
906 2127 1060 2209 probatio
1082 2138 1116 2193 et
1139 2129 1281 2211 pretium
1303 2125 1490 2190 manifesta-

337 2240 466 2296 verunt.
512 2230 625 2314 Quum
642 2253 721 2296 vero
742 2231 793 2296 isti
808 2231 925 2315 viginti
941 2240 1083 2313 quatuor
1098 2232 1221 2315 gradus
1235 2231 1444 2295 inveniuntur
1459 2231 1492 2293 in

341 2355 449 2398 massa
462 2337 541 2415 auri,
556 2345 634 2400 tunc
653 2346 702 2400 est
717 2337 881 2418 optimum
898 2355 1015 2399 aurum
1031 2337 1122 2420 quod
1138 2344 1249 2420 potest
1264 2356 1324 2420 per
1338 2346 1491 2399 naturam

340 2437 498 2523 produci3
521 2460 623 2521 quum
645 2459 724 2504 vero
747 2451 825 2505 sunt
846 2437 960 2524 viginti
980 2451 1123 2523 quatuor
1142 2441 1265 2523 gradus
1288 2441 1359 2503 auri
1377 2449 1410 2503 et
1428 2459 1492 2502 una

340 2563 417 2626 pars
446 2544 573 2626 argenti
598 2543 650 2607 vel
676 2563 759 2608 unus
782 2546 917 2627 gradus,
944 2553 1021 2608 tunc
1049 2555 1102 2608 est
1127 2542 1224 2627 pejus
1249 2564 1366 2608 aurum
1391 2563 1491 2627 quam

339 2647 438 2731 prius,
454 2655 487 2712 et
503 2649 549 2711 sic
565 2647 656 2713 vadit
671 2647 847 2713 diminutio
861 2649 1026 2734 graduum
1043 2646 1113 2714 auri
1132 2669 1236 2730 usque
1254 2648 1296 2711 ad
1313 2647 1492 2724 sexdecim,

339 2762 501 2836 quatenus
530 2763 607 2819 octo
640 2765 717 2817 sunt
747 2755 870 2838 gradus
900 2753 969 2818 auri
999 2773 1076 2816 cum
1113 2753 1321 2818 admixtione
1352 2753 1492 2836 argenti.

339 2857 455 2921 Virtus
480 2879 557 2921 vero
581 2858 744 2922 mineralis
766 2859 799 2921 in
825 2868 941 2922 ventre
967 2866 1075 2921 terrae
1092 2878 1157 2922 non
1181 2867 1293 2940 potest
1312 2857 1493 2940 aliquando

340 2961 487 3044 digerere
518 2963 692 3026 materiam
726 2973 761 3026 et
790 2973 942 3027 naturam
973 2963 1054 3039 auri,
1086 2970 1121 3026 et
1153 2959 1231 3025 facit
1261 2961 1351 3043 quod
1381 2968 1493 3045 potest

340 3066 492 3147 digerens
508 3085 582 3129 eam
599 3066 631 3129 in
647 3065 788 3130 formam
811 3066 948 3148 argenti.
994 3065 1040 3129 Et
1064 3086 1105 3129 ne
1124 3064 1204 3129 illud
1224 3065 1347 3149 fingam
1369 3086 1412 3128 ex
1429 3084 1492 3143 me,
1510 3113 1514 3120 .

341 3169 551 3233 inveniuntur
576 3169 726 3233 homines
753 3171 785 3233 in
819 3169 969 3253 pluribus
996 3170 1147 3254 partibus
1177 3171 1302 3250 mundi,
1323 3168 1380 3251 qui
1412 3170 1494 3232 istos

341 3273 511 3337 sexdecim
537 3275 655 3338 modos
677 3274 748 3356 apti
771 3285 848 3338 sunt
868 3294 1037 3359 generare,
1053 3283 1088 3338 et
1113 3274 1309 3338 invenerunt
1333 3271 1437 3336 frusta
1458 3282 1494 3336 et

342 3397 468 3440 massas
497 3377 578 3458 auri,
601 3379 783 3442 secundum
810 3377 891 3442 istos
914 3377 1160 3462 septendecim
1194 3377 1313 3442 deinde
1338 3397 1493 3461 procura-

340 3489 459 3544 verunt
482 3477 551 3544 fieri
577 3480 772 3546 mixtionem
797 3483 925 3564 argenti
945 3493 980 3547 et
1003 3482 1089 3546 aeris
1110 3502 1186 3546 cum
1212 3502 1293 3546 auro
1312 3482 1493 3546 secundum

342 3585 460 3648 modos
483 3585 677 3667 praedictos,
704 3595 741 3650 ut
765 3585 870 3650 frusta
898 3585 1060 3651 haberent
1082 3586 1153 3649 auri
1177 3584 1391 3650 artificialiter
1415 3584 1493 3649 iacti

341 3690 578 3772 septendecim,
593 3710 652 3773 per
675 3711 761 3773 quae
780 3700 984 3776 cognoscant
1003 3692 1120 3756 modos
1136 3690 1205 3754 auri
1221 3689 1395 3754 naturales
1448 3689 1494 3753 Et

340 3793 419 3875 quia
447 3792 528 3856 haec
559 3814 612 3857 ars
642 3794 814 3876 ignoratur
835 3816 855 3860 a
877 3796 979 3878 vulgo
1012 3815 1128 3860 eorum
1158 3793 1215 3877 qui
1244 3814 1326 3857 auro
1356 3794 1494 3872 inhiant,

341 3905 475 3980 oportet
498 3897 588 3980 quod
616 3899 813 3982 multiplices
839 3899 971 3962 fraudes
995 3897 1078 3962 fiant
1102 3899 1135 3960 in
1159 3898 1222 3962 hoc
1244 3899 1380 3962 mundo.
1427 3898 1495 3960 Ars

341 4052 477 4114 physician
486 4052 568 4114 thirty
574 4065 653 4114 years
660 4067 719 4114 ago,
725 4052 833 4116 looking
839 4061 866 4102 at
874 4053 998 4120 amos
1002 4053 1047 4102 the
1056 4054 1158 4103 disense
1164 4069 1225 4102 now
1232 4051 1315 4102 called
1323 4052 1496 4115 hlyxoedema

342 4131 439 4194 (which
450 4137 572 4194 precenta
583 4145 662 4193 many
671 4133 702 4180 ol
708 4132 753 4181 the
764 4147 941 4195 appearanoes
951 4131 983 4180 of
989 4141 1136 4194 prematuoe
1143 4132 1186 4180 old
1194 4135 1266 4193 ege),
1274 4132 1363 4181 would
1373 4140 1421 4181 not
1427 4132 1496 4182 heve

340 4211 432 4260 seniled
447 4225 481 4258 on
499 4210 609 4272 hearing
624 4211 680 4258 that
696 4211 715 4258 it
732 4210 813 4272 might
828 4210 861 4258 be
877 4210 995 4259 amted
1011 4226 1042 4260 or
1055 4227 1122 4259 even
1136 4211 1216 4259 cured
1231 4211 1267 4272 by
1279 4211 1446 4274 swollowing
1461 4228 1496 4261 en

341 4295 442 4337 extract
457 4289 522 4337 from
540 4289 585 4337 the
601 4289 708 4350 thyroid
724 4289 801 4350 gland
819 4288 849 4336 os
861 4303 878 4336 e
893 4289 992 4350 sheepl
1025 4288 1090 4338 This
1106 4289 1194 4338 would
1210 4289 1244 4338 be
1260 4288 1390 4351 precisely
1401 4305 1453 4338 one
1470 4290 1500 4339 oi

341 4367 387 4416 the
402 4381 477 4416 cases
493 4369 604 4416 covered
622 4367 657 4428 by
670 4365 782 4416 Beeon’s
793 4368 891 4416 soeoud
903 4369 1070 4431 promptim:
1087 4386 1102 4419 a
1114 4368 1251 4429 discovery
1262 4367 1338 4416 mede
1348 4369 1440 4417 within
1451 4370 1497 4418 the

339 4444 419 4494 limita
435 4445 466 4493 ol
477 4446 521 4494 the
536 4445 639 4494 seleuce
655 4445 685 4494 ol
697 4446 833 4504 medicine,
847 4447 893 4494 but
906 4446 1009 4494 arrived
1022 4454 1050 4495 at
1065 4446 1290 4509 experimentally,
1302 4447 1353 4494 and
1369 4447 1496 4510 indepen-

339 4523 431 4584 dently
441 4523 472 4570 os
480 4523 588 4572 medical
600 4523 739 4584 principles
750 4523 862 4573 hitherto
874 4524 1036 4586 recognized.
1064 4524 1230 4574 Vaccinatiou
1241 4524 1331 4573 would
1342 4525 1375 4573 be
1385 4527 1498 4575 another

339 4599 464 4650 instance.
