3542 5359
610 632 726 691 anns
749 630 912 690 PRIMA:
948 628 1037 689 cna.
1064 628 1087 686 1.
1365 642 1426 704 413

274 793 395 859 coloris
407 804 440 860 et
450 794 522 859 soni
530 805 564 858 et
575 795 680 858 omnis
692 795 853 858 sensibilis
869 803 920 858 est
936 813 1002 856 non
1018 791 1202 856 coloratum
1215 798 1249 856 et
1264 789 1425 854 absonum

274 908 308 964 et
330 918 445 963 carens
468 897 593 964 naturis
614 899 817 965 sensibilium
836 900 879 963 de
908 919 952 976 se,
978 910 1016 963 ut
1031 897 1176 960 medium
1200 905 1233 960 et
1262 911 1425 976 organum

273 1003 458 1082 sentiendi;
479 1003 593 1068 volens
616 1025 675 1087 per
699 1004 764 1069 boc
793 1003 884 1086 quod
910 1003 1055 1066 medium
1080 1012 1113 1065 et
1131 1020 1247 1064 sensus
1268 999 1426 1079 recipiant

275 1107 420 1171 colorem
442 1116 476 1170 et
494 1127 611 1171 sonum
632 1117 670 1172 ut
690 1109 848 1190 recipiant
867 1108 994 1190 species
1015 1106 1156 1179 illorum,
1172 1114 1206 1167 et
1226 1103 1272 1168 sic
1290 1104 1333 1166 de
1355 1103 1425 1166 aliis

274 1211 448 1295 speciebus
469 1213 691 1291 sensibilium;
722 1224 756 1277 et
779 1214 854 1276 ideo
883 1212 1008 1295 species
1032 1211 1075 1275 de
1098 1229 1164 1291 qua
1186 1209 1238 1274 hic
1260 1206 1428 1290 loquimur

275 1327 326 1379 est
341 1316 454 1379 similis
469 1317 581 1398 agenti
596 1317 629 1379 in
646 1327 762 1380 natura
778 1315 932 1399 specifica
947 1325 981 1381 et
997 1314 1198 1379 definitione.

320 1419 355 1484 Si
374 1419 472 1503 igitur
490 1429 607 1484 contra
621 1421 686 1486 hoc
707 1421 894 1503 objiciatur,
908 1420 999 1502 quod
1018 1430 1098 1483 tunc
1118 1418 1244 1501 species
1264 1417 1344 1482 solis
1364 1416 1427 1480 erit
1440 1427 1598 1492 Thespeeies

276 1523 338 1599 sol,
354 1532 387 1588 et
410 1525 536 1608 species
558 1525 699 1588 hominis
719 1526 828 1602 homo,
843 1536 877 1589 et
898 1526 944 1590 sic
966 1527 1010 1590 de
1032 1524 1184 1589 omnibus
1206 1521 1315 1599 rebuS,
1336 1521 1426 1602 quod
1440 1509 1544 1609 {eff

276 1629 411 1692 omnino
437 1628 618 1693 absurdum
641 1637 712 1708 est;
741 1631 915 1694 dicendum
941 1631 1033 1713 quod
1057 1631 1120 1693 ista
1151 1627 1292 1705 nomina,
1316 1626 1427 1702 homo,
1441 1625 1553 1756 {tegendos

275 1730 336 1807 sol,
358 1733 480 1811 asinus,
502 1733 627 1815 planta,
649 1745 683 1798 et
708 1734 911 1817 hujusmodi,
934 1736 1153 1819 imponuntur
1174 1733 1271 1796 rebus
1298 1730 1331 1794 in
1356 1751 1428 1792 esse
1441 1758 1525 1822 being.

276 1836 452 1921 completo,
475 1848 509 1902 et
539 1839 614 1903 ideo
645 1859 712 1902 non
743 1841 897 1904 dicuntur
927 1841 969 1904 de
999 1839 1061 1903 illis
1091 1857 1177 1921 quae
1204 1836 1329 1900 habent
1355 1854 1428 1900 esse

275 1941 522 2025 incompletum‚
545 1943 696 2024 quamvis
719 1945 786 2007 sint
808 1943 956 2026 ejusdem
977 1944 1157 2016 essentiae;
1182 1950 1219 2005 ut
1237 1940 1375 2021 embryo
1395 1939 1428 2002 in

274 2055 391 2110 ventre
407 2050 522 2112 matris
537 2068 603 2111 non
623 2049 743 2114 dicitur
758 2049 868 2123 homo,
885 2059 919 2113 et
940 2049 1085 2112 maxime
1108 2057 1187 2111 ante
1206 2045 1428 2128 receptionem

276 2150 405 2214 animae
429 2151 656 2216 intellectivae.
703 2152 750 2216 Et
772 2164 884 2216 tamen
908 2163 1086 2235 postquam
1110 2151 1254 2214 essentia
1277 2148 1429 2212 animalis

276 2264 516 2320 transmutatur
535 2265 570 2319 et
592 2268 814 2340 promovetur,
829 2267 868 2321 ut
890 2257 949 2321 fiat
971 2257 1099 2339 species
1121 2253 1275 2330 humana,
1294 2263 1429 2336 oportet

276 2359 367 2440 quod
384 2360 427 2423 sit
448 2371 641 2426 renovatum
660 2361 746 2425 ultra
768 2363 945 2426 essentiam
966 2361 1101 2443 generis,
1118 2368 1297 2441 antequam
1318 2358 1429 2420 anima

277 2462 447 2527 rationalis
470 2462 662 2529 infundatur
688 2476 723 2530 et
748 2467 792 2530 sit
816 2468 859 2530 de
890 2475 1006 2530 natura
1029 2465 1178 2538 hominis
1204 2464 1282 2546 quia
1312 2472 1428 2526 natum

278 2576 329 2630 est
355 2566 499 2650 recipere
521 2563 666 2632 animam
692 2570 896 2648 rationalem,
920 2582 954 2634 et
985 2591 1049 2634 non
1076 2569 1223 2634 animam
1249 2568 1340 2643 asini,
1367 2585 1427 2630 nec

278 2671 387 2733 aliam.
432 2672 511 2735 Non
529 2673 628 2755 igitur
647 2674 784 2739 dicimus
799 2677 890 2756 quod
907 2675 986 2738 illud
1008 2675 1050 2739 sit
1068 2674 1181 2751 homo,
1196 2683 1232 2738 et
1248 2681 1359 2737 tamen
1378 2681 1429 2735 est

277 2774 310 2837 in
326 2775 436 2856 specie
450 2775 603 2852 hominis,
618 2779 676 2841 sed
692 2779 873 2842 secundum
889 2799 961 2843 esse
980 2777 1228 2860 incompletum.
1274 2775 1431 2840 Similiter

277 2899 358 2943 vero
376 2880 515 2944 dicimus
531 2882 573 2944 de
588 2883 698 2965 specie
715 2882 868 2956 hominis,
888 2903 975 2965 quae
991 2893 1041 2946 est
1060 2880 1241 2946 similitudo
1256 2880 1327 2962 ejus
1342 2880 1432 2944 facta

277 2983 311 3046 in
335 3005 410 3048 aere
432 2985 476 3048 ab
499 3006 557 3060 c0;
582 3006 647 3050 non
670 2987 757 3049 enirn
781 2996 830 3050 est
853 2987 967 3066 homo,
986 2987 1064 3068 quia
1087 2986 1189 3050 habet
1211 3005 1285 3049 esse
1306 2985 1430 3048 incom-

279 3087 496 3172 pletissimum
516 3091 605 3171 quod
627 3100 739 3172 potest
760 3091 897 3154 inveniri
921 3090 953 3153 in
975 3090 1085 3174 specie
1109 3089 1263 3167 hominis
1278 3099 1312 3153 et
1332 3088 1431 3170 longe

278 3192 512 3275 incompletius
534 3213 636 3275 quam
658 3195 798 3276 embryo
826 3204 906 3259 ante
932 3195 1156 3277 receptionem
1180 3193 1307 3257 animae
1329 3193 1431 3256 ratio-

280 3297 363 3361 nalis
378 3318 386 3375 ;
409 3297 488 3379 quia
505 3299 645 3380 embryo
663 3298 822 3380 compleri
845 3308 957 3381 potest
971 3299 1003 3362 in
1019 3297 1198 3374 hominem,
1213 3297 1339 3379 species
1353 3317 1432 3360 vero

279 3420 503 3484 nequaquam.
549 3401 596 3467 Et
618 3403 892 3468 considerandum
915 3413 974 3482 est,
990 3404 1080 3486 quod
1103 3404 1269 3486 quaedam
1292 3411 1432 3484 possunt

278 3505 385 3570 iacere
412 3505 513 3571 sortes
539 3509 676 3591 species,
699 3520 736 3572 ut
758 3509 858 3586 color,
877 3520 912 3573 et
935 3508 1003 3586 lux,
1024 3517 1058 3573 et
1084 3508 1183 3584 calor,
1207 3516 1241 3570 et
1267 3507 1432 3589 quaedam

278 3608 427 3688 talia'ut
449 3623 638 3694 exponetur
660 3621 786 3695 postea.
832 3612 901 3677 Sed
929 3633 979 3677 res
1003 3622 1129 3696 quanto
1156 3613 1222 3676 sint
1245 3611 1432 3690 nobiliores,

279 3723 318 3778 ut
348 3713 503 3778 coelestia
532 3725 567 3780 et
596 3716 698 3780 homo
729 3727 763 3782 et
793 3716 992 3799 hujusmodi,
1021 3727 1116 3782 tanto
1147 3716 1432 3800 incompletiorem

281 3817 406 3883 iaciunt
442 3820 598 3903 speciem.
654 3820 758 3902 Cujus
788 3841 887 3886 causa
917 3822 1051 3886 dabitur
1080 3820 1222 3884 inferius.
1279 3820 1323 3884 Et
1358 3822 1433 3884 ideo

281 3924 407 4005 species
422 3922 541 3985 coloris
558 3933 592 3986 et
608 3923 689 3988 lucis
704 3935 738 3989 et
755 3925 871 3988 caloris
889 3927 996 4009 magis
1011 3935 1122 4010 potest
1138 3924 1203 3989 dici
1218 3922 1278 3987 lux
1295 3935 1329 3988 et
1344 3923 1434 3988 calor

279 4026 332 4090 vel
349 4026 448 4104 color,
464 4047 565 4109 quam
580 4027 706 4110 species
721 4027 801 4094 solis
815 4029 870 4094 vel
884 4029 1026 4095 hominis
1042 4028 1171 4094 dicatur
1188 4027 1290 4091 homo
1303 4027 1357 4092 vel
1372 4027 1433 4091 sol.

283 4129 424 4216 Semper
444 4141 557 4196 tamen
580 4132 640 4198 erit
661 4132 810 4214 ejusdem
833 4145 970 4199 naturae
994 4131 1176 4216 specificae,
1199 4136 1257 4198 sed
1277 4133 1340 4197 sub
1362 4153 1435 4198 esse

283 4235 590 4319 incompletissimo,
613 4247 646 4301 et
674 4238 868 4319 impossibili
894 4240 937 4303 ad
966 4238 1269 4322 complementum3
1301 4247 1435 4321 propter

286 4341 377 4422 quod
395 4359 459 4402 non
477 4341 592 4422 recipit
608 4359 730 4404 nornen
746 4343 837 4424 quod
853 4363 925 4406 esse
940 4341 1148 4425 completiori
1165 4350 1215 4405 est
1233 4342 1435 4424 impositum.

328 4445 384 4508 Ex
400 4464 469 4526 quo
483 4445 632 4526 sequitur
647 4447 793 4510 secunda
807 4447 937 4524 veritas,
950 4444 1042 4529 quod
1057 4444 1262 4527 impossibile
1278 4457 1329 4510 est
1344 4447 1434 4528 quod
1447 4453 1514 4518 Only
1525 4453 1568 4504 the

284 4548 328 4614 sit
343 4546 483 4613 effectus
499 4548 616 4612 similis
630 4552 742 4633 agenti
759 4551 792 4614 in
810 4552 964 4624 essentia,
979 4551 1041 4614 nisi
1059 4570 1164 4627 unus3
1187 4560 1220 4614 et
1235 4549 1289 4614 hic
1299 4561 1437 4616 vocatur
1448 4519 1584 4636 {ffi‘effoet

283 4654 421 4738 primus,
438 4662 472 4717 et
487 4662 624 4718 vocatur
643 4655 811 4732 univocus,
826 4664 861 4720 et
875 4655 946 4738 ejus
961 4655 1130 4739 generatio
1151 4655 1271 4721 dicitur
1287 4655 1436 4721 univoca.
1449 4652 1560 4719 agentis
