3542 5359
384 602 578 661 MORALIS
602 601 920 660 PHILOSOPHIA:
955 601 1070 660 PARS
1094 602 1277 674 QUARTA.
1348 617 1405 679 371

259 763 292 824 in
305 761 371 828 fide
381 763 568 830 Christiana
579 765 725 842 stabunt,
737 765 814 830 licet
823 785 900 829 cum
912 764 1107 830 difficultate
1120 775 1255 849 propter
1266 765 1407 828 furorem

258 872 505 949 persecutionis.
551 870 622 936 Sex
644 871 744 954 igitur
763 880 841 934 sunt
861 870 952 952 leges
970 871 1152 936 secundum
1170 871 1255 934 hanc
1273 869 1409 934 distinc-

259 973 386 1038 tionem
407 985 441 1039 et
460 997 522 1040 sex
543 977 724 1039 secundum
740 975 891 1058 priorem,
908 997 1010 1059 penes
1031 974 1246 1058 voluptatem,
1266 974 1409 1050 divitias,

259 1076 430 1158 honorem,
459 1080 653 1162 potentiam,
686 1078 820 1155 famam,
848 1099 889 1144 ac
928 1078 1118 1144 felicitatem
1156 1078 1290 1142 alterius
1321 1079 1410 1140 vitae

260 1181 421 1263 neglectis
435 1184 487 1248 his
502 1183 599 1247 bonis
614 1183 862 1267 temporalibus.

304 1284 411 1368 Atqui
428 1288 578 1370 superius
589 1286 611 1363 ¹,
628 1288 661 1350 in
678 1288 927 1371 comparatione
949 1287 1208 1352 Mathematicae
1229 1288 1271 1350 ad
1294 1285 1410 1351 Eccle-
1424 1297 1569 1346 Connexion

260 1389 354 1464 siam,
377 1393 547 1457 revolutae
569 1404 646 1458 sunt
668 1404 780 1458 sectae
808 1392 991 1457 secundum
1014 1394 1085 1457 vias
1110 1393 1353 1469 Astronomiae,
1377 1401 1412 1455 et
1423 1362 1453 1414 ⁰¹
1461 1362 1529 1440 ,Μ

1494 1444 1539 1476 ons

260 1494 416 1561 inventae
445 1507 523 1561 sunt
552 1518 624 1576 sex,
656 1506 694 1561 ut
724 1497 781 1561 lex
811 1495 958 1576 Saturni,
987 1496 1043 1560 lex
1074 1498 1201 1576 Martis,
1228 1496 1283 1560 lex
1315 1429 1494 1570 Solisllllff

262 1598 319 1661 lex
333 1599 481 1679 Veneris,
497 1602 553 1664 lex
570 1601 737 1679 Mercurii,
758 1601 814 1664 lex
831 1601 958 1665 Lunae.
1003 1601 1298 1685 Qualitercumque
1314 1601 1414 1683 igitur
1426 1561 1567 1676 fflffiffis

262 1713 369 1768 sectas
398 1705 651 1788 distinguamus,
673 1706 879 1768 inveniemus
908 1725 1039 1788 semper
1068 1727 1139 1770 sex.
1186 1705 1275 1772 Nam
1305 1705 1413 1788 prima

263 1818 297 1872 ct
327 1809 517 1891 principalis
545 1809 716 1874 distinctio
745 1810 826 1872 haec
849 1819 901 1873 est
923 1830 1026 1892 penes
1055 1810 1225 1892 planetas3
1254 1810 1297 1874 ad
1323 1808 1412 1873 illam

263 1922 445 1995 sequuntur
466 1912 558 1987 aliae,
587 1914 743 1994 quoniam
773 1913 927 1979 coelestis
951 1916 1054 1978 virtus
1081 1914 1217 1978 inclinat
1243 1913 1412 1978 hominem

263 2016 306 2078 ad
338 2017 449 2099 legum
479 2019 733 2102 susceptionem,
759 2029 817 2082 aut
849 2019 996 2096 omnino,
1020 2028 1078 2082 aut
1108 2028 1145 2082 ut
1178 2017 1330 2098 multum,
1355 2027 1414 2082 aut

264 2131 301 2184 ut
334 2121 462 2185 facilius
490 2123 720 2204 suscipiantur.
776 2123 865 2186 Nam
899 2123 976 2188 licet
1006 2123 1117 2186 anima
1147 2121 1316 2187 rationalis
1347 2142 1413 2186 non

265 2227 396 2307 cogitur
417 2226 461 2289 ad
483 2225 585 2305 aliud,
601 2237 724 2305 tamen,
744 2237 781 2291 ut
801 2227 951 2310 superius
972 2238 1022 2292 est
1037 2226 1251 2304 verificatum,
1272 2226 1412 2290 multum

265 2331 426 2393 alteratur
447 2331 639 2413 complexio
659 2330 804 2396 hominis
822 2331 865 2393 ad
887 2331 1050 2408 scientias,
1066 2332 1109 2394 ad
1131 2350 1238 2395 mores
1257 2341 1291 2394 et
1311 2331 1413 2414 leges,

265 2435 385 2516 quibus
407 2435 657 2499 alterationibus
679 2437 789 2499 anima
817 2437 984 2500 excitatur
1007 2437 1039 2499 in
1062 2446 1222 2519 quantum
1246 2444 1296 2500 est
1321 2446 1414 2499 actus

266 2539 423 2623 corporis,
432 2550 466 2603 et
476 2539 799 2604 inducituradactus
809 2541 962 2621 publicos
973 2549 1007 2604 et
1016 2541 1160 2624 privatos
1169 2561 1227 2624 per
1235 2540 1413 2604 coelestem

267 2643 558 2720 constellationem,
572 2644 665 2707 salva
680 2645 713 2706 in
734 2643 890 2708 omnibus
905 2645 1031 2708 arbitrii
1047 2643 1198 2708 libertate
1208 2642 1228 2708 ².
1275 2644 1321 2709 Et
1337 2645 1415 2706 inde

266 2747 386 2812 accidit
425 2750 527 2831 quod,
563 2749 745 2813 secundum
790 2749 1040 2831 conjunctiones
1083 2748 1177 2829 Jovis
1222 2768 1297 2812 curn
1342 2748 1415 2813 aliis

267 2852 419 2936 planetis,
433 2875 495 2917 sex
507 2853 656 2917 oriuntur
666 2854 699 2916 in
711 2854 866 2918 cordibus
880 2853 1052 2917 hominurn
1064 2853 1289 2917 innovationes
1304 2850 1415 2935 legum

267 2965 302 3022 et
331 2958 615 3035 consuetudinum,
646 2958 731 3021 sicut
759 2958 909 3040 superius
939 2967 988 3021 est
1021 2966 1183 3021 notatum.
1230 2957 1275 3020 Et
1306 2957 1416 3040 plures

268 3070 378 3125 sectae
393 3081 458 3123 non
475 3071 613 3144 possunt
630 3082 704 3126 esse
719 3062 780 3126 nisi
794 3081 875 3137 sex3
898 3071 933 3126 et
950 3061 1129 3144 aliquando
1151 3062 1305 3126 homines
1320 3061 1416 3125 unius

268 3176 377 3230 sectae
401 3165 560 3230 inclinant
582 3186 618 3229 se
640 3166 683 3229 ad
709 3175 835 3230 sectam
861 3165 1007 3240 alterius,
1028 3176 1163 3250 propter
1190 3165 1416 3230 fortitudinem

268 3269 538 3349 constellationis,
553 3281 587 3335 et
602 3270 783 3353 aliquando
798 3280 931 3334 mutant
945 3281 1070 3334 sectam
1088 3271 1254 3353 propriam
1273 3270 1416 3348 omnino,

268 3375 320 3437 vel
358 3374 586 3458 principaliter,
618 3375 669 3439 vel
708 3376 846 3438 miscent
883 3376 1089 3440 conditiones
1122 3376 1259 3440 alterius
1298 3386 1418 3454 sectae,

268 3481 450 3544 secundum
481 3482 572 3561 quod
602 3481 751 3545 diversae
776 3481 1045 3544 constellationes
1071 3491 1256 3546 occurrunt.
1303 3482 1348 3545 Et
1371 3482 1418 3545 sic

269 3583 390 3648 accidit
419 3585 510 3665 quod
541 3583 625 3648 fiunt
654 3594 763 3648 sectae
792 3585 997 3668 compositae
1027 3605 1071 3648 ex
1102 3587 1252 3668 partibus
1275 3585 1419 3671 plurium

270 3698 444 3751 sectarum.
506 3688 595 3751 Nam
631 3688 786 3753 Saraceni
816 3688 894 3754 licet
928 3689 1151 3773 principaliter
1181 3700 1317 3755 utuntur
1346 3688 1420 3772 lege

270 3792 430 3869 Veneres,
449 3800 563 3854 tamen
584 3792 721 3856 miscent
745 3793 886 3857 multum
910 3794 952 3857 de
974 3794 1047 3878 lege
1069 3794 1272 3875 Judaeorum
1293 3804 1327 3857 et
1348 3793 1421 3877 lege

273 3895 469 3969 Christiana,
507 3896 663 3976 quoniam
709 3897 807 3961 variis
851 3898 1118 3980 baptismatibus,
1163 3898 1248 3961 sicut
1291 3897 1421 3978 Judaei‚

273 4009 417 4073 utuntur,
433 4008 466 4061 et
481 3998 648 4065 sacrificiis
668 4000 895 4064 consimilibus
910 4003 944 4064 in
968 4011 1071 4085 parte.
1117 3999 1286 4065 Christum
1307 4011 1419 4064 autem

272 4104 387 4167 dicunt
411 4103 531 4166 Filium
550 4102 706 4186 Virginis,
726 4115 760 4167 et
784 4106 969 4168 maximum
996 4104 1232 4188 prophetarum
1257 4114 1291 4169 et
1317 4103 1421 4169 multa

274 4207 476 4290 Evangelica
498 4207 587 4272 dicta
610 4209 754 4272 retinent
777 4209 810 4273 in
833 4230 894 4273 sua
916 4209 999 4293 lege,
1022 4219 1056 4273 et
1086 4228 1202 4272 omnes
1233 4209 1423 4273 desiderant

274 4315 357 4378 mori
373 4324 480 4377 morte
493 4311 758 4378 Christianorum
770 4340 778 4392 ;
798 4315 883 4377 sicut
897 4315 929 4377 in
940 4315 1166 4397 disputatione
1181 4333 1283 4397 quarn
1295 4313 1421 4377 habue-

275 4427 350 4481 runt
373 4436 450 4480 cum
468 4414 663 4481 Christianis
686 4428 720 4482 et
737 4418 927 4482 Idololatris
950 4438 1060 4482 coram
1084 4438 1205 4502 magno
1226 4419 1423 4500 imperatore

272 4522 486 4586 Tartaromm
502 4519 639 4604 professi
654 4532 740 4600 sunt,
755 4531 793 4585 ut
810 4523 843 4585 in
867 4522 953 4586 libro
976 4523 1017 4586 de
1040 4522 1186 4586 moribus
1208 4522 1422 4585 Tartarorum

373 4658 382 4690 ¹
400 4657 453 4708 See
463 4657 513 4708 vol.
527 4657 545 4709 i.
556 4673 600 4722 pp.
613 4661 737 4723 254-469
833 4729 856 4792 b
1007 4660 1017 4691 ¹
1034 4660 1076 4710 Cf.
1088 4659 1139 4710 vol.
1151 4659 1167 4709 i
1180 4675 1223 4723 pp.
1234 4661 1358 4722 246-252.

795 4743 818 4792 B
873 4747 892 4794 2
