3542 5359
357 643 416 706 186
594 647 749 707 OPERIS
773 647 962 720 MAJORIS
985 648 1100 708 PARS
1124 649 1274 709 SEXTA.

355 809 513 875 accedere
528 810 571 875 ad
587 831 626 875 ea
640 810 737 875 valde
751 810 915 889 velociter,
931 812 959 876 si
974 808 1062 876 sint¹
1078 821 1155 896 post
1170 811 1271 893 illam,
1286 811 1339 876 vel
1355 813 1508 877 recedere

355 913 383 976 si
398 913 485 978 sint1
501 923 587 978 ante.

185 1028 288 1080 similar
401 1015 509 1082 Item²
524 1039 584 1102 per
596 1018 837 1102 experientiam
852 1018 1075 1102 scimusquod
1091 1016 1152 1099 sol,
1161 1029 1298 1102 propter
1312 1019 1507 1085 distantiam

185 1102 323 1211 {ffl’ffis
356 1123 539 1186 maximam
569 1142 590 1185 a
620 1123 717 1188 nobis
747 1142 849 1206 quam
881 1143 949 1186 non
981 1142 1157 1205 possumus
1188 1123 1347 1206 judicare,
1376 1124 1509 1188 videtur

184 1227 291 1277 theson.
355 1247 486 1310 semper
517 1246 589 1290 esse
620 1228 653 1290 in
685 1228 805 1292 eadem
843 1227 999 1291 distantia
1033 1226 1174 1310 fugienti
1205 1238 1282 1293 ante
1314 1229 1443 1310 ipsum3
1473 1237 1510 1292 et

355 1340 491 1415 propter
505 1330 569 1395 hoc
591 1330 722 1395 videtur
743 1331 833 1413 quod
860 1331 909 1396 sol
934 1330 1084 1413 sequitur
1106 1330 1297 1415 fugientem,
1312 1333 1391 1414 quia
1415 1329 1510 1395 aliter

355 1436 470 1499 eadem
486 1435 643 1499 distantia
660 1455 726 1499 non
743 1435 956 1517 judicaretur.
1004 1435 1050 1500 Et
1065 1433 1215 1499 similiter
1230 1436 1366 1517 quando
1381 1435 1509 1500 accedit

354 1559 468 1604 versus
488 1539 603 1619 solem,
624 1539 756 1604 videtur
778 1540 869 1623 quod
895 1538 945 1604 sol
970 1538 1076 1622 fugiat
1093 1547 1171 1602 ante
1188 1557 1265 1602 eum
1286 1550 1422 1622 propter
1443 1540 1509 1604 hoc

355 1644 445 1725 quod
471 1652 608 1726 apparet
634 1663 767 1726 semper
791 1644 824 1706 in
850 1644 969 1708 eadem
996 1643 1174 1720 distantia;
1204 1661 1290 1726 quae
1313 1643 1511 1726 apparentia

355 1745 473 1810 salvari
490 1767 556 1811 non
569 1756 681 1828 potest
697 1747 758 1810 nisi
775 1748 866 1811 visus
878 1746 1007 1829 judicet
1022 1746 1126 1811 solem
1144 1746 1268 1810 moveri
1284 1755 1363 1811 ante
1378 1768 1424 1811 se.
1463 1747 1510 1810 Et

355 1849 547 1932 hujusmodi
563 1860 691 1915 motum
707 1861 925 1935 apparentem
941 1851 1094 1914 videmus
1109 1849 1293 1933 manifeste,
1309 1852 1443 1933 quando
1458 1849 1509 1913 sol

356 1955 475 2020 transit
505 1976 603 2038 super
628 1975 763 2019 nemora
788 1956 840 2019 vel
867 1966 998 2019 caetera
1024 1955 1153 2018 elevata
1180 1955 1214 2017 in
1240 1975 1363 2018 aerea
1390 1954 1509 2037 quibus

357 2060 491 2136 recedit,
510 2060 564 2123 vel
587 2061 735 2143 adquae
760 2059 898 2124 accedit.
944 2059 1032 2122 ltem
1054 2059 1178 2122 scimus
1196 2060 1286 2141 quod
1309 2058 1358 2121 sol
1379 2058 1511 2121 videtur

356 2185 427 2229 esse
443 2164 476 2226 in
493 2164 620 2228 directo
636 2162 828 2248 aspicientis
843 2172 877 2227 et
893 2173 1033 2247 apparet
1048 2163 1173 2226 moveri
1189 2162 1459 2246 aequidistanter,
1476 2171 1510 2225 et

355 2268 420 2332 hoc
434 2277 572 2352 propter
586 2267 850 2350 superfluitatem
866 2267 1053 2332 distantiae.
1098 2265 1146 2331 Et
1160 2275 1296 2349 propter
1305 2266 1369 2330 hoc
1378 2285 1511 2348 semper

355 2383 495 2456 apparet
510 2372 559 2436 sol
576 2373 608 2435 in
624 2373 817 2456 oppositum
832 2372 979 2436 videntis
994 2372 1120 2448 iridem,
1130 2389 1328 2454 quocunque
1339 2380 1511 2435 moveatur

356 2477 617 2560 aequidistanter
647 2477 732 2540 iridi.
790 2476 840 2541 Ut
874 2477 900 2538 si
933 2477 982 2540 sol
1007 2477 1051 2540 sit
1083 2477 1118 2539 in
1151 2475 1297 2548 meridie,
1321 2485 1355 2539 et
1389 2475 1444 2538 iris
1477 2475 1510 2537 in

355 2581 518 2666 aquilone,
543 2581 659 2646 videns
691 2591 803 2645 motus
836 2582 879 2645 ad
907 2581 1066 2645 orientem
1098 2580 1217 2661 aspicit
1242 2581 1346 2644 solem
1372 2599 1417 2641 ex
1443 2598 1511 2642 uno

355 2685 458 2750 latere
477 2696 594 2749 contra
612 2706 699 2763 eum,
715 2695 748 2750 et
764 2685 881 2749 iridem
904 2705 949 2748 cx
969 2684 1046 2763 ali0,
1062 2685 1109 2748 ita
1129 2685 1220 2768 quod
1242 2682 1330 2748 linea
1351 2683 1469 2747 transit
1491 2703 1512 2746 a

355 2799 469 2855 centro
495 2790 575 2854 solis
599 2810 659 2874 per
681 2800 830 2854 centrum
855 2789 943 2853 oculi
967 2799 1002 2854 et
1027 2789 1138 2865 iridis;
1170 2799 1205 2852 et
1230 2787 1376 2851 variatur
1399 2797 1512 2851 motus

356 2895 447 2958 iridis
463 2915 523 2977 per
536 2894 600 2958 hoc
615 2896 706 2977 quod
722 2892 774 2958 sol
788 2895 923 2958 videtur
934 2894 1059 2958 moveri
1073 2891 1512 2975 aequidistanteraspicienti

357 3010 390 3063 et
407 3000 490 3062 iridi.
536 2999 572 3063 Si
588 2999 677 3062 enim
695 2998 744 3061 sol
762 3007 865 3063 staret
881 2998 1063 3062 secundum
1077 2996 1237 3079 judicium
1252 2997 1353 3072 visus,
1362 3004 1441 3058 tunc
1457 2995 1513 3058 iris

358 3112 546 3167 moveretur
560 3105 744 3167 secundum
761 3113 893 3167 motum
909 3103 1060 3174 videntis,
1077 3102 1136 3165 sed
1153 3101 1229 3185 plus
1244 3100 1456 3184 pertransiret
1471 3099 1513 3162 de

357 3206 466 3290 spatio
481 3226 580 3289 quarn
597 3207 711 3270 videns
727 3216 761 3270 et
779 3207 939 3270 transiret
954 3205 1132 3270 videntem.

401 3309 491 3373 Nam
521 3309 567 3371 sic
602 3319 653 3373 est
685 3310 891 3393 generaliter,
920 3310 1012 3393 quod
1041 3308 1160 3373 visibili
1190 3309 1313 3392 quieto,
1342 3308 1370 3370 si
1399 3307 1514 3372 videns

358 3423 538 3487 moveatur,
564 3413 677 3496 imago
708 3413 893 3477 movebitur
919 3415 945 3476 si
972 3413 1146 3497 speculum
1173 3409 1424 3490 continuetur³;
1455 3410 1514 3475 sed

357 3519 386 3582 si
403 3539 453 3582 res
468 3519 539 3581 visa
555 3517 652 3580 simul
671 3527 847 3582 moveatur
865 3518 899 3581 in
917 3528 1046 3599 partem
1062 3517 1214 3593 videntis,
1229 3526 1341 3580 motus
1363 3514 1514 3597 imaginis

358 3641 425 3686 non
457 3622 667 3704 pertransibit
696 3620 756 3685 nisi
791 3621 934 3705 spatium
966 3621 1105 3705 aequale
1134 3620 1238 3684 motui
1267 3619 1418 3682 videntis.
1475 3617 1514 3682 Si

358 3746 436 3789 vero
472 3725 599 3790 visibile
632 3725 790 3807 quiescat,
827 3726 939 3809 imago
977 3725 1084 3807 majus
1115 3723 1259 3806 spatium
1290 3723 1513 3805 pertransibit.

360 3830 448 3894 Nam
467 3829 511 3893 sit
527 3851 548 3892 a
563 3838 711 3894 centrum
728 3829 807 3894 solis
830 3830 1007 3907 immobile,
1023 3830 1042 3894 b
1057 3838 1205 3893 centrum
1224 3827 1319 3904 oculi,
1333 3849 1351 3890 c
1364 3837 1513 3891 centrum

359 3935 451 3999 iridis
472 3934 505 3997 in
529 3934 614 3998 linea
636 3955 658 3998 a
680 3933 699 3997 b
720 3956 747 4010 c,
764 3943 798 3998 et
820 3932 839 3997 b
861 3944 895 3998 et
916 3957 934 3998 c
956 3942 1153 3998 moveantur
1168 3932 1215 3997 ita
1231 3931 1320 4014 quod
1344 3929 1415 3994 bin
1434 3930 1466 4010 d,
1482 3940 1516 3994 et

357 4040 423 4103 cin
430 4039 464 4122 f,
482 4039 693 4103 manifestum
717 4049 768 4102 est
786 4040 876 4122 quod
895 4060 913 4102 c
919 4039 951 4122 f
959 4037 1105 4121 spatium
1129 4045 1180 4101 est
1202 4035 1310 4118 majus
1330 4055 1430 4117 quam
1449 4033 1516 4110 bd,

358 4153 393 4209 et
414 4153 494 4209 tunc
517 4143 602 4208 linea
624 4163 683 4206 ac
706 4151 739 4207 et
761 4142 848 4206 linea
870 4163 893 4206 a
904 4143 936 4226 f
952 4163 1019 4206 non
1045 4139 1271 4224 aequidistant
1296 4141 1355 4203 sed
1377 4159 1399 4202 a
1420 4147 1516 4220 parte

392 4279 401 4309 ¹
416 4279 465 4341 J.’s
481 4281 650 4331 substitution
670 4279 701 4330 of
716 4279 764 4330 luit
782 4279 823 4329 ior
838 4279 893 4329 sint
909 4279 936 4328 in
953 4279 1016 4328 both
1034 4293 1108 4328 cases
1126 4277 1153 4326 in
1170 4277 1223 4327 this
1239 4283 1366 4326 sentence
1383 4275 1405 4325 is
1421 4291 1437 4324 a
1448 4282 1516 4325 most

360 4359 533 4422 bewilden'ng
544 4358 663 4410 mistake.

392 4437 402 4464 ¹
418 4436 457 4486 Cl.
468 4437 587 4498 Pmpecr.
602 4438 642 4487 Pt.
654 4437 679 4486 ii.
693 4437 760 4487 Dist.
772 4437 806 4486 iii.
819 4449 876 4499 cap.
889 4438 914 4498 6,
925 4436 1018 4485 where
1029 4435 1083 4485 this
1093 4436 1145 4485 and
1157 4433 1234 4483 other
1245 4433 1343 4482 similar
1352 4433 1517 4495 phenomena

359 4529 404 4564 are
415 4515 558 4566 discussed.

392 4593 402 4622 ³
420 4593 576 4642 Continetur
590 4593 668 4643 isthe
685 4593 796 4656 reading
806 4592 837 4642 os
850 4591 882 4643 D.
895 4593 948 4642 end
960 4592 1010 4644 0.:
1027 4593 1074 4642 but
1091 4591 1124 4643 U.
1136 4592 1185 4641 bas
1201 4591 1376 4652 continuetur,
1389 4590 1476 4639 which
1493 4589 1517 4638 is

360 4671 493 4722 doubtless
508 4681 616 4722 correct.
