3542 5359
385 626 711 688 PERSPECTIVAE
736 627 851 688 PARS
879 626 1057 687 TERTIA:
1083 628 1192 688 DIST.
1218 629 1278 688 Ill.
1349 628 1406 705 165

258 789 375 854 eadem
400 811 451 855 res
469 791 575 856 videri
595 811 653 873 per
675 800 889 874 quotcunque
912 792 1046 875 specula
1065 790 1227 870 volumus,
1247 793 1274 855 si
1293 791 1408 855 debito

258 894 360 958 modo
386 895 556 961 situentur.
602 896 648 960 Et
676 897 751 960 ideo
779 904 919 978 possunt
942 895 1157 979 propinquius
1183 904 1218 959 et
1249 895 1407 959 remotius

258 998 380 1074 situati,
402 1009 439 1063 ut
465 999 652 1063 videremus
677 1020 744 1062 rem
773 1008 936 1082 quantum
963 999 1106 1081 alonge
1136 998 1305 1063 vellemus.
1350 997 1408 1064 Sic

258 1103 344 1166 enim
367 1102 474 1184 Julius
496 1104 628 1178 Caesar,
652 1104 788 1185 quando
817 1102 924 1168 voluit
946 1102 1108 1186 Angliam
1130 1124 1334 1186 expugnare,
1357 1125 1407 1167 re·

259 1205 361 1270 fertur
386 1210 536 1272 maxima
557 1207 691 1291 specula
714 1209 868 1285 erexisse,
894 1218 974 1272 uta
1002 1206 1174 1272 Gallicano
1197 1207 1309 1273 littore
1339 1209 1407 1272 dis-

258 1312 457 1393 positionem
502 1313 674 1376 civitatum
716 1321 750 1376 et
787 1322 971 1376 castrorum
1009 1310 1156 1394 Angliae
1193 1313 1408 1394 praevideret.

259 1414 403 1479 Possunt
418 1425 529 1479 autem
544 1417 678 1501 specula
697 1416 743 1481 sic
763 1416 907 1480 ordinari
927 1426 965 1480 ut
985 1427 1168 1499 appareant
1189 1426 1274 1498 quot
1295 1415 1408 1480 volue-

259 1518 361 1582 rimus
377 1529 410 1583 et
425 1540 639 1602 quaecunque
662 1521 694 1583 in
715 1521 818 1584 domo
838 1520 891 1584 vel
911 1520 1023 1602 platea
1038 1541 1046 1596 ;
1072 1529 1106 1584 et
1123 1521 1232 1583 omnis
1248 1519 1409 1601 aspiciens

260 1643 311 1686 res
333 1621 406 1688 illas
423 1624 547 1688 videbit
569 1626 750 1688 secundum
775 1624 961 1704 veritatem,
982 1633 1017 1687 et
1039 1644 1115 1687 cum
1137 1633 1248 1687 currat
1269 1624 1312 1686 ad
1337 1624 1410 1688 loca

258 1727 393 1791 visionis
408 1728 491 1792 nihil
507 1729 663 1793 inveniet.
708 1729 798 1792 Nam
822 1731 868 1792 sic
889 1728 1060 1792 situabunt
1079 1728 1213 1811 specula
1229 1729 1262 1791 in
1277 1727 1408 1791 occulto

258 1840 407 1914 respectu
424 1852 544 1910 rerum,
559 1842 598 1897 ut
616 1832 689 1896 loca
705 1832 886 1916 imaginum
902 1833 969 1894 sint
985 1832 1019 1895 in
1038 1842 1164 1913 aperto,
1179 1842 1213 1895 et
1227 1840 1409 1916 appareant

260 1936 292 1998 in
320 1956 396 2000 aere
422 1936 455 1999 in
485 1936 718 2018 conjunctione
747 1937 914 2001 radiorum
945 1935 1120 2000 visualium
1150 1955 1227 1998 cum
1258 1936 1409 2010 cathetis,

260 2051 294 2104 et
316 2041 391 2104 ideo
415 2041 608 2125 aspicientes
630 2051 797 2105 currerent
819 2043 862 2106 ad
884 2042 960 2105 loca
981 2041 1126 2113 visionis,
1142 2052 1176 2104 et
1198 2041 1410 2104 aestimarent

260 2163 310 2206 res
333 2145 378 2208 ibi
401 2165 474 2208 esse
495 2166 571 2209 cum
595 2146 677 2208 nihil
700 2147 806 2223 suerit,
828 2146 886 2210 sed
910 2145 1076 2228 apparitio
1099 2153 1238 2208 tantum.
1294 2144 1340 2207 Et
1362 2145 1409 2208 sic

258 2248 438 2313 secundum
462 2249 652 2331 hujusmodi
676 2270 764 2314 nunc
786 2261 876 2314 tacta
899 2251 942 2314 de
964 2247 1144 2313 reflexione
1168 2257 1202 2312 et
1222 2247 1407 2314 consimilia

258 2363 391 2436 possent
419 2352 488 2416 fieri
513 2373 581 2418 non
607 2354 714 2418 solum
745 2355 838 2418 utilia
861 2353 978 2418 amicis
1006 2363 1039 2418 et
1072 2352 1230 2416 terribilia
1256 2353 1408 2430 inimicis,

258 2458 317 2521 sed
339 2456 459 2522 solatia
482 2459 630 2522 maxima
651 2458 764 2522 valent
787 2458 1014 2542 philosophice
1036 2457 1213 2540 procurari,
1236 2468 1274 2522 ut
1298 2457 1407 2522 omnis

256 2559 478 2643 joculatorum
495 2563 624 2627 vanitas
639 2563 828 2628 obfuscetur
847 2583 893 2626 ex
913 2561 1158 2644 pulchritudine
1176 2559 1405 2625 miraculorum

259 2666 449 2748 sapientiae,
468 2676 502 2730 et
522 2667 691 2751 gaudeant
713 2665 865 2731 homines
887 2686 933 2730 ex
955 2665 1103 2752 veritate,
1117 2663 1251 2746 longius
1273 2664 1409 2728 exclusa

260 2770 463 2853 magicorum
478 2769 615 2834 fallacia

679 3021 905 3087 Cnmrunuu
930 3021 989 3087 1v.

306 3196 360 3260 De
382 3195 507 3259 visione
534 3194 636 3259 fracta
666 3193 792 3275 majora
818 3203 917 3269 sunt3
950 3215 1027 3258 nam
1055 3195 1098 3258 de
1124 3193 1209 3258 facili
1237 3203 1331 3278 patet
1353 3213 1413 3277 per
1424 3210 1526 3261 Similar
1537 3227 1581 3275 ap-

260 3319 402 3365 canones
421 3299 639 3383 supradictos,
654 3299 745 3380 quod
761 3299 912 3362 maxima
932 3308 1074 3381 possunt
1089 3318 1249 3382 apparere
1264 3297 1413 3376 minima,
1443 3277 1582 3392 ffl'ssg'f

261 3413 295 3468 et
311 3412 470 3478 econtra,
485 3413 519 3466 et
535 3403 634 3486 longe
653 3403 815 3467 distantia
829 3404 1029 3468 videbuntur
1044 3403 1326 3487 propinquissime
1342 3413 1376 3467 et
1393 3407 1537 3467 esnetion·

261 3528 429 3573 converso.
474 3507 563 3570 Nam
580 3527 757 3591 possumus
772 3507 819 3570 sic
843 3506 986 3592 figurare
1001 3508 1183 3590 perspicua,
1197 3517 1232 3572 et
1249 3507 1359 3572 taliter
1373 3527 1414 3571 ea

260 3613 413 3677 ordinare
429 3620 579 3693 respectu
594 3613 698 3674 nostri
715 3612 805 3675 visus
827 3620 860 3675 et
879 3632 998 3689 rerum,
1013 3613 1104 3695 quod
1124 3613 1315 3694 frangentur
1331 3611 1413 3675 radii

262 3727 295 3781 et
322 3715 496 3781 flectentur
519 3735 809 3806 quorsumcunque
832 3714 1040 3792 voluerimus,
1068 3728 1105 3780 ut
1128 3716 1191 3780 sub
1215 3737 1413 3801 quocunque

260 3821 384 3902 angulo
407 3820 607 3883 voluerimus
622 3820 810 3884 videbimus
829 3840 898 3883 rem
913 3840 1017 3903 prope
1031 3821 1085 3885 vel
1100 3821 1205 3904 longe,
1245 3821 1292 3886 Et
1307 3821 1354 3885 sic
1369 3841 1414 3884 ex

262 3923 446 3988 incredibili
463 3924 622 3987 distantia
638 3923 821 4005 legeremus
835 3923 947 3988 literas
964 3925 1199 3990 minutissimas
1214 3935 1248 3989 et
1262 3927 1415 4008 pulveres

262 4049 301 4094 ac
316 4048 431 4092 arenas
446 4047 695 4091 numeraremus
711 4038 847 4111 propter
863 4030 1127 4112 magnitudinem
1142 4028 1254 4112 anguli
1269 4029 1331 4092 sub
1347 4049 1414 4110 quo

262 4133 458 4208 videremus,
473 4143 507 4196 et
524 4131 673 4196 maxima
688 4152 826 4214 corpora
842 4134 884 4197 de
896 4153 1001 4216 prope
1012 4134 1071 4197 vix
1082 4133 1270 4197 videremus
1280 4141 1415 4215 propter

262 4238 458 4322 parvitatem
476 4235 588 4320 anguli
604 4236 665 4301 sub
681 4257 748 4320 quo
767 4237 964 4313 videremus,
979 4257 1056 4301 nam
1078 4237 1237 4302 distantia
1253 4257 1319 4298 non
1336 4234 1415 4300 sacit

261 4343 305 4405 ad
321 4340 511 4423 hujusmodi
527 4341 671 4406 visiones
686 4341 748 4405 nisi
765 4361 825 4425 per
844 4343 1011 4420 accidens,
1025 4343 1085 4405 sed
1104 4340 1274 4424 quantitas
1289 4338 1414 4424 anguli.

264 4445 310 4507 Et
339 4447 386 4509 sic
417 4455 530 4528 posset
560 4464 642 4527 puer
671 4465 831 4527 apparere
861 4445 967 4528 gigas,
993 4455 1026 4509 et
1062 4465 1146 4507 unus
1176 4443 1278 4507 homo
1309 4443 1413 4506 videri

263 4569 368 4626 mons,
383 4558 419 4612 et
436 4549 470 4611 in
492 4567 689 4631 quacunque
709 4550 908 4632 quantitate,
923 4552 1107 4614 secundum
1127 4549 1217 4633 quod
1241 4569 1414 4632 possemus

263 4653 431 4717 hominem
448 4653 560 4718 videre
574 4652 637 4716 sub
654 4654 778 4736 angulo
794 4664 890 4719 tanto
910 4654 996 4718 sicut
1019 4664 1179 4730 montem,
1194 4663 1229 4718 et
1251 4673 1357 4736 prope
1379 4661 1416 4716 ut
