3542 5359
410 610 739 671 PERSPECTIVAE
762 611 878 671 PARS
901 611 1065 671 PRIMA:
1098 614 1207 674 DIST.
1230 615 1285 675 IX.
1388 632 1423 692 71

274 773 328 837 vel
350 774 497 857 aequalis
520 774 607 839 Deo.
652 773 808 840 Secundo
825 776 975 859 arguitur
1000 796 1044 839 ex
1064 776 1138 855 hoc,
1160 779 1252 860 quod
1272 778 1352 842 dum
1374 799 1425 843 res

275 888 326 942 est
353 880 386 942 in
416 879 561 943 termino
589 900 611 943 a
636 899 714 962 quo,
738 879 878 962 quiescit
908 881 1055 953 omnino,
1089 901 1149 945 nec
1179 882 1292 963 aliquo
1323 884 1425 947 modo

274 992 533 1062 transmutatur3
555 993 588 1047 et
601 982 735 1066 quando
747 984 842 1047 estin
854 984 996 1049 termino
1012 986 1055 1048 ad
1068 986 1275 1067 quemfacta
1291 996 1342 1050 est
1353 985 1423 1068 jam

275 1090 516 1171 transmutatio,
540 1098 575 1151 et
599 1088 685 1151 inter
710 1088 772 1151 hos
795 1090 956 1153 terminos
982 1087 1020 1152 fit
1043 1092 1287 1154 transmutatio.
1333 1091 1424 1174 Ergo

273 1192 370 1255 simul
404 1201 437 1257 et
469 1192 571 1258 semel
601 1194 805 1275 quiescerent
835 1193 962 1276 speeies
990 1202 1068 1258 ante
1097 1194 1360 1271 translationem,
1390 1205 1424 1260 et

273 1296 421 1361 finiretur
438 1297 682 1373 transmutatio,
698 1307 732 1361 et
750 1306 1026 1362 transmutaretur
1041 1298 1215 1363 actualiter
1234 1319 1293 1381 per
1313 1308 1423 1363 totum

273 1402 428 1485 spatium.
474 1402 565 1486 Ergo
579 1401 678 1465 simul
699 1410 973 1467 transmutaretur
994 1410 1029 1465 et
1049 1422 1116 1466 non
1140 1412 1423 1484 transmutaretur,

272 1526 358 1588 quae
372 1516 448 1571 sunt
463 1506 727 1588 contradictoria,
746 1516 782 1571 ut
804 1506 913 1591 arguit
933 1505 1132 1571 Aristoteles
1152 1508 1197 1572 ad
1220 1507 1423 1592 impossibile

273 1611 308 1674 in
323 1608 389 1675 alio
404 1631 481 1675 casu
496 1622 594 1675 sexto
611 1611 839 1693 Physicorum.

318 1715 420 1779 Ratio
445 1726 557 1781 autem
583 1714 701 1781 ultima
726 1716 771 1780 ad
798 1715 862 1779 hoc
889 1725 949 1798 est,
974 1715 1100 1780 scilicet
1127 1717 1216 1798 quod
1244 1726 1423 1799 postquam
1436 1731 1509 1780 Time

271 1820 355 1884 lucis
366 1820 597 1903 multiplicatio
613 1841 679 1883 non
692 1818 859 1904 dependet
874 1820 919 1884 ab
933 1820 1046 1903 aliquo
1063 1832 1155 1884 motu
1170 1821 1248 1898 alio,
1261 1842 1424 1903 ponamus
1435 1796 1530 1925 flffl‘d
1542 1797 1581 1846 ‘⁰¹

271 1944 353 2009 ergo
372 1924 502 1989 coelum
524 1926 691 2007 quiescere
714 1936 748 1991 et
773 1934 902 1989 motum
923 1946 989 1989 non
1002 1946 1085 2000 esse,
1101 1945 1179 1989 nam
1200 1934 1310 1990 stante
1329 1925 1423 1991 coelo
1435 1900 1533 1992 though

272 2029 358 2093 bene
380 2038 493 2111 potest
516 2028 586 2093 fieri
610 2030 691 2095 lucis
714 2028 956 2114 multiplicatio,
973 2039 1007 2094 et
1027 2028 1085 2093 fiet
1108 2030 1141 2092 in
1164 2028 1229 2092 line
1252 2029 1374 2106 mundi,
1394 2030 1422 2091 si
1435 1992 1562 2109 ἔξω
1664 2098 1668 2105 ‚

271 2133 403 2197 coelum
423 2134 526 2198 stabit
545 2135 629 2200 sicut
649 2136 802 2199 creditur.
851 2132 889 2198 Si
912 2154 993 2217 ergo
1010 2132 1091 2197 lucis
1115 2133 1348 2216 multiplicatio
1371 2142 1422 2197 est
1434 2126 1584 2191 appreciata

270 2238 305 2301 in
323 2239 467 2315 instanti,
482 2250 516 2302 et
530 2258 597 2303 non
614 2239 646 2302 in
669 2250 827 2322 tempore,
841 2238 904 2303 erit
919 2238 1047 2303 instans
1065 2239 1136 2302 sine
1150 2247 1321 2321 tempore;
1343 2237 1422 2321 quia

269 2355 404 2426 tempus
424 2363 489 2406 non
510 2352 560 2407 est
579 2343 652 2407 sine
673 2353 772 2407 motu
818 2342 886 2407 Sed
909 2341 1113 2426 impossibile
1130 2352 1181 2407 est
1202 2343 1329 2406 instans
1348 2362 1422 2407 esse

269 2449 343 2512 sine
356 2457 518 2531 tempore,
533 2449 619 2512 sicut
635 2467 697 2511 nec
712 2457 871 2531 punctum
887 2447 958 2511 sine
973 2447 1070 2511 linea
1116 2446 1328 2529 Relinquitur
1341 2466 1421 2530 ergo

269 2554 359 2635 quod
372 2552 430 2615 lux
443 2551 680 2637 multiplicatur
694 2553 727 2616 in
743 2562 903 2634 tempore,
912 2561 946 2616 et
957 2572 1074 2615 omnes
1085 2552 1211 2633 species
1226 2552 1273 2615 rei
1283 2550 1420 2614 visibilis

269 2668 305 2721 et
330 2656 419 2722 visus
442 2656 603 2721 similiter.
649 2655 717 2721 Sed
744 2666 857 2721 tamen
884 2676 952 2720 non
976 2657 1009 2719 in
1035 2665 1189 2738 tempore
1214 2655 1360 2720 sensibili
1386 2664 1422 2719 et

270 2761 479 2844 perceptibili
511 2781 533 2825 a
561 2762 643 2837 visu,
668 2763 726 2827 sed
759 2761 951 2838 insensibili,
978 2762 1056 2842 quia
1084 2760 1225 2843 quilibet
1251 2760 1422 2841 experitur

268 2868 359 2949 quod
381 2867 453 2948 ipse
472 2886 539 2931 non
561 2866 702 2950 percipit
725 2874 857 2949 tempus
879 2866 912 2928 in
937 2885 1003 2947 quo
1026 2864 1065 2929 fit
1086 2866 1147 2929 lux
1173 2863 1216 2927 ab
1239 2864 1364 2928 oriente
1387 2864 1421 2925 in

266 2971 431 3037 occidens

688 3158 915 3224 Cnerrunuu
940 3158 998 3223 lV.

458 3334 511 3397 De
526 3332 691 3397 solutione
707 3330 917 3413 objectorum
934 3341 1050 3395 contra
1066 3331 1230 3394 veritates.

311 3490 369 3555 Ad
385 3489 450 3553 hoc
466 3498 577 3552 autem
593 3488 682 3569 quod
698 3485 824 3571 allegat
837 3484 983 3567 lacobus
998 3484 1150 3563 Alkindi,
1163 3486 1340 3550 dicendum
1360 3496 1419 3564 est,
1434 3507 1538 3559 Alkindi

265 3597 356 3679 quod
371 3596 455 3659 sicut
470 3592 614 3677 primum
629 3601 762 3675 tempus
776 3601 827 3656 est
849 3590 1048 3669 insensibile,
1068 3591 1117 3655 sic
1137 3590 1276 3674 duplum
1298 3591 1370 3674 ejus
1384 3601 1418 3656 et
1430 3574 1562 3691 ffiem'

265 3698 413 3783 triplum,
435 3708 470 3763 et
487 3696 715 3761 millesimum:
749 3697 837 3761 unde
861 3705 971 3761 totum
993 3708 1127 3780 tempus
1146 3706 1198 3761 est
1220 3696 1417 3770 insensibile,
1431 3707 1554 3757 mered

266 3805 345 3868 licet
356 3802 479 3867 habeat
494 3812 606 3885 partes
620 3800 743 3864 multas
758 3820 844 3884 quae
859 3821 976 3865 omnes
990 3802 1197 3885 compositae
1215 3803 1259 3865 ad
1276 3802 1418 3866 invicem

267 3907 395 3972 iaciunt
409 3917 519 3971 totum
535 3906 734 3984 insensibile,
747 3915 860 3970 tantae
875 3906 966 3969 enim
978 3906 1161 3971 velocitatis
1176 3915 1227 3970 est
1239 3906 1293 3970 hic
1308 3918 1419 3971 motus

266 4011 397 4094 speciei,
427 4012 516 4094 quod
546 4020 658 4095 potest
689 4009 758 4075 lieri
789 4012 823 4074 in
853 4018 1005 4095 tempore
1035 4010 1213 4075 insensibili
1247 4011 1280 4075 in
1309 4010 1419 4092 spatio

266 4118 428 4183 maximo.
473 4115 573 4199 Quod
594 4136 673 4179 vero
694 4115 894 4181 Aristoteles
916 4116 1006 4191 dicit,
1028 4137 1143 4179 verum
1163 4126 1215 4181 est
1235 4116 1418 4180 secundum

265 4221 471 4285 intellectum
486 4220 565 4303 ejus,
580 4239 658 4283 nam
675 4220 746 4303 ipse
766 4218 874 4303 arguit
896 4220 941 4284 ibi
960 4228 1075 4285 contra
1096 4220 1346 4304 Empedoclem,
1360 4217 1418 4301 qui

264 4326 377 4409 posuit
405 4323 513 4388 lucem
539 4344 611 4387 esse
634 4344 753 4406 corpus
776 4334 812 4389 et
837 4323 1010 4389 defluxum
1040 4325 1196 4408 corporis,
1223 4325 1307 4387 sicut
1332 4342 1418 4405 aqua

264 4427 383 4495 defluit
405 4450 427 4493 a
453 4426 566 4503 lonte3
597 4436 631 4492 et
655 4448 722 4493 non
744 4438 795 4492 est
820 4428 978 4511 possibile
1003 4430 1095 4513 quod
1122 4447 1242 4511 corpus
1273 4436 1417 4489 mutaret

263 4534 374 4599 locum
411 4532 592 4597 secundum
623 4553 659 4597 se
693 4540 800 4596 totum
837 4534 882 4597 ab
911 4534 1039 4599 oriente
1074 4533 1107 4595 in
1142 4532 1306 4609 occidens,
1336 4530 1417 4613 quin

262 4636 485 4721 perciperetur
511 4645 647 4720 propter
674 4636 937 4717 magnitudinem
962 4638 1153 4701 distantiae.
1198 4633 1266 4699 Sed
1291 4634 1417 4718 species
