3542 5359
368 627 409 707 58
596 630 752 689 OPERIS
775 629 963 699 MAJORIS
988 628 1103 688 PARS
1127 628 1299 701 QUINTA.

370 791 693 877 multiplicationum,
707 802 848 875 possunt
864 792 1031 874 complere
1045 792 1171 874 species
1186 812 1272 867 suas,
1283 790 1369 853 sicut
1380 800 1523 872 quatuor

369 897 533 961 elementa
557 907 692 980 propter
714 897 945 961 necessitatem
970 895 1205 980 generationis.
1251 896 1341 958 Nam
1363 894 1522 970 videmus,

369 1004 460 1085 quod
485 1002 570 1083 ignis
594 1022 660 1065 non
683 1001 791 1065 solum
815 1010 952 1083 generat
975 1001 1120 1084 speciem
1143 1018 1248 1077 suam,
1269 999 1327 1062 sed
1349 1018 1464 1062 vemm
1489 1007 1523 1062 et

370 1106 552 1191 perfectum
579 1106 696 1188 ignem,
724 1106 756 1168 in
784 1105 920 1168 flamma
946 1113 980 1168 et
1010 1105 1172 1181 carbone3
1195 1103 1299 1167 etsie
1323 1102 1414 1166 calor
1438 1101 1522 1184 ignis

369 1219 480 1293 potest
510 1230 666 1293 generare
691 1228 806 1272 verum
837 1209 993 1283 calorem,
1019 1208 1144 1273 habens
1171 1206 1244 1290 plus
1268 1228 1369 1289 quam
1397 1207 1523 1289 species

369 1315 449 1389 sola,
472 1321 506 1377 et
532 1313 596 1378 hoc
624 1323 734 1396 potest
764 1312 834 1377 fieri
864 1313 1008 1395 undique
1037 1313 1071 1375 in
1101 1332 1186 1375 aere.
1231 1310 1278 1375 Et
1307 1313 1382 1375 ideo
1412 1321 1524 1393 potest

370 1419 555 1502 pertingere
568 1419 600 1481 in
612 1418 823 1503 oppositione
834 1419 937 1500 partis
952 1417 1113 1495 animalis,
1123 1436 1209 1498 quae
1224 1437 1289 1479 non
1304 1425 1356 1479 est
1370 1417 1524 1497 exposita

371 1523 449 1607 igni,
473 1522 605 1600 scilicet,
628 1524 761 1605 quando
784 1523 876 1585 venit
902 1530 998 1585 extra
1022 1521 1175 1585 umbram
1200 1520 1295 1602 ignis,
1317 1539 1419 1601 quam
1446 1518 1524 1584 facit

353 1654 355 1659 ·
370 1646 422 1690 res
437 1626 570 1708 objecta
585 1646 689 1709 usque
703 1629 746 1691 ad
761 1635 922 1709 punctum
939 1646 969 1704 a,
984 1636 1018 1690 et
1033 1636 1112 1689 tunc
1126 1634 1238 1709 potest
1254 1623 1360 1687 facere
1377 1625 1521 1705 speciem

370 1731 404 1793 in
431 1729 601 1813 superficie
626 1731 680 1803 rei,
697 1750 781 1813 quae
806 1750 873 1793 non
900 1738 950 1793 est
975 1730 1129 1812 exposita
1153 1730 1220 1812 igni
1245 1750 1303 1811 per
1322 1728 1443 1791 lineam
1459 1728 1523 1791 ab.

371 1833 440 1899 Sed
456 1834 647 1916 hujusmodi
663 1854 758 1898 casus
774 1855 840 1898 non
856 1835 1011 1898 accidunt
1023 1835 1056 1897 in
1068 1834 1140 1897 istis
1151 1832 1334 1897 visibilibus
1349 1833 1523 1907 consuetis,

371 1948 405 2003 et
421 1939 496 2003 ideo
512 1949 644 2022 oportet
660 1940 749 2021 quod
767 1958 817 2003 res
832 1940 874 2003 sit
891 1939 924 2002 in
940 1938 1150 2022 oppositione
1163 1939 1262 2001 visus.

789 2246 1017 2313 Carnorum
1042 2247 1107 2311 Ill.

605 2430 658 2493 De
672 2427 857 2512 quantitate
872 2428 1016 2492 sensibili
1034 2429 1133 2510 ipsius
1147 2428 1292 2493 visibilis

203 2582 338 2697 {8¹:¹33OE
416 2582 579 2665 Quartum
601 2584 691 2665 quod
715 2584 757 2647 ad
778 2583 939 2647 visionem
963 2584 1107 2667 exigitur
1125 2592 1184 2657 est,
1199 2594 1235 2646 ut
1259 2606 1310 2649 res
1333 2585 1376 2649 sit
1393 2586 1526 2668 quanti·

205 2712 354 2775 TheobJect
370 2688 448 2753 tatis
467 2688 628 2753 sensibilis
644 2698 794 2771 respectu
814 2709 939 2752 sensus.
985 2688 1074 2751 Nam
1096 2689 1143 2752 ita
1164 2710 1300 2770 parvum
1324 2701 1433 2772 potest
1454 2710 1526 2753 esse

204 2778 354 2894 glemu&
374 2793 509 2867 visibile,
528 2794 617 2875 quod
643 2813 710 2858 non
733 2793 907 2856 videbitur.
954 2792 1057 2873 Cujus
1082 2813 1183 2856 causa
1207 2804 1266 2870 est,
1287 2796 1378 2875 quod
1401 2796 1525 2876 species

205 2911 360 2974 magnitude.
373 2897 543 2961 venientes
558 2918 578 2960 a
593 2896 741 2980 partibus
753 2895 892 2961 visibilis
907 2897 1032 2960 debent
1043 2898 1185 2960 ordinari
1198 2898 1352 2961 distincte
1367 2899 1399 2961 in
1415 2918 1526 2981 super·

373 3001 447 3066 ficie
472 3000 628 3084 glacialis,
650 3010 686 3066 et
708 3000 772 3065 hoc
800 3001 997 3064 sensibiliter
1019 3011 1168 3084 respectu
1191 3004 1320 3066 virtutis
1346 3005 1524 3068 sentientis.

374 3106 442 3171 Sed
469 3106 603 3188 quando
634 3126 684 3169 res
714 3115 765 3169 est
795 3106 893 3168 nimis
920 3126 1030 3190 parva,
1056 3116 1136 3169 tunc
1165 3109 1288 3188 species
1314 3109 1480 3172 venientes
1505 3128 1527 3171 a

374 3211 521 3292 partibus
544 3209 682 3272 visibilis
712 3207 848 3293 singulis
874 3210 918 3273 ad
944 3220 1055 3292 partes
1083 3211 1222 3274 membri
1248 3211 1425 3289 sentientis,
1449 3213 1527 3277 licet

373 3315 553 3376 secundum
571 3313 768 3395 positionem
781 3314 985 3394 quantitatis,
998 3324 1035 3376 ut
1050 3326 1102 3378 est
1116 3315 1289 3378 divisibilis
1305 3316 1337 3377 in
1354 3314 1527 3394 infinitum,

374 3417 628 3498 distinguantur,
650 3426 763 3479 tamen
787 3427 936 3499 respectu
962 3438 1076 3481 sensus
1101 3439 1166 3481 non
1192 3420 1445 3503 distinguuntur,
1468 3423 1525 3484 sed

374 3521 619 3585 confunduntur
633 3531 770 3604 propter
788 3522 924 3584 nimiam
946 3522 1227 3605 propinquitatem
1251 3524 1284 3586 in
1308 3545 1409 3606 parva
1431 3538 1526 3608 parte

375 3626 513 3687 membri
530 3624 701 3687 sentientis
716 3644 817 3705 quam
834 3633 976 3708 occupat
996 3628 1143 3709 pyramis
1157 3626 1299 3690 visualis.

207 3739 322 3813 uxrureme
419 3728 465 3791 Et
485 3727 562 3791 huic
583 3747 752 3791 annexum
773 3738 824 3792 est
844 3729 1050 3792 considerare
1065 3741 1225 3811 quantum
1247 3732 1280 3793 in
1302 3732 1527 3816 magnitudine

204 3801 318 3932 ffiessfs
375 3834 526 3895 maxima
547 3851 723 3913 possumus
746 3833 858 3895 videre
881 3852 941 3915 per
963 3834 1170 3915 pyramidem
1191 3834 1360 3898 visualem.
1408 3836 1453 3901 Et
1475 3837 1528 3901 hic

207 3934 352 4048 3⁵&an
376 3946 427 4001 est
444 3936 559 4019 ingens
574 3936 750 4011 dubitatio,
765 3944 930 4018 quantum
946 3937 1070 4002 scilicet
1085 3939 1117 4000 in
1135 3939 1283 4002 maxima
1300 3942 1528 4023 magnitudine

208 4064 362 4129 rigutangle.
377 4051 488 4124 potest
508 4040 552 4103 ab
573 4041 670 4104 oculo
688 4041 799 4105 videri.
846 4041 893 4106 Et
913 4042 1065 4106 homines
1086 4042 1191 4107 dediti
1212 4044 1527 4110 considerationibus

376 4146 602 4228 perspectivae
627 4147 811 4223 aestimant,
834 4147 926 4228 quod
954 4146 1068 4209 oculus
1094 4148 1127 4210 iu
1153 4146 1326 4229 superficie
1350 4160 1467 4229 terrae,
1491 4163 1528 4216 ut

376 4269 462 4314 nunc
474 4248 634 4326 videmus,
647 4270 712 4311 non
729 4258 839 4332 potest
854 4250 967 4314 videre
981 4262 1133 4333 quartam
1149 4251 1234 4316 coeli
1250 4272 1311 4335 per
1321 4257 1527 4337 pyramidem

376 4428 422 4468 not
433 4434 530 4481 appear
541 4425 568 4466 to
579 4419 682 4467 contain
697 4434 751 4480 any
763 4434 871 4481 passage
889 4428 916 4469 to
927 4421 1014 4470 which
1031 4423 1083 4471 this
1100 4438 1147 4471 can
1165 4422 1197 4470 be
1214 4439 1230 4471 a
1247 4422 1386 4474 reference.
1423 4426 1467 4475 On
1484 4429 1529 4477 the

377 4498 453 4545 other
470 4498 549 4557 hand,
562 4497 588 4545 in
606 4499 650 4546 the
667 4498 772 4546 treatise
790 4498 829 4547 De
846 4500 1051 4563 Mulu‘plr'cau'onae
1064 4500 1206 4565 Spaecr'emm
1224 4502 1298 4565 (Part
1316 4502 1334 4564 1,
1349 4519 1406 4565 cap.
1422 4506 1459 4570 6),
1478 4508 1529 4556 this

376 4575 449 4637 point
472 4575 494 4622 is
517 4575 642 4637 specially
660 4576 824 4627 considered.
858 4576 916 4626 The
936 4578 1087 4642 Perspectr'ua
1107 4596 1163 4629 was
1183 4580 1254 4630 osten
1272 4580 1381 4643 copied;
1410 4585 1462 4633 and
1479 4587 1530 4636 this

377 4652 510 4702 reference
522 4661 548 4701 to
560 4654 598 4703 Da
609 4656 685 4705 Mure.
698 4654 768 4719 ὅρη.
779 4671 839 4718 may
850 4656 916 4706 have
928 4658 995 4707 been
1007 4658 1121 4709 inserted
1133 4661 1293 4715 afterwards.
