3542 5359
375 640 438 702 404
589 625 746 684 OPERIS
770 622 960 695 MAIORIS
985 623 1099 684 PARS
1124 622 1321 684 SEPTIMA.

376 787 499 849 plendnm
515 788 542 835 in
558 800 639 849 opere
656 795 683 838 et
699 789 732 836 ad
749 787 812 836 nihil
826 787 972 837 laciendum
989 787 1015 836 in
1033 788 1195 848 contrarium,
1208 795 1236 836 et
1250 787 1292 836 hic
1309 786 1424 849 exigitur
1440 787 1535 836 modus

376 865 583 928 praedicationis.
611 866 644 914 Et
655 874 707 914 tam
718 868 782 915 haec
794 882 854 930 pars
867 882 944 930 quam
959 873 1050 928 quarta
1061 867 1141 915 utitur
1151 872 1271 928 potenter
1284 873 1377 914 ornatu
1393 865 1534 924 rhetorico,

377 960 429 992 non
447 944 531 993 solum
550 945 577 992 in
591 945 678 993 verbis
695 946 743 994 sed
760 953 787 996 et
803 947 830 994 in
847 945 993 1006 sententiis,
1011 945 1081 995 etin
1098 944 1215 1006 gestibus
1232 945 1348 1007 corporis
1364 951 1392 993 et
1408 944 1435 992 in
1452 943 1533 992 animi

375 1023 496 1083 motibus,
510 1023 576 1070 sicut
591 1037 641 1084 ego
658 1024 759 1072 declaro
774 1039 822 1086 per
836 1024 937 1073 radices
950 1031 1034 1072 certas
1049 1024 1191 1072 secundum
1202 1022 1257 1072 vias
1273 1031 1421 1072 sanctorum
1437 1029 1464 1071 et
1478 1038 1533 1071 non

375 1103 456 1152 solum
466 1102 686 1164 philosophorum.
709 1102 782 1164 Nam,
793 1111 823 1152 ut
831 1103 990 1165 Augustinus
1002 1103 1079 1152 docet
1089 1109 1181 1164 quarto
1192 1102 1226 1151 de
1238 1101 1363 1150 Doctrina
1374 1101 1533 1163 christiam,

374 1196 474 1230 summa
494 1181 640 1242 eloquentia
659 1186 700 1230 est
718 1181 745 1228 in
763 1196 812 1230 usu
831 1189 978 1230 sanctorum
998 1181 1025 1228 in
1045 1180 1192 1242 Scriptum
1216 1186 1243 1228 et
1263 1181 1360 1242 optime
1378 1181 1428 1229 hoc
1447 1179 1533 1229 docet.

375 1259 451 1308 Hanc
468 1267 555 1307 autem
570 1267 669 1321 partem
686 1259 761 1308 elevo
777 1261 809 1308 ad
825 1260 1046 1308 considerationes
1063 1258 1236 1318 scientiarum,
1252 1258 1314 1321 quia
1331 1274 1457 1321 compono
1474 1273 1534 1307 um

374 1337 406 1387 ad
422 1353 496 1385 usum
513 1336 667 1399 theologiae,
686 1344 712 1385 et
729 1337 847 1386 similiter
862 1337 929 1386 facio
946 1338 979 1385 de
995 1337 1114 1385 omnibus
1130 1351 1198 1398 quae
1214 1337 1313 1399 scripsi,
1329 1344 1380 1386 tam
1397 1339 1425 1385 in
1442 1337 1534 1399 Opere

375 1415 466 1477 ldajon‘
481 1431 557 1477 quam
573 1415 676 1467 Minori.
710 1415 777 1465 Nam
791 1429 844 1465 una
859 1417 1015 1480 oomparatio
1031 1423 1071 1466 est
1084 1415 1264 1479 philosophiae
1278 1414 1311 1464 ad
1326 1415 1488 1476 theologiam,
1503 1423 1534 1463 ut

374 1510 454 1557 saepe
469 1491 541 1543 dixi!

408 1573 505 1621 ‘Sexta
516 1587 578 1620 vero
595 1587 655 1634 pars
670 1573 774 1621 moralis
786 1572 963 1635 philosophiae
979 1580 1020 1622 est
1035 1573 1068 1621 de
1082 1573 1167 1622 causis
1177 1571 1330 1621 ventilandis
1346 1587 1431 1621 coram
1444 1572 1534 1634 judice

373 1652 442 1698 inter
453 1658 550 1712 partes,
563 1657 591 1698 ut
602 1651 647 1698 fiat
655 1651 768 1711 J‘ustitia:
785 1650 834 1700 sed
844 1651 912 1700 hanc
924 1651 1007 1700 solum
1019 1658 1098 1712 tango
1110 1658 1219 1714 propter
1230 1665 1321 1700 causas
1332 1665 1398 1712 quas
1410 1649 1534 1711 assigno!

409 1729 485 1778 From
506 1728 583 1777 other
601 1736 674 1791 parts
696 1729 727 1778 os
745 1730 789 1777 the
813 1729 885 1793 Opus
908 1729 1018 1778 Tertium
1036 1729 1164 1793 (Brewer‚
1188 1745 1231 1792 pp.
1254 1731 1303 1778 26⁶
1319 1730 1370 1778 and
1388 1731 1492 1792 304-8),
1512 1729 1534 1778 it

375 1807 462 1855 would
478 1821 550 1855 seem
566 1807 623 1855 that
638 1807 666 1855 in
681 1808 725 1857 the
743 1809 800 1856 fiith
815 1816 873 1870 part
890 1808 920 1858 of
934 1809 985 1857 this
1003 1808 1109 1856 treatise
1125 1808 1214 1857 Bacon
1233 1809 1355 1868 enlarged
1372 1823 1408 1856 on
1424 1808 1468 1856 the
1486 1809 1534 1858 im-

375 1893 500 1947 portance
520 1884 549 1933 of
566 1892 680 1947 oratory‚
698 1887 774 1949 style,
792 1887 844 1936 and
863 1893 970 1948 gesture
992 1894 1019 1934 to
1038 1887 1083 1935 the
1102 1886 1182 1934 moral
1202 1887 1252 1934 and
1272 1886 1395 1946 religious
1414 1886 1530 1936 teacher.

375 1961 523 2025 ‘Docetur,'
540 1962 573 2012 he
595 1977 666 2026 says,
685 1966 753 2026 ‘quo
775 1966 852 2014 modo
872 1965 936 2013 fiant
956 1977 1090 2014 sermones
1109 1964 1232 2013 sublimes
1251 1971 1304 2012 tam
1324 1965 1350 2012 in
1368 1979 1434 2012 voce
1453 1979 1533 2026 quam

373 2043 512 2101 sententia,
523 2042 666 2090 seeundum
682 2057 774 2091 omnes
790 2049 897 2092 ornatus
913 2043 1049 2104 sermonis,
1061 2051 1113 2092 tam
1130 2043 1236 2092 metrice
1253 2050 1279 2091 et
1295 2041 1439 2106 rhythmice
1454 2057 1533 2104 quam

374 2121 501 2183 prosaice,
517 2127 545 2168 ut
559 2121 660 2169 animus
675 2121 707 2169 ad
722 2121 747 2168 id
759 2122 828 2183 quod
842 2121 952 2169 intendit
964 2136 1108 2184 persuasor,
1124 2122 1238 2184 rapiatur
1253 2120 1310 2170 sine
1321 2122 1492 2184 praevisione,
1505 2130 1534 2171 et

374 2199 461 2248 subito
477 2198 552 2247 eadat
564 2199 589 2245 in
603 2214 716 2248 amorem
728 2199 788 2248 boni
805 2199 932 2248 etodium
948 2199 1017 2260 mali,
1028 2201 1171 2250 secundum
1186 2201 1255 2263 quod
1271 2201 1346 2249 docet
1356 2200 1534 2263 Alpharabius

374 2278 401 2326 in
413 2277 478 2326 libro
490 2278 524 2326 de
535 2275 672 2326 Scientiis.'
