3542 5359
543 607 657 668 PARS
681 606 844 665 PRIMA:
873 605 963 666 CAP.
990 606 1032 664 II.
1317 621 1379 681 429

225 802 370 846 concavo
387 779 476 843 nervi
491 778 676 843 communis
687 778 829 842 duorum
840 775 1021 851 oculorum,
1033 785 1068 838 et
1083 776 1115 838 in
1129 785 1223 860 parte
1238 771 1378 837 membri
1391 776 1535 851 Obiectlffl,

227 887 407 964 sentientis,
431 887 465 951 id
488 897 549 960 est,
571 885 742 978 anterioris
766 883 915 965 glacialis
939 901 1024 964 quae
1051 892 1102 946 est
1128 883 1273 946 anterior
1302 897 1378 963 pars
1391 844 1547 959 {pascamur-

227 991 383 1076 pupillae,
399 991 558 1074 figuratur
576 989 838 1056 circumferentia
859 992 904 1055 rei
923 991 1022 1059 visae.
1038 991 1096 1056 sed
1118 986 1378 1057 circumferentia
1391 973 1498 1104 ξζὲξὲῑῖ

228 1099 395 1163 reducitur
417 1098 457 1161 ad
482 1097 651 1161 sensibilia
671 1097 868 1165 communia.
894 1109 931 1162 ut
954 1107 1047 1181 patet
1074 1119 1117 1161 ex
1148 1098 1267 1161 eodem
1284 1092 1378 1162 libro,
1392 1106 1531 1167 hudedny

228 1213 432 1287 quapropter
450 1201 618 1267 videretur
636 1203 728 1284 quod
749 1202 920 1284 quantitas
940 1211 973 1265 et
993 1201 1108 1286 figura,
1123 1211 1157 1264 et
1180 1197 1380 1282 hujusmodi,
1392 1172 1497 1235 theeye

230 1306 351 1371 iaciant
373 1307 622 1390 impressionem
645 1316 678 1371 et
701 1309 845 1388 speciem
870 1307 903 1370 in
927 1327 1064 1389 organo,
1079 1318 1112 1372 et
1136 1307 1211 1371 ideo
1234 1305 1325 1388 prius
1348 1303 1380 1365 in

229 1432 326 1486 aere3
349 1413 391 1475 ad
408 1411 472 1476 hoc
492 1411 669 1478 dicendum
684 1412 841 1493 estquod
857 1411 938 1476 illud
955 1411 1204 1496 intelligendum
1221 1421 1280 1486 est,
1296 1409 1381 1472 sicut

231 1516 378 1598 loquitur
402 1515 445 1580 de
468 1517 698 1600 magnitudine
720 1516 765 1579 rei
787 1516 887 1583 visae.
910 1518 1044 1599 quando
1071 1517 1151 1581 dicit
1175 1515 1265 1599 quod
1292 1513 1381 1578 ordi·
1396 1516 1550 1596 Replymhat

232 1631 329 1684 natur
358 1631 392 1686 et
422 1621 621 1686 describitur
648 1621 682 1684 in
709 1619 881 1703 superficie
909 1621 1047 1684 membri
1073 1620 1256 1685 sentientis.
1305 1618 1381 1682 Hoc
1395 1583 1520 1714 ffiffiffi

232 1727 321 1788 enim
342 1747 408 1789 non
428 1737 478 1790 est
497 1725 575 1807 qula
594 1723 789 1809 magnitudo
811 1725 910 1789 iaciat
932 1746 1026 1789 suam
1049 1727 1201 1808 speciem,
1223 1725 1282 1790 sed
1304 1723 1383 1806 quia
1396 1715 1552 1829 ⁰⁰¹⁰d¹¹i¹⁰¹gl

232 1848 253 1890 a
269 1838 341 1892 tota
355 1831 400 1892 rei
422 1831 652 1908 magnitudine
666 1829 757 1893 venit
776 1831 902 1912 species
920 1831 1038 1894 coloris
1059 1841 1092 1894 et
1113 1830 1204 1907 lucis,
1218 1841 1253 1894 et
1271 1851 1293 1894 a
1309 1838 1383 1892 tota
1396 1796 1513 1912 :ffpresoe
1536 1797 1551 1844 y

233 1931 414 2014 superficie.
461 1933 507 1997 Et
526 1943 606 1998 tunc
628 1933 755 2017 specics
772 1933 891 1999 coloris
906 1933 1075 1999 venientes
1090 1956 1110 1998 a
1125 1933 1263 2017 singulis
1284 1932 1383 2016 parti-
1396 1913 1501 1964 hended.

236 2035 298 2097 bus
325 2034 370 2096 rei
395 2034 485 2097 visae
508 2054 575 2097 non
600 2033 847 2099 confunduntur
873 2034 906 2099 in
931 2055 996 2098 una
1020 2044 1116 2116 parte
1142 2033 1298 2118 pupillae,
1325 2033 1383 2096 sed

232 2139 480 2221 distinguuntur
503 2148 536 2203 et
558 2138 755 2203 ordinantur
773 2138 806 2202 in
830 2137 1003 2220 superficie
1024 2137 1178 2221 pupillae,
1195 2138 1228 2201 in
1251 2137 1383 2220 quanti·

234 2251 304 2306 tate
322 2241 467 2306 sensibili
488 2243 670 2306 secundum
694 2262 866 2306 numerum
890 2242 1031 2323 partium
1049 2241 1081 2304 in
1098 2243 1278 2317 revisant
1295 2240 1385 2303 visus

237 2345 392 2410 distincte
415 2345 674 2429 comprehendat
697 2355 806 2411 totum
832 2344 976 2410 colorem
1004 2344 1056 2408 vel
1082 2344 1189 2410 lucem
1214 2345 1259 2408 rei
1286 2345 1383 2408 visae.

238 2448 295 2514 Sic
317 2449 418 2531 igitur
440 2450 635 2513 describitur
656 2451 689 2512 in
712 2433 838 2532 pupilla
860 2451 1056 2534 magnitudo
1079 2449 1125 2514 rei
1146 2450 1245 2520 visae,
1268 2450 1301 2513 id
1324 2457 1383 2526 cst,

236 2552 327 2616 color
341 2554 443 2616 totius
455 2554 691 2635 magnitudinis
699 2553 751 2618 vel
768 2555 837 2617 lux.
848 2555 894 2618 ita
909 2555 999 2637 quod
1016 2555 1124 2619 solum
1141 2555 1182 2618 sit
1199 2555 1243 2617 ibi
1260 2552 1385 2638 species

236 2656 354 2720 coloris
379 2656 432 2720 vel
461 2658 544 2721 lucis
573 2659 726 2723 ordinata
755 2660 788 2721 in
813 2658 941 2742 pupilla
965 2668 998 2722 et
1025 2679 1093 2724 non
1125 2659 1226 2742 ipsius
1257 2657 1386 2738 magni·

237 2761 371 2824 tudinis.
426 2760 566 2844 Propter
586 2763 677 2844 quod
699 2762 815 2825 similis
838 2761 1023 2827 intellectus
1048 2772 1098 2825 est
1124 2763 1167 2826 de
1189 2760 1386 2846 figuratione

237 2862 519 2928 circumferentiae
541 2866 595 2940 rei,
613 2875 647 2929 et
665 2866 886 2948 descriptione
909 2865 979 2947 ejus
1001 2867 1035 2929 in
1055 2866 1203 2930 membro
1225 2867 1387 2930 sentiente

239 2978 272 3031 et
296 2987 397 3031 nervo
417 2969 595 3042 communi,
612 2969 742 3042 scilicet,
757 2971 848 3052 quod
868 2969 960 3033 color
977 2969 1029 3034 vel
1050 2969 1110 3033 lux
1129 2970 1231 3052 ipsius
1250 2969 1387 3035 circum·

238 3069 394 3138 serentiae
416 3073 520 3137 totius
540 3072 640 3137 iaciat
662 3075 806 3154 speciem
828 3093 933 3151 suam,
953 3094 1040 3156 quae
1062 3074 1219 3157 liguratur
1241 3083 1275 3138 et
1298 3074 1389 3137 ordi·

239 3185 337 3239 natur
359 3176 392 3239 in
416 3195 542 3258 organo
560 3186 594 3240 et
618 3176 738 3255 medio,
760 3179 820 3241 sed
843 3197 909 3241 non
933 3178 1004 3262 ipsa
1024 3176 1310 3254 circumferentia3
1335 3175 1390 3241 hic

241 3282 329 3344 enim
344 3289 395 3344 est
409 3280 551 3344 auctoris
567 3281 754 3346 intellectus
767 3282 812 3345 de
825 3281 981 3346 omnibus
995 3282 1126 3346 talibus.

283 3383 384 3467 Quod
407 3395 519 3449 autem
541 3384 668 3449 dictum
691 3386 854 3468 estquod
877 3388 1005 3470 species
1032 3385 1190 3449 materiae
1215 3393 1391 3448 renovatur
1404 3398 1509 3475 Furthgr

238 3490 324 3554 sicut
359 3488 495 3564 formae,
525 3499 605 3554 tunc
639 3489 880 3573 proprietatum
916 3491 1074 3556 materiae
1106 3493 1232 3572 species
1265 3490 1390 3554 debent
1403 3467 1538 3528 ⁰b³⁰⁰¹¹⁰¹¹’

156 3611 161 3621 .
239 3593 390 3657 similiter
413 3594 561 3657 renovari
587 3613 663 3658 cum
690 3613 752 3657 suo
777 3593 937 3676 subjecto,
962 3595 1020 3658 sed
1047 3595 1216 3676 quantitas
1241 3603 1389 3678 estpro.
1403 3530 1541 3595 wdreply.

239 3726 312 3786 point
324 3724 355 3773 ol
361 3725 426 3786 light
438 3725 489 3773 and
500 3725 590 3774 colour
601 3725 628 3774 in
639 3727 685 3774 the
697 3727 782 3787 object
794 3727 816 3775 is
827 3727 995 3787 represented
1009 3740 1043 3774 on
1056 3727 1101 3775 the
1112 3727 1194 3776 retina
1209 3727 1260 3775 and
1278 3727 1300 3774 is
1317 3727 1391 3775 there

240 3804 427 3866 apprehended
441 3803 476 3864 by
487 3803 532 3851 the
545 3803 663 3852 ultimum
674 3805 801 3853 sentiens.
837 3803 880 3852 He
891 3819 980 3854 comes
991 3804 1135 3866 extremely
1147 3820 1210 3852 near
1225 3813 1252 3852 to
1269 3805 1313 3854 the
1330 3820 1390 3853 eon·

239 3883 353 3944 ceptior,
371 3881 435 3940 first,
451 3881 462 3929 l
479 3880 588 3942 believe,
602 3882 713 3930 realized
728 3883 762 3944 by
779 3883 885 3944 Kepler‚
899 3883 950 3931 and
967 3883 1153 3944 subsequently
1167 3889 1208 3930 set
1222 3881 1289 3930 iorth
1305 3883 1332 3930 in
1346 3884 1391 3932 the

239 3960 387 4022 Drbptn‘que
396 3959 427 4008 ot*
435 3960 582 4020 Descartes,
595 3959 625 4009 ol
633 3976 648 4008 n
659 3960 728 4008 clear
736 3961 828 4009 retinal
840 3960 925 4022 image
936 3976 966 4009 ns
977 3976 993 4009 a
1004 3960 1137 4009 condition
1147 3961 1177 4008 oi
1185 3959 1290 4008 distinct
1298 3961 1391 4010 vision.

239 4038 322 4087 What
333 4038 461 4086 hindered
472 4038 514 4086 his
525 4038 627 4099 precise
640 4038 831 4100 apprehension
849 4038 879 4087 oi
892 4039 939 4087 the
955 4039 1026 4087 trutb
1037 4053 1093 4086 was
1111 4038 1156 4086 the
1169 4037 1259 4086 notion
1275 4038 1329 4087 that
1347 4040 1392 4088 the

239 4117 356 4166 sentient
367 4115 482 4164 iunctior
494 4117 593 4177 though
604 4115 705 4164 carried
716 4131 751 4164 on
762 4131 835 4165 more
845 4117 959 4177 actively
970 4117 1005 4178 by
1013 4115 1058 4164 the
1069 4129 1182 4164 nervous
1193 4121 1329 4177 murmure,
1335 4129 1391 4166 was

239 4204 286 4258 yet
296 4194 408 4258 vnguely
417 4193 571 4242 distributed
582 4195 695 4255 through
708 4194 751 4243 the
762 4195 839 4243 other
849 4201 994 4243 structures
1005 4194 1035 4242 oi
1044 4194 1088 4242 the
1099 4209 1149 4255 eye
1162 4192 1255 4257 (virtus
1268 4195 1393 4244 sensitiva

242 4281 283 4322 est
293 4289 341 4336 per
351 4281 433 4322 totum
445 4271 519 4320 istius
530 4272 664 4334 corporis).
701 4272 809 4320 nuruis
819 4271 889 4320 view
900 4272 930 4321 oi
943 4272 989 4320 the
1003 4271 1116 4320 iunctior:
1132 4271 1162 4320 ol
1174 4272 1219 4320 the
1233 4271 1315 4320 retina
1333 4287 1393 4334 may

240 4353 273 4400 be
291 4351 418 4414 gethered
435 4349 501 4398 from
515 4349 591 4399 these
603 4351 709 4402 worm:
727 4349 774 4400 ‘si
788 4365 832 4400 res
848 4351 903 4400 visa
918 4349 1036 4398 habuerit
1052 4365 1131 4398 unum
1148 4350 1272 4409 colorem,
1283 4350 1333 4398 erit
1351 4349 1394 4398 illu

242 4445 302 4492 pars
316 4431 373 4492 (ie.
390 4443 532 4478 connum
547 4428 634 4492 nervi)
652 4429 769 4492 corporis
782 4429 924 4478 sentientis
939 4429 1015 4478 unius
1032 4428 1144 4488 coloris3
1168 4435 1196 4476 et
1212 4427 1234 4476 si
1251 4435 1339 4489 perta
1356 4429 1393 4477 rei

241 4509 313 4557 visae
323 4509 419 4556 fuerint
430 4506 525 4555 diversi
537 4505 642 4569 coloris,
655 4515 732 4557 erunt
743 4515 831 4571 partes
846 4509 913 4556 illius
927 4521 1044 4570 corporis
1056 4507 1138 4569 partis
1149 4506 1287 4554 sentientis
1299 4505 1394 4555 diversi

241 4585 354 4648 colorist
371 4594 398 4635 et
408 4585 526 4634 ultimum
536 4585 653 4636 sentiens
663 4586 745 4636 sentit
755 4585 1035 4636 coloremreivisaeex
1045 4583 1202 4633 colonuone
1209 4599 1285 4646 quem
1295 4584 1395 4634 invenit

242 4664 428 4728 inillaparte'
