3542 5359
358 580 554 639 MORALIS
579 580 896 641 PHILOSOPHIA:
931 583 1043 644 PARS
1068 585 1250 658 QUARTA.
1321 583 1377 662 381

230 745 413 826 specificae.
459 748 525 813 Sed
549 758 635 813 terra
656 748 793 812 alterius
816 751 931 815 mundi
959 770 1023 814 non
1050 759 1163 834 posset
1190 749 1313 812 moveri
1336 749 1380 810 ad

229 863 379 915 centrum
406 853 500 919 istius
523 854 636 919 mundi
660 855 721 920 nisi
743 856 895 918 transiret
920 855 1215 920 circumferentiam
1246 853 1380 916 alterius

231 958 354 1033 mundi,
369 968 403 1021 et
418 959 482 1025 hoc
499 971 551 1026 est
571 960 695 1024 moveri
710 981 839 1024 sursum
856 960 889 1022 in
907 957 1227 1024 circumferentiam¹
1245 959 1379 1022 alterius

231 1064 344 1125 mundi
369 1075 407 1129 ut
432 1066 540 1146 ipsum
567 1074 764 1148 penetraret,
787 1074 821 1127 et
843 1066 978 1128 tandem
1005 1065 1137 1128 caderet
1168 1065 1201 1127 in
1227 1073 1377 1126 centrum

230 1166 324 1231 istius
340 1170 463 1233 mundi.
512 1169 596 1235 Cum
613 1170 711 1253 igitur
725 1169 789 1233 hoc
809 1169 851 1231 sit
870 1169 1081 1250 impossibile,
1099 1189 1165 1233 non
1183 1177 1293 1251 potest
1310 1166 1378 1230 fieri

230 1274 319 1352 quod
336 1275 422 1337 duae
439 1284 547 1338 terrae
561 1274 627 1337 sint
646 1293 707 1338 nec
726 1275 793 1337 duo
813 1273 935 1337 mundi.
982 1273 1044 1336 Est
1065 1274 1164 1355 igitur
1180 1272 1274 1337 Deus
1287 1293 1379 1338 unus.

228 1378 284 1458 qui
308 1387 359 1441 est
383 1398 481 1442 causa
505 1379 610 1462 prima
639 1379 787 1442 omnium
814 1399 997 1455 causarum,
1023 1378 1080 1460 qui
1108 1397 1237 1459 semper
1261 1375 1322 1440 luit
1345 1384 1378 1438 et

228 1501 360 1564 semper
374 1483 443 1553 erit,
454 1481 582 1547 habens
597 1481 805 1564 majestatem
824 1481 983 1547 infinitam
999 1494 1034 1547 et
1050 1481 1244 1545 infinitatem
1261 1492 1377 1562 poten-

227 1585 303 1662 tiae,
321 1587 504 1669 sapientiae
521 1597 555 1651 et
575 1588 744 1660 bonitatis,
763 1586 901 1651 Creator
916 1588 1063 1650 omnium
1086 1606 1193 1650 rerum
1210 1595 1242 1649 et
1258 1587 1377 1668 guber·

227 1702 332 1754 nator.
379 1692 451 1756 Nec
467 1701 601 1774 possent
624 1713 695 1756 esse
716 1692 826 1776 plures
845 1692 920 1770 Dei,
936 1691 993 1754 sed
1017 1711 1102 1756 unus
1126 1691 1324 1754 Benedictus
1344 1691 1376 1752 in

226 1795 357 1859 saecula
372 1796 584 1872 saeculorum,
601 1797 721 1860 Amen.

271 1901 451 1984 Postquam
466 1901 530 1965 hoc
545 1903 742 1985 principium
759 1900 960 1965 sufficienter
975 1900 1189 1964 verificaverit
1205 1921 1378 1983 persuasor
1391 1907 1501 1986 Dutytof

226 2015 346 2083 sectae,
361 2015 442 2069 tunc
458 2006 559 2070 debet
575 2006 712 2069 ulterius
727 2025 876 2089 arguere,
892 2005 983 2086 quod
1001 2004 1101 2074 homo
1124 2013 1256 2067 tenetur
1271 1974 1524 2089 lacere2'01'‘({³,¹,'}1nce

226 2109 297 2190 ejus
311 2109 525 2189 voluntatem,
534 2121 568 2174 et
584 2111 613 2174 ei
629 2112 750 2175 servire
764 2131 841 2174 cum
857 2109 949 2174 omni
966 2110 1153 2173 reverentia.
1202 2108 1289 2172 Nam
1306 2109 1377 2191 ejus

228 2215 388 2295 Maiestas
409 2225 460 2279 est
483 2214 620 2279 infinita.
637 2225 674 2279 ut
693 2215 763 2297 jam
789 2215 941 2279 habitum
964 2223 1022 2278 est.
1068 2213 1160 2295 Ergo
1185 2212 1215 2276 ei
1239 2212 1378 2277 debetur

228 2321 409 2382 reverentia
438 2318 576 2384 infinita.
622 2319 799 2384 Caeterum
824 2318 1022 2382 beneficium
1051 2317 1225 2382 creationis
1251 2329 1301 2380 est
1327 2317 1375 2380 in-

228 2422 367 2497 linitum,
390 2424 421 2486 in
451 2422 516 2488 hoc
546 2425 637 2506 quod
668 2445 733 2487 non
765 2433 877 2507 potest
907 2422 977 2486 fieri
1012 2423 1072 2486 nisi
1103 2443 1163 2504 per
1192 2423 1374 2505 potentiam

226 2525 398 2592 infinitam.
452 2527 554 2592 Nulla
585 2531 673 2593 enim
705 2529 854 2611 potentia
885 2528 978 2592 finita
1008 2537 1119 2611 potest
1152 2547 1272 2605 creare,
1299 2529 1375 2608 quia

226 2631 354 2696 infinita
379 2641 430 2696 est
455 2633 611 2697 distantia
638 2634 725 2697 inter
749 2654 814 2696 non
840 2655 912 2697 esse
937 2643 970 2696 et
996 2653 1076 2696 esse.
1123 2632 1214 2714 Ergo
1243 2641 1375 2714 oportet

224 2738 315 2820 quod
331 2739 487 2802 transitus
502 2739 544 2801 de
559 2759 625 2801 non
640 2759 713 2803 esse
732 2738 775 2801 ad
791 2758 863 2801 esse
878 2739 921 2801 sit
938 2757 997 2821 per
1011 2736 1172 2800 infinitam
1188 2737 1374 2818 potentiam

224 2843 361 2922 agentis.
419 2841 631 2926 Quapropter
660 2852 810 2906 creatura
846 2844 946 2906 debet
978 2839 1126 2904 Creatori
1156 2839 1373 2904 reverentiam

225 2945 396 3010 infinitam.
444 2946 543 3010 Unde
559 2947 638 3012 dicit
654 2947 825 3010 A'vicenna
841 2947 873 3010 in
892 2945 1068 3010 Moralium
1086 2943 1268 3008 Radicibus
1282 2945 1374 3025 quod

223 3063 274 3113 est
297 3052 340 3114 de
357 3049 431 3131 jure
451 3051 514 3113 Dei
536 3060 573 3114 ut
593 3051 768 3115 obediatur
786 3052 970 3135 praeceptis
991 3049 1072 3131 ejus.
1118 3047 1263 3130 Oportet
1288 3048 1374 3111 enim

224 3153 358 3218 obedire
374 3154 540 3218 mandatis
555 3153 627 3235 ejus
642 3155 736 3236 cujus
751 3166 803 3220 est
818 3165 978 3219 creatura.

268 3257 336 3321 Sed
353 3267 386 3321 et
402 3259 499 3322 tertia
515 3260 600 3323 ratio
616 3259 714 3342 hujus
729 3261 773 3323 rei
790 3269 840 3324 est
855 3268 992 3342 propter
1008 3256 1199 3322 felicitatem
1212 3255 1373 3318 infinitam
1389 3265 1529 3316 Beliesina

223 3382 324 3443 quam
347 3363 442 3426 dabit
465 3363 697 3427 obedientibus
719 3365 793 3440 sibi,
820 3374 853 3427 et
880 3371 1019 3445 propter
1043 3381 1185 3445 poenam
1212 3359 1373 3425 infinitam
1387 3333 1542 3449 ffigff‘

223 3485 324 3546 quam
353 3464 479 3548 infliget
506 3465 775 3531 inobedientibus
801 3467 874 3529 sibi.
921 3465 1021 3530 Unde
1043 3465 1104 3527 has
1127 3484 1243 3528 causas
1267 3465 1375 3529 reddit

225 3568 395 3634 Avicenna
411 3589 513 3650 quare
527 3572 734 3635 serviendum
750 3583 800 3634 est
818 3571 900 3634 Deo.
911 3570 1022 3632 dicens
1036 3570 1125 3650 quod
1144 3568 1375 3632 obedientibus

223 3673 284 3735 sibi
303 3675 511 3756 praeparavit
535 3675 788 3758 promissionem
813 3674 944 3738 felicem
960 3695 1061 3756 quam
1083 3693 1142 3735 nec
1161 3672 1276 3736 oculus
1292 3674 1375 3736 vidit

112 3841 117 3848 ,
224 3796 285 3839 nec
306 3777 392 3840 auris
414 3777 551 3849 audivit,
573 3789 606 3840 et
630 3778 897 3841 inobedientibus
920 3777 982 3840 sibi
1005 3777 1214 3859 praeparavit
1236 3778 1374 3858 promis-

221 3881 348 3944 sionem
363 3881 554 3944 terribilem.
592 3881 638 3945 Et
654 3881 717 3945 hoc
733 3881 942 3946 manifestum
958 3890 1009 3944 est
1029 3900 1089 3962 per
1109 3879 1373 3963 Metaphysicam

222 3992 256 4048 et
276 3985 418 4068 primam
439 3994 569 4066 partem
588 3985 686 4066 hujus
703 3985 869 4050 Scientiae
890 3984 1035 4049 Moralis.
1083 3984 1170 4047 Nam
1193 3986 1304 4047 anima
1324 3997 1374 4047 est

223 4088 429 4164 immortalis,
440 4089 525 4153 sicut
541 4089 621 4152 dicit
634 4088 844 4167 Aristoteles,
853 4099 887 4153 et
897 4088 1071 4152 Avicenna
1086 4097 1121 4151 et
1132 4105 1247 4150 omnes
1267 4085 1374 4168 philo-

223 4192 319 4274 sophi
339 4192 488 4268 nobiles3
511 4202 546 4256 et
566 4192 696 4258 Tullius
717 4192 794 4256 fecit
816 4191 936 4256 libmm
960 4192 1088 4256 dehac
1112 4189 1373 4254 immortalitate.

225 4295 270 4360 Et
293 4295 419 4359 Seneca
442 4297 565 4378 ubique
587 4297 651 4361 hoc
673 4297 870 4374 confitetur3
900 4305 933 4359 et
957 4316 1072 4359 omnes
1094 4304 1207 4356 sectae
1228 4295 1372 4374 aspirant

222 4399 266 4463 ad
292 4401 394 4463 vitam
420 4399 570 4466 alteram.
616 4401 728 4465 Etiam
760 4401 882 4484 pagani
910 4400 982 4482 puri
1007 4399 1146 4464 credunt
1168 4417 1204 4461 se
1229 4397 1373 4462 victuros

221 4514 299 4587 post
316 4515 456 4567 mortem
473 4505 506 4568 in
520 4526 660 4588 corpore
674 4516 708 4570 et
723 4507 843 4580 anima,
853 4517 891 4570 ut
906 4516 1033 4569 tactum
1049 4515 1098 4566 est
1115 4503 1224 4586 prius;
1247 4513 1280 4566 et
1297 4502 1373 4566 ideo

352 4629 362 4660 ¹
378 4629 435 4679 The
447 4629 523 4679 MSS.
535 4631 601 4679 bave
612 4639 745 4691 centrum
762 4630 849 4680 which
863 4631 874 4678 1
886 4631 953 4680 have
965 4629 1090 4680 ventured
1102 4636 1129 4678 to
1139 4635 1247 4678 tonent.
