3542 5359
329 569 390 630 286
543 572 699 632 OPERIS
722 572 912 644 MAJORIS
937 574 1051 633 PARS
1076 574 1273 633 SEPTIMA.

329 754 507 800 commune
528 735 645 800 vitium
668 735 807 818 singulis
829 735 961 818 objecit.
1008 735 1086 802 Non
1109 746 1160 801 est
1183 736 1363 821 Aethiopis
1397 739 1482 802 inter

329 859 407 903 suos
431 839 604 922 insignitus
626 839 725 917 color,
747 861 808 904 nec
831 841 922 904 rusus
952 841 1051 904 crinis
1073 850 1107 904 et
1137 854 1271 906 coactus
1294 842 1326 904 in
1359 843 1483 906 nodum

330 945 420 1026 apud
451 942 637 1008 Germanos
674 945 779 1008 virum
816 947 968 1010 dedecet.
1015 945 1107 1008 Nihil
1146 946 1178 1007 in
1217 967 1284 1008 uno
1318 945 1483 1027 judicabis

330 1047 476 1112 notabile
496 1059 557 1113 aut
580 1048 724 1121 foedum,
738 1051 832 1130 quod
856 1049 948 1132 genti
968 1070 1048 1113 suae
1064 1050 1234 1131 publicum
1252 1061 1312 1114 est.
1359 1050 1404 1113 Et
1420 1051 1483 1116 ista

329 1172 416 1235 quae
431 1151 525 1215 retuli
547 1153 644 1218 unius
666 1154 809 1236 regionis
830 1163 935 1237 atque
955 1154 1066 1238 anguli
1090 1154 1296 1218 consuetudo
1316 1153 1483 1229 defendit3

329 1257 405 1320 vide
422 1277 509 1320 nunc
524 1268 650 1341 quanto
665 1259 699 1321 in
715 1257 756 1323 iis
768 1257 888 1339 justior
902 1259 998 1322 venia
1013 1260 1065 1330 sit,
1079 1278 1166 1341 quae
1182 1279 1240 1340 per
1253 1266 1363 1323 totum
1379 1280 1483 1342 genus

331 1362 513 1425 humanum
547 1361 684 1445 vulgata
714 1373 803 1427 sunt.
856 1361 986 1428 Omnes
1020 1362 1196 1427 inconsulti
1234 1371 1268 1426 et
1306 1363 1482 1446 improvidi

331 1483 465 1544 sumus;
502 1486 619 1530 omnes
650 1467 765 1532 incerti
795 1466 926 1549 queruli
961 1465 1139 1531 ambitiosi.
1184 1466 1276 1550 Quid
1307 1466 1483 1532 levioribus

330 1569 439 1634 verbis
459 1570 550 1633 ulcus
565 1570 733 1653 publicum
750 1570 947 1635 abscondo?
992 1570 1120 1636 Omnes
1140 1570 1217 1634 mali
1234 1591 1367 1635 sumus:
1391 1573 1482 1654 quic·

330 1669 411 1756 quid
428 1675 539 1756 itaque
554 1675 587 1737 in
608 1675 676 1738 alio
697 1675 962 1757 reprehenditur,
979 1675 1012 1738 id
1034 1676 1261 1757 unusquisque
1276 1677 1310 1738 in
1326 1675 1400 1740 sinu
1421 1696 1482 1740 suo

330 1775 495 1841 inveniet!
542 1778 765 1842 ‘Placidiores
800 1779 941 1843 invicem
979 1779 1103 1842 simus:
1141 1780 1219 1842 mali
1254 1780 1340 1843 inter
1377 1779 1483 1843 malos

329 1882 480 1946 vivimus.
538 1883 615 1948 Una
638 1905 689 1946 res
711 1904 772 1946 nos
795 1882 903 1947 lacere
926 1883 1056 1966 quietos
1080 1893 1199 1966 potest,
1223 1895 1359 1948 mutuae
1381 1883 1483 1947 facili·

329 1987 408 2050 tatis
428 1988 614 2054 conventio.
662 1986 722 2052 Ille
735 1987 805 2070 jam
822 1987 904 2051 mihi
924 1988 1047 2062 nocuit,
1063 1986 1108 2050 illi
1124 2005 1189 2069 ego
1207 1988 1366 2051 nondum.
1413 1986 1480 2052 Sed

327 2091 398 2173 jam
420 2092 565 2175 aliquem
596 2091 735 2158 sortasse
756 2091 881 2156 laesisti
893 2115 903 2168 3
938 2092 996 2155 sed
1026 2089 1149 2156 laedes
1195 2091 1274 2155 Noli
1303 2093 1481 2157 aestimare

330 2196 415 2259 hanc
452 2196 578 2273 horam,
614 2195 702 2259 hunc
745 2197 846 2260 diem.
906 2195 1032 2259 Totum
1078 2195 1203 2277 inspice
1247 2197 1368 2259 mentis
1405 2206 1482 2260 tuae

330 2299 499 2363 habitum:
529 2301 632 2363 etiam
658 2300 686 2362 si
717 2299 796 2362 nihil
819 2299 900 2364 mali
924 2299 1039 2376 fecisti,
1062 2310 1159 2381 potes
1183 2299 1300 2364 lacere.
1347 2299 1482 2382 Quanto

329 2404 433 2467 satius
459 2414 509 2467 est
539 2404 647 2467 sanari
678 2404 832 2486 injuriam
856 2423 957 2486 quam
988 2400 1120 2468 ulciscil
1153 2404 1300 2468 Multum
1323 2404 1482 2487 temporis

331 2506 414 2572 ultio
443 2509 597 2587 absumit,
629 2508 741 2572 multis
774 2529 810 2572 se
840 2508 969 2592 injuriis
1006 2507 1132 2588 objicit,
1161 2509 1241 2572 dum
1281 2527 1346 2572 una
1379 2507 1480 2571 dolet.

332 2611 466 2676 Diutius
487 2613 658 2676 irascimur
675 2632 791 2676 omnes
812 2633 914 2696 quam
936 2612 1119 2676 laedimur:
1141 2621 1267 2695 quanto
1290 2612 1409 2676 melius
1430 2622 1481 2676 cst

328 2717 420 2780 abire
435 2718 468 2780 in
483 2717 651 2781 diversum
677 2737 738 2781 nec
752 2718 835 2781 vitia
849 2717 940 2780 vitiis
955 2716 1144 2800 opponere!
1181 2716 1271 2779 Num
1287 2712 1384 2799 quisl
1400 2717 1481 2780 satis

328 2832 481 2886 constare
503 2822 566 2886 sibi
590 2822 750 2897 videatur,
773 2823 799 2884 si
827 2821 953 2884 mulam
976 2821 1122 2885 calcibus
1145 2830 1274 2903 repetat
1300 2830 1334 2885 et
1364 2841 1480 2884 canem

329 2932 463 2990 morsu?
509 2925 588 2997 Ista,
616 2927 731 3008 inquis,
762 2946 901 3008 peccare
932 2945 967 2989 se
997 2926 1155 2989 nesciunt.
1202 2925 1346 2988 Primum
1377 2944 1479 3008 quam

328 3031 460 3112 iniquus
497 3041 558 3109 est,
586 3031 677 3112 apud
715 3051 814 3112 quem
848 3030 1018 3093 hominem
1056 3050 1127 3094 esse
1160 3030 1203 3093 ad
1235 3031 1480 3112 impetrandam

327 3137 458 3198 veniam
490 3145 597 3199 nocet.
644 3136 777 3199 Deinde
805 3137 832 3198 si
865 3147 996 3200 caetera
1025 3135 1181 3198 animalia
1209 3134 1274 3198 hoc
1306 3135 1373 3199 irae
1401 3146 1480 3198 tuae

327 3240 493 3315 subducit,
515 3241 608 3323 quod
631 3240 769 3303 consilio
791 3249 917 3314 carent,
940 3239 1061 3303 eodem
1083 3237 1159 3302 loco
1181 3238 1241 3302 tibi
1264 3240 1308 3303 sit
1329 3241 1480 3322 quisquis

327 3343 465 3408 consilio
494 3354 595 3409 caret.
640 3344 731 3426 Quid
762 3344 851 3407 enim
882 3343 979 3408 refert
1012 3363 1054 3407 an
1086 3342 1151 3407 alia
1182 3344 1283 3406 mutis
1306 3343 1480 3407 dissimilia

327 3446 458 3526 habeat,
481 3449 507 3512 si
531 3447 594 3511 hoc
615 3447 705 3530 quod
728 3447 763 3511 in
791 3447 882 3511 omni
910 3458 1049 3529 peccato
1071 3457 1166 3510 muta
1195 3447 1343 3511 delendit
1372 3446 1479 3512 simile

326 3552 438 3624 habet,
452 3550 629 3634 caliginem
647 3552 791 3614 mentis?
837 3551 1010 3626 Peccavit;
1038 3550 1101 3614 hoc
1117 3551 1205 3613 enirn
1223 3552 1393 3632 primurn?
1416 3550 1478 3614 hoc

326 3661 540 3720 extremum?
586 3655 631 3718 Et
648 3655 710 3718 iste
735 3654 898 3738 peccabit,
918 3664 952 3719 et
973 3655 1006 3718 in
1022 3655 1123 3719 istum
1147 3655 1240 3734 alius,
1262 3666 1296 3720 et
1318 3665 1390 3720 tota
1410 3655 1479 3720 vita

326 3761 411 3824 inter
425 3780 550 3824 errores
564 3757 788 3824 volutabitur.'

369 3864 416 3928 Et
450 3865 526 3929 idco
554 3864 635 3929 dicit
667 3865 699 3926 in
730 3864 877 3928 secundo
904 3863 1000 3936 libro,
1027 3862 1099 3927 ‘Ne
1128 3861 1287 3945 singulis²
1319 3863 1478 3936 irascaris,

325 3969 485 4033 universis
508 3969 746 4053 ignoscendum
771 3977 842 4032 est:
871 3969 982 4050 generi
1005 3967 1156 4032 humano
1177 3968 1274 4029 venia
1300 3968 1477 4031 tribuenda

323 4072 394 4138 est-³
450 4072 561 4136 ‘Num
598 4075 672 4156 quis
710 4072 860 4136 irascitur
890 4073 1000 4154 pueris
1029 4091 1172 4154 quorum
1202 4083 1295 4135 aetas
1327 4073 1478 4135 nondum

324 4179 415 4241 novit
448 4197 557 4241 rerum
592 4177 807 4241 discrimina?
860 4175 971 4257 Major
1004 4186 1056 4240 est
1088 4177 1262 4240 excusatio
1292 4184 1326 4238 et
1357 4174 1479 4257 justior

324 4282 493 4344 hominem
516 4301 711 4364 essequam
734 4277 895 4362 puerum’
941 4278 1052 4362 ‘Quid
1079 4279 1167 4344 tollit
1190 4280 1272 4342 iram
1296 4279 1478 4363 sapientis?

323 4387 423 4450 turba
447 4386 666 4468 peccantium.
714 4383 874 4466 Intelligit
898 4402 1001 4467 quarn
1025 4392 1061 4447 et
1084 4383 1235 4465 iniquum
1263 4383 1306 4447 sit
1333 4392 1366 4446 et
1393 4383 1479 4464 peri·

254 4503 257 4507 ’
323 4489 474 4554 culosum
504 4489 598 4553 irasci
625 4489 759 4571 publico
788 4487 891 4554 vitio.'
946 4487 1042 4553 ‘Non
1074 4489 1232 4552 irascetur
1261 4487 1477 4570 peccantibus

356 4625 365 4654 ¹
384 4625 521 4686 Nunquam
533 4625 604 4688 satis,
619 4625 650 4675 D.
663 4631 690 4674 et
702 4625 735 4675 0.
1160 4621 1171 4651 ¹
1187 4622 1287 4684 Delm,
1298 4623 1324 4673 ii.
1338 4637 1376 4672 ια
