3542 5359
379 590 440 669 54⁶
590 554 593 557 ⁴
643 591 982 651 nuurrpurcnrro
1006 590 1261 650 anseranum

210 769 342 835 gradually
381 756 592 838 generantis3
618 776 695 819 nam
717 756 843 837 species
865 765 945 819 tunc
968 765 1055 819 esset
1077 774 1207 837 corpus,
1226 763 1260 818 et
1281 751 1432 817 defluxus
1451 770 1507 814 cor·

210 852 299 887 ω·
381 861 576 943 poris,quod
587 860 785 925 Aristoteles
795 871 895 943 negat
907 860 1053 924 secundo
1065 862 1107 924 de
1118 860 1243 922 Anima
1254 859 1296 922 de
1306 858 1388 935 luce,
1398 867 1429 919 et
1438 855 1508 937 prius

378 964 591 1046 improbatur.
636 964 682 1028 Et
698 966 744 1029 sic
761 966 867 1029 exiret
886 964 1069 1028 necessario
1091 965 1135 1027 ab
1159 975 1289 1047 agente,
1304 973 1338 1027 et
1360 962 1509 1025 continua-

379 1079 469 1133 retur
495 1090 571 1133 cum
597 1069 669 1151 ejus
695 1070 899 1146 substantia;
931 1070 990 1133 sed
1016 1068 1105 1153 prius
1131 1068 1354 1151 improbatum
1381 1074 1430 1129 est
1451 1064 1510 1127 hoc.

377 1173 592 1258 Quapropter
621 1173 686 1237 alia
715 1194 815 1238 causa
845 1174 1062 1256 corruptionis
1096 1172 1168 1254 ejus
1199 1172 1386 1255 quaerenda
1416 1168 1512 1233 estin

377 1279 529 1343 absentia
551 1281 757 1362 generantis3
781 1289 814 1343 et
838 1300 905 1344 non
928 1291 979 1344 est
998 1279 1061 1343 alia
1076 1298 1176 1361 quam
1200 1277 1327 1361 duplex
1350 1274 1513 1359 praedicta,

376 1384 500 1448 scilicet
516 1383 667 1448 debilitas
682 1383 731 1447 sui
746 1406 818 1447 esse
833 1394 867 1447 et
882 1394 1001 1447 natura
1017 1382 1148 1465 propria
1165 1381 1318 1463 patientis
1333 1400 1419 1463 quae
1432 1399 1512 1461 prae·

376 1485 474 1552 valet.
520 1486 588 1554 Sed
610 1490 779 1570 quomodo
800 1488 833 1551 in
856 1488 1062 1563 coelestibus,
1078 1488 1111 1550 in
1134 1487 1254 1569 quibus
1276 1484 1357 1548 nihil
1379 1495 1429 1547 est
1449 1500 1514 1545 con·

376 1594 522 1669 tranum,
542 1605 578 1656 ut
595 1592 795 1658 Aristoteles
815 1592 895 1656 dicit
913 1603 947 1656 et
968 1612 1083 1655 omnes
1105 1590 1259 1666 fatentur,
1282 1599 1394 1674 potest
1413 1598 1515 1651 natura

376 1697 509 1778 propria
524 1696 713 1778 praevalere
728 1706 765 1759 ut
781 1697 970 1760 destruatur
991 1698 1126 1778 species,
1141 1705 1175 1758 et
1194 1696 1340 1758 maxime
1354 1692 1514 1775 completa,

375 1800 460 1862 sicut
475 1810 525 1863 est
541 1799 600 1863 lux
617 1801 714 1864 lunae
732 1821 819 1883 quae
834 1801 1014 1864 destruitur
1029 1802 1061 1862 in
1082 1799 1216 1881 eclipsi?
1263 1798 1448 1861 Dicendum
1466 1801 1515 1867 est,

375 1904 466 1986 quod
481 1904 514 1966 in
530 1904 727 1969 coelestibus
743 1925 809 1968 non
821 1915 872 1968 est
883 1906 1096 1968 contrarietas
1109 1924 1195 1985 quae
1209 1912 1260 1967 est
1273 1922 1374 1986 penes
1385 1910 1516 1983 quatuor

375 2008 551 2089 qualitates
575 2009 698 2074 activas
725 2017 759 2072 et
785 2009 942 2092 passivas,
966 2028 1052 2091 quae
1076 2020 1154 2073 sunt
1178 2006 1336 2081 caliditas,
1359 2004 1515 2088 frigiditas,

374 2112 565 2192 humiditas,
587 2114 736 2192 siccitas;
765 2114 856 2177 calor
878 2114 966 2177 enim
990 2123 1130 2197 negatur
1152 2114 1184 2175 in
1208 2112 1417 2175 coelestibus·
1459 2108 1515 2173 Sed

373 2226 486 2279 tamen
502 2218 717 2281 contrarietas
731 2237 817 2299 quae
833 2226 883 2280 est
899 2218 982 2281 i'nter
997 2238 1106 2281 rarum
1122 2226 1155 2280 et
1171 2218 1321 2294 densum,
1334 2216 1475 2279 lucidum
1488 2221 1517 2274 et

373 2323 595 2400 tenebrosum,
613 2330 647 2385 et
669 2322 868 2404 hujusmodi,
886 2332 937 2386 est
961 2322 1012 2384 ibi.
1058 2321 1147 2384 Nam
1170 2341 1236 2383 una
1258 2340 1333 2403 pars
1357 2318 1454 2383 lunae
1475 2326 1518 2380 est

373 2426 474 2488 rarior
499 2426 572 2503 alia,
596 2447 637 2490 eo
663 2428 754 2508 quod
782 2427 910 2507 macula
937 2426 1032 2489 lunae
1056 2426 1158 2491 habet
1186 2426 1260 2507 plus
1293 2427 1334 2489 de
1363 2424 1518 2488 densitate

373 2528 525 2595 coelestis
549 2530 752 2597 substantiae
776 2541 810 2597 et
837 2531 914 2594 luna
942 2540 993 2594 est
1020 2531 1150 2594 densior
1176 2530 1311 2594 caeteris
1334 2530 1519 2611 corporibus

372 2633 592 2712 coelestibus3
615 2645 716 2716 atque
740 2645 851 2718 potest
874 2634 1014 2699 rarefieri
1039 2656 1097 2718 per
1118 2636 1367 2717 generationem
1393 2633 1474 2697 lucis
1492 2632 1520 2693 in

372 2757 420 2811 ea,
443 2748 477 2801 et
502 2739 620 2802 iterum
648 2741 732 2802 redit
756 2741 800 2804 ad
826 2739 1017 2821 hujusmodi
1038 2738 1235 2803 densitatem
1260 2738 1447 2803 naturalem
1469 2754 1520 2820 per

373 2840 588 2924 privationem
613 2842 702 2906 luci'S.

205 2967 364 3016 tunnenceof
417 2945 502 3009 Item
530 2948 557 3009 si
592 2948 720 3010 dicatur
749 2949 839 3029 quod
869 2948 960 3010 idem
991 2946 1070 3015 iacit
1096 2948 1198 3011 virtus
1228 2948 1330 3031 patris
1362 2946 1396 3009 in
1431 2944 1522 3008 semi-

203 3043 334 3147 gffiffl
372 3048 468 3112 nibus
490 3050 580 3131 quod
605 3048 683 3113 iacit
704 3052 808 3113 virtus
830 3050 914 3113 coeli
938 3052 970 3112 in
998 3051 1135 3114 materia
1162 3050 1356 3135 putrefacta,
1384 3060 1422 3113 ut
1449 3048 1523 3113 dicit

203 3114 328 3239 horiex-g'
375 3152 547 3217 Avicenna
569 3155 722 3236 septim0,
752 3166 786 3217 et
816 3153 1005 3237 philosophi
1036 3154 1203 3218 naturales
1234 3166 1269 3217 et
1300 3155 1420 3217 medici
1452 3172 1523 3217 con-

202 3228 311 3294 plamed.
372 3242 515 3331 fitentur,
531 3260 622 3340 quod
647 3260 679 3321 in
702 3260 827 3325 semine
848 3269 926 3322 sunt
948 3260 1087 3322 virtutes
1109 3259 1220 3342 patris,
1242 3267 1276 3321 et
1298 3267 1474 3321 remanent
1496 3258 1525 3318 in

371 3363 582 3442 generatione
608 3362 728 3444 prolis;
758 3374 964 3446 quapropter
985 3373 1124 3447 possunt
1145 3364 1271 3445 specics
1296 3384 1469 3427 remanere
1496 3362 1526 3423 in

370 3465 521 3528 absentia
541 3468 725 3548 generantis
743 3488 809 3543 eas,
823 3479 856 3532 et
878 3468 942 3530 hoc
964 3468 997 3530 in
1021 3469 1171 3531 absentia
1193 3467 1316 3550 patris;
1340 3488 1424 3549 ergo
1441 3467 1528 3530 sirni-

369 3568 444 3632 liter
458 3571 578 3652 poterit
596 3591 668 3633 esse
689 3571 722 3633 in
739 3572 831 3647 ali'is;
853 3572 1029 3635 dicendum
1053 3583 1113 3646 est,
1129 3573 1221 3655 quod
1245 3582 1339 3655 pater
1362 3582 1400 3635 et
1425 3581 1529 3635 mater

369 3674 435 3738 sint
452 3675 599 3756 ejusdem
616 3687 753 3741 naturae
767 3676 948 3759 specificae,
964 3686 997 3739 et
1014 3678 1090 3739 ideo
1106 3678 1230 3762 species
1246 3686 1280 3739 et
1297 3676 1401 3739 virtus
1426 3676 1529 3759 patris

370 3790 502 3863 recepta
526 3781 558 3844 in
588 3791 693 3845 matre
722 3792 934 3849 conservatur
961 3803 1018 3865 per
1042 3784 1261 3864 praesentiam
1289 3782 1416 3860 matris,
1445 3800 1532 3864 quae

369 3884 491 3947 sufficit
515 3886 547 3947 in
572 3884 646 3948 loco
670 3885 771 3967 patris
794 3893 930 3966 propter
951 3885 1158 3949 identitatem
1180 3897 1319 3948 naturae
1341 3885 1533 3966 specificae.

369 3988 407 4052 Si
432 3989 566 4063 dicatur,
589 3990 679 4070 quod
705 3988 738 4050 in
762 3988 875 4055 multis
900 3991 998 4051 rebus
1022 3998 1145 4059 manet,
1169 4001 1206 4054 ut
1236 3989 1318 4070 lapis
1344 3990 1535 4055 calefactus

369 4094 455 4156 bene
469 4094 588 4156 retinet
603 4092 747 4156 calorem
763 4104 797 4156 et
812 4091 888 4157 calx
900 4094 983 4170 viva,
995 4103 1029 4157 et
1045 4093 1148 4156 multa
1163 4094 1235 4169 alia,
1245 4095 1426 4158 dicendum
1440 4095 1534 4177 quod

369 4216 436 4259 non
455 4196 563 4260 solum
585 4208 636 4262 est
655 4198 700 4260 ibi
719 4198 854 4279 species,
875 4199 935 4260 sed
958 4197 1093 4261 effectus
1116 4199 1329 4281 completior3
1351 4210 1386 4262 et
1411 4212 1537 4264 natura

369 4301 462 4362 densi
479 4301 564 4362 bene
579 4302 804 4363 conservantis
818 4300 962 4383 speciem
979 4312 1183 4384 cooperatur.
1231 4301 1266 4364 Si
1287 4304 1421 4366 dicatur
1441 4306 1536 4387 quod
1628 4330 1629 4397 ᾖ

368 4404 447 4466 luna
473 4414 507 4467 et
531 4404 647 4467 stellae
675 4413 754 4467 sunt
779 4425 919 4486 corpora
947 4404 1088 4468 multum
1113 4407 1224 4484 densa,
1250 4406 1333 4470 sicut
1358 4406 1538 4474 Averroes

366 4510 466 4571 docet
482 4510 628 4572 secundo
645 4507 740 4572 Cocli
754 4517 790 4572 et
805 4508 933 4581 Mundi,
943 4518 976 4572 et
993 4510 1025 4572 in
1042 4509 1126 4573 libro
1141 4511 1184 4573 de
1201 4508 1399 4574 Substantia
1419 4514 1538 4594 Orbis,

367 4622 402 4673 et
425 4611 603 4695 multiplex
625 4613 778 4696 probatio
803 4613 905 4676 currit
930 4634 1029 4695 super
1051 4613 1123 4692 hoc,
1147 4634 1233 4696 quae
1256 4634 1322 4677 non
1346 4624 1401 4677 est
1427 4622 1538 4683 modo
