3542 5359
1087 633 1316 692 PARS
1368 634 1691 707 QUINTA
1716 656 1737 690 .·
1813 633 1914 693 CA
1922 633 1992 691 P.
2046 633 2098 690 J.
2621 644 2737 706 531

436 803 773 877 punctum,
823 794 943 857 erit
998 795 1253 859 brevior
1302 817 1503 879 quam
1560 796 1734 860 linea
1783 796 2030 861 reflexa
2078 796 2248 857 inter
2295 792 2407 854 illa
2464 802 2732 872 puncta.

439 897 756 962 Similiter
787 897 959 961 linea
992 909 1170 963 recta
1209 910 1309 963 est
1348 901 1606 964 brevior
1638 899 1814 964 linea
1848 900 2070 970 fracta,
2109 908 2180 960 ut
2211 918 2255 959 a
2278 917 2319 977 q
2356 895 2528 959 linea
2560 906 2743 959 recta

435 1013 536 1065 est
589 1002 851 1065 brevior
897 1023 1099 1084 quam
1151 1024 1195 1065 a
1244 1025 1287 1085 q
1333 1003 1541 1068 fracta
1599 1005 1844 1088 duplici
1903 1004 2238 1068 fractione.

441 1104 545 1169 Sit
590 1128 634 1169 a
679 1116 963 1187 punctus
1004 1108 1123 1181 sol,
1169 1130 1213 1171 a
1240 1131 1283 1191 q
1335 1110 1421 1172 sit
1469 1110 1638 1174 linea
1687 1108 2242 1192 perpendicularis
2399 1054 2620 1265 (mi)

437 1212 680 1274 cadens
713 1231 908 1294 super
937 1233 1052 1275 vas
1082 1213 1359 1276 vitreum
1403 1215 1781 1290 rotundum,
1810 1215 1989 1295 quod
2037 1224 2137 1277 est
2176 1212 2240 1287 d,
2443 1247 2544 1275 aa„

439 1316 654 1399 primo
705 1315 1042 1398 frangetur
1086 1338 1130 1379 a
1167 1328 1219 1399 p
1267 1319 1484 1381 radius
1543 1318 1606 1382 in
1662 1318 2002 1400 superficie
2053 1318 2243 1395 vasiS,
2524 1309 2532 1324 ³

439 1421 621 1501 quod
655 1430 756 1483 est
788 1440 1026 1503 corpus
1067 1422 1335 1486 alterius
1364 1424 1870 1505 diaphaneitatis
1900 1444 2102 1505 quam
2135 1442 2246 1486 aer

439 1533 650 1586 extra.
775 1524 946 1587 Item
1006 1546 1158 1589 cum
1213 1528 1447 1591 transit
1506 1526 1703 1591 aliam
1766 1536 2020 1609 partem
2075 1527 2245 1590 vasis

440 1628 781 1711 frangetur
824 1630 1042 1694 adhuc
1076 1631 1141 1692 in
1195 1653 1244 1708 c,
1281 1632 1435 1713 quia
1482 1652 1595 1694 aer
1640 1642 1745 1695 est
1789 1632 2058 1695 alterius
2103 1632 2245 1695 dia·
2355 1669 2356 1672 =
2409 1643 2411 1645 ’

440 1733 844 1815 phaneitatis
875 1755 1072 1816 quam
1101 1755 1236 1809 vas⁸
1261 1744 1329 1799 et
1359 1737 1450 1800 sic
1483 1756 1602 1820 per
1623 1736 1956 1817 duplicem
1984 1736 2245 1799 fractio-

442 1857 593 1900 nem
625 1838 819 1901 cadet
851 1839 1073 1902 radius
1106 1837 1349 1903 fractus
1379 1840 1443 1902 in
1477 1851 1793 1921 punctum
1825 1861 1883 1921 q.
1976 1838 2112 1903 Sed
2144 1860 2187 1902 a
2208 1859 2249 1919 q

440 1941 613 2005 linea
667 1943 1223 2025 perpendicularis
1276 1964 1409 2007 non
1454 1944 1659 2009 fracta
1705 1953 1808 2008 est
1852 1944 2130 2022 brevior,
2174 1953 2249 2006 ut
2351 1998 2371 2013 ,κ

445 2045 862 2110 manifestum
896 2057 996 2112 est
1027 2049 1266 2111 sensui.
1347 2048 1666 2113 Similiter
1696 2058 1798 2111 est
1830 2048 1893 2109 in
1923 2067 2056 2110 una
2085 2046 2247 2110 frac-

440 2152 643 2229 tione,
676 2161 749 2214 ut
783 2162 967 2236 patet
1006 2153 1071 2214 in
1106 2152 1336 2235 figura.
1432 2153 1609 2215 Nam
1643 2153 1708 2214 in
1740 2151 1870 2215 hoc
1904 2149 2235 2232 triangulo

441 2276 485 2317 a
516 2255 553 2318 b
582 2255 751 2318 linea
791 2257 1083 2319 continet
1126 2275 1278 2318 cum
1316 2256 1461 2319 basi
1507 2254 1786 2335 angulos
1825 2265 2055 2326 rect05,
2087 2274 2248 2335 ergo
2532 2314 2540 2338 „-

444 2381 487 2422 a
553 2359 590 2422 b
646 2359 698 2422 d
759 2361 1007 2443 angulo
1059 2361 1419 2443 opponitur
1481 2359 1850 2421 maximum
1904 2358 2075 2420 latus
2135 2377 2252 2439 per
2503 2342 2511 2404 Ὶ

440 2464 765 2526 decimam
830 2483 1076 2527 nonam
1147 2464 1335 2544 primi
1406 2461 1742 2536 Euclidis;
1813 2462 1929 2526 sed
1987 2461 2024 2524 b
2081 2484 2117 2524 o
2173 2471 2244 2524 et
2507 2446 2524 2465 Δ

439 2567 491 2630 d
529 2590 563 2630 e
608 2568 815 2630 latera
859 2566 1453 2650 parallelogrammi
1501 2577 1650 2630 sunt
1694 2565 2040 2647 aequalia;
2086 2563 2263 2629 nam·

444 2693 532 2734 ex
592 2670 945 2753 hypothesi
1009 2672 1358 2735 trahuntur
1416 2674 1499 2735 ad
1562 2670 2037 2752 aequalitatem
2064 2666 2132 2747 1;
2207 2689 2365 2751 ergo
2425 2689 2543 2752 per
2595 2687 2754 2730 con-

444 2776 825 2855 ceptionem
858 2785 1129 2857 oportet
1161 2777 1341 2856 quod
1367 2798 1410 2839 a
1432 2797 1467 2839 e
1487 2775 1658 2838 linea

445 2880 531 2943 sit
562 2878 818 2959 longior
848 2899 1049 2960 quam
1082 2900 1125 2942 a
1152 2902 1205 2942 o.

533 2982 846 3047 Similiter
869 2993 1053 3066 patet
1076 2985 1256 3066 quod
1285 2985 1457 3048 linea
1480 2995 1660 3050 recta

445 3098 546 3152 est
578 3089 834 3152 brevior
850 3108 1050 3169 quam
1073 3099 1391 3168 tortuosa,
1411 3099 1484 3151 ut
1519 3089 1661 3172 ipsa

447 3193 717 3257 lineatio
792 3193 1102 3257 ostendit.
1229 3191 1365 3257 Sed
1435 3202 1661 3256 tamen

447 3319 579 3362 non
643 3308 905 3380 oportet
968 3297 1336 3381 comparari
1400 3307 1659 3362 tortuo-

446 3423 589 3466 sam
656 3402 799 3465 aliis
858 3403 921 3464 in
975 3403 1257 3477 actione,
1302 3402 1457 3483 quia
1501 3402 1657 3466 nihil

448 3508 705 3591 deperit
731 3506 872 3587 ejus
897 3507 1137 3569 actioni
1163 3517 1434 3589 propter
1454 3507 1660 3569 virtu-

449 3620 583 3673 tem
616 3611 891 3686 animae,
922 3631 1093 3691 quae
1123 3610 1411 3693 speciem
1443 3611 1660 3692 dirigit

448 3724 865 3789 tortuosam3
942 3734 1073 3777 non
1140 3715 1314 3776 enim
1380 3716 1660 3778 debetur

450 3818 664 3882 lineae
708 3828 1048 3882 tortuosae
1088 3818 1308 3900 aliqua
1348 3818 1658 3899 multipli-

448 3923 623 3986 catio
663 3923 1030 3985 secundum
1080 3942 1169 3998 se,
1209 3921 1326 3984 sed
1389 3934 1660 4004 propter

447 4027 780 4101 animam;
863 4035 931 4088 et
992 4025 1143 4088 ideo
1204 4046 1334 4087 non
1395 4035 1658 4108 oportet

449 4129 818 4212 comparari
878 4149 1027 4192 eam
1078 4130 1162 4192 ad
1225 4128 1405 4192 alias.
1504 4129 1656 4193 Non
1714 4127 1888 4190 enim
1944 4126 2186 4190 accidit
2247 4126 2314 4188 in
2371 4125 2758 4209 corporibus

2391 2517 2512 2566 Fre.
2538 2516 2619 2580 98.

2228 2833 2274 2873 (h

2134 3970 2256 4019 Fre.
2280 3985 2362 4033 99.

516 4367 530 4395 ¹
563 4366 676 4415 The
698 4367 803 4415 line
826 4364 866 4413 d
882 4383 908 4414 e
930 4368 971 4415 is
996 4366 1054 4414 of
1069 4381 1251 4415 course
1275 4373 1365 4413 not
1391 4366 1602 4428 parallel
1626 4373 1680 4413 to
1704 4365 1733 4411 b
1753 4382 1799 4424 o,
1826 4380 1884 4412 as
1907 4362 2079 4412 Bacon
2103 4379 2214 4412 was
2247 4364 2367 4416 well
2399 4380 2587 4412 aware.
2656 4364 2759 4415 His

448 4462 541 4495 use
567 4445 626 4493 of
632 4447 722 4494 the
739 4446 885 4493 word
910 4445 1368 4507 parallelogrammi
1392 4445 1437 4492 is
1459 4443 1720 4493 therefore
1743 4459 1810 4491 an
1836 4443 2112 4503 over-sight.
2150 4442 2197 4491 It
2216 4444 2343 4491 does
2362 4450 2468 4505 not,
2491 4443 2753 4504 however,

447 4525 600 4572 affect
634 4525 716 4572 his
750 4523 1041 4584 reasoning.
1110 4523 1223 4571 The
1256 4523 1433 4584 length
1469 4523 1529 4571 of
1553 4524 1643 4570 the
1678 4521 1811 4569 lines
1834 4521 1865 4567 b
1884 4537 1915 4568 ο
1942 4521 2043 4569 and
2066 4518 2106 4567 d
2121 4537 2146 4568 e
2166 4521 2322 4583 being
2343 4522 2609 4582 arbitrary,
2635 4522 2760 4583 they

448 4618 537 4651 are
569 4602 725 4650 taken
751 4610 805 4649 to
826 4603 891 4650 be
918 4600 1083 4662 equal.
1155 4600 1200 4648 lt
1225 4600 1424 4648 follows
1460 4601 1569 4648 that
1592 4617 1625 4648 a
1649 4599 1729 4648 d÷
1750 4597 1830 4647 de
1851 4615 1938 4647 are
1963 4606 2170 4661 greater
2193 4599 2318 4648 than
2342 4616 2376 4647 a
2399 4600 2475 4652 ὀὴ
2495 4598 2524 4647 b
2546 4615 2590 4648 ο.
2644 4599 2759 4649 The

450 4680 616 4742 figure
642 4680 692 4727 in
714 4679 892 4739 jebb's
914 4679 1112 4728 edition
1136 4680 1181 4727 is
1201 4693 1402 4740 wrong.
2257 4673 2265 4684 '

1479 4775 1711 4825 Mm2
