3542 5359
391 632 718 692 PERSPECTIVAE
743 631 858 689 PARS
884 629 1045 688 PRIMA:
1079 628 1188 687 DIST.
1218 626 1269 684 VI.
1372 640 1413 701 43

678 928 905 995 Caurruuuu
936 930 993 994 lV.

300 1120 338 1183 ln
353 1140 423 1202 quo
445 1120 605 1203 probatur
619 1140 698 1184 vera
718 1121 837 1185 mixtio
857 1120 1040 1204 specierum
1062 1120 1095 1181 in
1113 1116 1264 1200 quolibet
1284 1126 1410 1200 puncto

253 1225 366 1301 medii,
381 1244 457 1289 curn
473 1225 689 1289 evacuatione
704 1222 950 1289 cavillationum
966 1226 999 1288 in
1014 1224 1223 1288 contrarium.

299 1424 384 1489 Cum
408 1434 520 1489 autem
546 1426 669 1503 dicunt,
691 1425 782 1507 quod
806 1425 933 1507 species
958 1424 1062 1487 habet
1085 1443 1158 1487 esse
1181 1420 1352 1506 spirituale
1375 1421 1409 1485 in
1423 1430 1566 1511 Proostuat

253 1530 376 1604 medio,
391 1529 455 1595 hoc
470 1522 538 1593 nou
555 1539 606 1593 est
620 1530 805 1593 secundum
820 1529 912 1611 quod
932 1528 1104 1612 spirituale
1122 1529 1263 1591 sumitur
1277 1528 1410 1610 proprie
1421 1498 1554 1619 ffifflff

252 1644 290 1697 et
306 1634 423 1716 primo,
438 1655 459 1697 a
476 1634 602 1717 spiritu,
617 1635 799 1698 secundum
815 1636 905 1716 quod
921 1634 1062 1697 dicimus
1077 1632 1187 1696 Deum
1202 1642 1237 1695 et
1252 1631 1408 1714 angelum
1420 1639 1466 1679 not
1476 1629 1560 1694 spirit-

252 1748 288 1801 et
303 1737 450 1801 animam
469 1758 540 1802 esse
556 1758 608 1801 res
626 1738 832 1821 spirituales:
854 1737 935 1819 quia
954 1736 1093 1818 planum
1110 1748 1161 1801 est
1176 1737 1267 1818 quod
1283 1736 1409 1819 species
1421 1694 1470 1746 ”L

254 1861 363 1905 rerum
375 1842 595 1925 corporalium
607 1863 672 1906 non
684 1842 731 1906 sic
743 1853 822 1907 sunt
832 1841 1031 1925 spirituales
1060 1842 1151 1926 Ergo
1162 1842 1206 1904 de
1216 1840 1410 1905 necessitate

252 1944 427 2011 habebunt
449 1966 523 2011 esse
545 1945 723 2029 corporale,
742 1947 821 2029 quia
844 1966 964 2029 corpus
985 1956 1020 2010 et
1041 1946 1175 2028 spiritus
1196 1954 1411 2029 opponuntur

252 2051 327 2114 sine
342 2051 464 2115 medio.
511 2050 557 2114 Et
578 2052 606 2115 si
628 2050 754 2114 habent
776 2071 849 2115 esse
870 2050 1051 2133 corporale,
1069 2050 1169 2115 etiam
1191 2049 1316 2113 habent
1338 2068 1410 2114 esse

252 2155 434 2231 materiale,
449 2164 484 2219 et
504 2154 580 2220 ideo
600 2155 724 2219 debent
744 2174 874 2218 servare
894 2153 984 2238 leges
1004 2174 1111 2218 rerum
1133 2153 1353 2217 materialium
1375 2165 1409 2219 et

251 2259 485 2341 corporalium,
504 2270 539 2323 ct
562 2261 637 2323 ideo
660 2259 800 2336 misceri,
817 2261 953 2341 quando
974 2268 1053 2323 sunt
1074 2260 1266 2329 contrariae,
1287 2268 1322 2321 et
1343 2280 1409 2323 una

252 2362 333 2437 fieri,
349 2364 483 2446 quaudo
504 2374 581 2429 sunt
601 2362 751 2445 ejusdem
772 2364 893 2445 speciei
913 2362 1232 2445 praedicamentalis.
1279 2363 1324 2425 Et
1345 2362 1409 2428 hoc

252 2468 374 2531 iterum
396 2477 498 2551 patet,
513 2469 669 2550 quoniam
691 2467 817 2551 species
837 2477 889 2531 est
909 2467 1087 2531 similitudo
1108 2467 1155 2529 rei
1176 2467 1355 2550 corporalis
1375 2479 1410 2532 et

252 2592 321 2636 nou
350 2572 549 2655 spiritualis:
581 2592 661 2655 ergo
691 2571 829 2635 habebit
859 2592 932 2635 esse
960 2573 1139 2655 corporale.
1187 2572 1271 2635 ltem
1298 2582 1349 2635 est
1375 2574 1409 2635 in

253 2677 366 2741 medio
387 2676 550 2761 corporali
574 2688 607 2741 et
629 2676 800 2753 materiali,
819 2685 854 2742 et
876 2696 977 2741 omne
994 2677 1084 2760 quod
1109 2676 1264 2758 recipitur
1286 2676 1320 2739 in
1344 2674 1410 2740 alio

252 2792 305 2845 est
329 2802 389 2863 per
410 2783 549 2846 modum
573 2781 770 2865 recipientis,
793 2791 831 2845 ut
855 2782 977 2845 dicitur
997 2780 1032 2843 in
1059 2780 1144 2844 libro
1161 2782 1204 2843 de
1225 2779 1351 2855 Causis,
1374 2790 1408 2844 et

254 2886 392 2951 Boetius
411 2886 494 2950 dicit
514 2886 547 2949 in
567 2886 652 2950 libro
672 2886 790 2969 quinto
812 2886 855 2949 de
871 2884 1117 2951 Consolatione
1164 2884 1256 2967 Ergo
1275 2894 1409 2965 oportet

251 2992 344 3073 quod
370 2991 494 3055 babeat
518 3011 591 3056 esse
614 2991 784 3072 corporale
807 2990 840 3053 in
865 2991 978 3053 medio
1006 2988 1176 3071 corporali.
1230 2988 1407 3053 Caeterum

251 3096 381 3178 species
400 3096 480 3159 sacit
500 3093 726 3179 operationem
747 3096 963 3177 corporalem,
980 3104 1018 3158 ut
1037 3094 1165 3177 species
1184 3093 1302 3157 caloris
1321 3094 1406 3159 cale-

251 3199 333 3265 facit
348 3220 495 3283 corpora,
506 3210 540 3263 et
555 3201 715 3277 exsiccat,
728 3209 762 3263 et
778 3198 963 3282 putrefacit,
972 3209 1007 3263 et
1022 3200 1067 3264 sic
1082 3200 1124 3263 de
1139 3198 1210 3262 aliis
1224 3197 1405 3281 speciebus.

252 3303 347 3385 Ergo
365 3324 441 3367 cum
457 3303 520 3367 hoc
541 3303 619 3367 lacit
639 3303 783 3368 calorem
805 3304 949 3380 univoce,
965 3314 999 3367 et
1015 3304 1179 3367 mediante
1200 3301 1308 3368 calore
1328 3301 1407 3367 facit

249 3408 325 3485 alia,
341 3428 474 3473 necesse
488 3409 645 3491 estquod
661 3409 703 3472 sit
719 3428 770 3472 res
786 3408 973 3493 corporalis,
988 3408 1067 3491 quia
1082 3428 1132 3471 res
1146 3408 1324 3490 spiritualis
1339 3427 1407 3470 non

250 3511 329 3575 facit
350 3512 514 3577 actionem
536 3513 740 3596 corporalem
764 3512 913 3578 univoce.
957 3512 1074 3595 Atque
1096 3513 1243 3577 maxime
1264 3512 1341 3576 facit
1361 3513 1406 3574 ad

250 3616 326 3695 hoc,
341 3618 434 3699 quod
456 3618 584 3701 species
607 3629 657 3682 est
679 3618 829 3700 ejusdem
852 3618 1013 3682 essentiae
1036 3638 1113 3680 cum
1136 3617 1254 3681 effectu
1277 3617 1407 3700 agentis

250 3720 429 3804 completo,
452 3732 486 3785 et
512 3721 551 3786 fit
574 3721 638 3798 ille,
662 3724 800 3805 quando
825 3742 929 3806 agens
954 3721 1123 3785 invalescit
1145 3721 1407 3804 superpatiens

250 3824 423 3909 Quoniam
453 3828 486 3890 in
516 3827 686 3912 principio,
710 3827 846 3909 quando
877 3827 967 3910 ligna
995 3826 1162 3903 calefiunt,
1185 3827 1268 3889 dum
1297 3825 1407 3889 adhuc

251 3942 388 3996 manent
403 3931 502 4014 ligna,
512 3931 638 3995 habent
652 3933 798 4015 speciem
814 3931 909 4015 ignis,
920 3942 955 3995 et
969 3942 1086 4013 postea
1100 3929 1296 3995 fortificatur
1309 3932 1407 4007 actio,

249 4046 286 4100 et
311 4036 440 4118 specim
469 4046 685 4120 promovetur
710 4036 742 4099 in
774 4038 885 4118 iguem
915 4032 1132 4118 completum,
1158 4037 1291 4118 quando
1322 4036 1408 4117 ignis

249 4140 434 4224 corruperit
464 4151 618 4205 naturam
650 4139 836 4223 specificam
870 4139 1046 4223 lignorum,
1072 4150 1106 4204 et
1135 4138 1174 4204 fit
1203 4139 1346 4217 flamma,
1373 4149 1408 4202 et

248 4245 360 4309 carbo.
406 4244 487 4310 Non
512 4266 593 4329 ergo
619 4243 728 4311 diflert
753 4246 880 4329 species
905 4264 926 4307 a
951 4244 1096 4308 carbone
1122 4253 1156 4307 et
1180 4242 1323 4319 flamma,
1345 4241 1407 4304 nisi

247 4350 336 4414 sicut
354 4348 593 4433 incompletum
608 4371 628 4413 a
644 4350 820 4432 completo,
835 4350 922 4415 sicut
943 4350 1083 4431 embryo
1104 4369 1125 4411 a
1145 4367 1255 4431 puero,
1271 4356 1306 4410 et
1324 4365 1408 4428 puer

247 4475 269 4519 a
294 4454 375 4519 viro.
430 4452 500 4519 Sed
526 4463 657 4519 constat
679 4454 771 4536 quod
798 4454 1002 4537 completum
1028 4463 1081 4517 est
1107 4448 1295 4516 materiale:
1324 4469 1405 4533 ergo

246 4568 283 4621 et
304 4558 557 4641 incompletum,
572 4558 762 4641 ubicunque
784 4558 982 4643 accipiamus
1003 4577 1053 4635 ea,
1068 4555 1147 4639 quia
1168 4551 1406 4636 incompletum

245 4660 285 4727 tit
315 4662 530 4747 completum
584 4660 798 4726 Manifestum
828 4672 879 4726 est
905 4683 994 4745 ergo,
1023 4661 1115 4743 quod
1141 4656 1266 4743 species
1296 4678 1404 4722 rerum
