3542 5359
382 610 578 671 MORALIS
602 611 920 671 PHILOSOPHIA:
954 611 1070 672 PARS
1097 612 1262 672 TERTIA.
1337 630 1398 694 315

246 774 277 839 O
303 773 554 840 fortunatiorem
582 773 777 838 Marcellum
804 794 845 839 eo
870 784 1022 858 tempore
1043 796 1111 858 quo
1134 775 1274 840 exilium
1301 797 1398 842 suurn

245 878 351 942 Bruto
365 877 575 961 adprobavit,
589 897 691 959 quam
705 897 774 959 quo
788 877 990 962 reipublicae
1005 878 1234 944 consulatuml
1258 928 1267 944 .
1286 930 1294 945 .
1314 931 1321 945 .
1346 882 1398 946 Ita

245 993 290 1062 te,
302 981 471 1059 Marcelle,
480 980 663 1063 disciplinis
673 981 822 1046 imbuisti
832 991 869 1046 ut
879 982 980 1047 scires
991 1002 1126 1054 omnem
1137 983 1248 1048 locum
1257 986 1398 1069 sapienti

245 1088 315 1152 viro
330 1087 472 1170 patriam
487 1085 579 1150 esse’

268 1191 400 1256 '‘Bene
414 1211 496 1273 ergo
508 1187 649 1254 exilium
664 1188 741 1254 tulit
757 1189 944 1266 Marcellus,
959 1209 1020 1254 nec
1035 1190 1213 1273 quicquam
1233 1191 1266 1258 in
1285 1192 1396 1258 auimo
1410 1209 1475 1275 cap.
1490 1225 1528 1258 ιο.

245 1295 463 1378 ejusmutavit
471 1294 537 1358 loci
548 1293 855 1377 mutatio‚quamvis
864 1315 939 1358 earn
947 1305 1124 1376 paupertas
1133 1307 1333 1378 sequeretur.
1358 1296 1397 1360 In

245 1421 312 1482 qua
325 1399 405 1462 nihil
421 1398 501 1462 mali
516 1418 589 1462 esse
603 1397 752 1481 quisquis
762 1399 863 1462 modo
871 1398 1020 1462 nondum
1034 1400 1181 1480 pervenit
1192 1399 1224 1462 in
1236 1400 1397 1465 insaniam

245 1504 359 1566 omnia
381 1502 604 1566 subvertentis
632 1501 790 1566 avaritiae
818 1512 922 1585 atque
951 1501 1113 1582 luxuriae,
1139 1503 1361 1585 intelligit..
1389 1549 1397 1568 .

246 1606 404 1686 Corporis
429 1607 553 1688 exigua
576 1606 740 1670 desideria
763 1617 862 1684 sunt;
897 1605 1000 1690 frigus
1022 1606 1211 1672 submoveri
1233 1608 1316 1688 vult,
1339 1608 1397 1674 ali-

246 1710 368 1774 mentis
395 1711 519 1773 famem
549 1730 589 1772 ac
621 1709 713 1775 sitim
742 1710 948 1792 extinguere.
993 1709 1160 1792 Quicquid
1191 1722 1289 1776 extra
1318 1732 1397 1778 con-

244 1814 423 1896 cupiscitur
436 1813 526 1878 vitiis
542 1834 609 1878 non
624 1814 738 1878 usibus
753 1812 934 1878 laboratur.
979 1813 1058 1878 Non
1074 1825 1125 1880 est
1145 1835 1278 1882 necesse
1298 1836 1398 1880 omne

245 1919 442 2001 perscrutari
457 1916 670 2000 profundum,
679 1937 740 1982 nec
755 1925 867 1999 strage
881 1917 1076 1982 animalium
1085 1929 1235 1983 ventrem
1251 1938 1398 1996 onerare,

245 2041 305 2084 nec
327 2021 505 2103 conchylia
525 2019 635 2085 ultimi
656 2021 758 2084 maris
778 2041 823 2083 ex
845 2021 963 2102 ignoto
984 2020 1080 2086 litore
1102 2041 1215 2088 eruere
1227 2043 1236 2100 ;
1258 2023 1293 2086 di
1315 2024 1399 2088 istos

246 2127 394 2208 deaeque
408 2126 550 2209 perdant
572 2144 714 2206 quorum
738 2124 871 2189 luxuria
893 2135 963 2190 tam
987 2125 1140 2192 invidiosi
1163 2126 1293 2209 imperii
1315 2127 1398 2192 fines

245 2230 510 2294 transcendit..
534 2276 543 2291 .
568 2228 726 2311 Undique
747 2228 937 2295 convehunt
959 2230 1072 2294 omnia
1102 2241 1182 2295 nota
1213 2229 1397 2298 fastidienti

244 2332 354 2416 gulae.
400 2332 501 2418 Quod
516 2332 698 2400 dissolutus
713 2328 872 2421 [deliciis]
888 2334 1081 2400 stomachus
1095 2337 1154 2398 vix
1170 2335 1339 2414 admittat,
1354 2337 1398 2399 ab

245 2439 362 2503 ultimo
377 2449 530 2521 portatur
544 2438 691 2505 Oceano.
733 2438 884 2504 Vomunt
900 2447 936 2504 ut
951 2441 1063 2514 edant,
1078 2440 1182 2506 edunt
1198 2451 1235 2506 ut
1249 2451 1399 2519 vomant,

245 2554 278 2606 et
293 2543 409 2626 epulas
423 2563 507 2626 quas
520 2553 595 2608 toto
610 2543 691 2608 orbe
704 2543 904 2624 conquirunt
918 2563 979 2608 nec
993 2564 1198 2628 concoquere
1209 2546 1397 2628 dignantur.

246 2646 317 2711 Ista
330 2647 358 2710 si
373 2649 449 2729 quis
464 2647 607 2731 despicit
624 2647 705 2730 quid
726 2646 774 2712 illi
794 2655 975 2730 paupertas
996 2655 1116 2713 nocet?
1143 2696 1152 2711 .
1167 2696 1176 2712 .
1192 2648 1247 2713 ,Ο
1263 2651 1399 2717 misera-

244 2749 344 2814 biles’
362 2797 371 2812 .
388 2799 397 2814 .
413 2799 422 2814 .
438 2761 476 2816 ut
490 2751 641 2833 superius
655 2760 706 2816 est
721 2750 897 2816 notatum¹
913 2776 921 2816 ι
945 2761 978 2816 et
994 2751 1112 2828 inlert3
1135 2752 1254 2817 ‘Libet
1268 2753 1398 2829 dicere;

245 2852 335 2936 Quid
368 2855 534 2920 deducitis
562 2861 687 2919 naves?
724 2855 805 2938 quid
835 2875 953 2920 manus
989 2866 1024 2921 et
1052 2857 1211 2921 adversus
1243 2856 1329 2922 seras
1363 2871 1398 2922 et

243 2960 401 3024 adversus
427 2958 578 3024 homines
603 2959 760 3024 armatis?
790 2958 871 3041 quid
901 2967 998 3024 tanto
1024 2960 1169 3025 tumultu
1195 2961 1398 3026 discurritis?

243 3066 324 3146 quid
346 3085 428 3148 opes
450 3065 572 3149 opibus
593 3063 773 3148 adgeritis?
796 3084 864 3128 non
883 3063 983 3126 vultis
1004 3066 1151 3148 cogitare
1172 3085 1273 3147 quarn
1298 3085 1399 3148 parva

244 3171 341 3233 vobis
354 3189 495 3252 corpora
509 3170 600 3234 sint?
623 3189 732 3233 nonne
746 3167 836 3232 furor
850 3179 884 3233 et
903 3166 1040 3232 ultimus
1055 3170 1216 3234 mentium
1232 3189 1322 3234 error
1336 3181 1397 3247 est,

244 3293 320 3338 curn
348 3283 418 3338 tarn
446 3274 607 3356 exiguum
639 3273 762 3355 capias,
792 3293 914 3355 cupere
948 3271 1116 3338 multum?
1162 3273 1260 3338 Licet
1284 3275 1398 3358 itaque

243 3380 395 3461 augeatis
417 3398 543 3454 census,
567 3379 789 3462 promoveatis
811 3377 911 3441 fines:
943 3397 1112 3461 nunquam
1129 3388 1242 3444 tamen
1259 3399 1398 3463 corpora

243 3495 354 3547 vestra
377 3482 536 3547 laxabitis
551 3530 559 3544 .
575 3530 584 3547 .
599 3527 608 3544 .
625 3481 720 3546 Haec
742 3482 900 3546 accidunt
921 3481 1056 3546 divitias
1078 3502 1144 3546 non
1167 3483 1210 3548 ad
1233 3484 1396 3548 rationem

244 3589 485 3666 revocantibus,
507 3586 602 3668 cuius
630 3588 712 3650 certi
741 3585 823 3651 fines
852 3597 944 3666 sunt,
971 3588 1030 3652 sed
1057 3588 1101 3652 ad
1132 3589 1287 3654 vitiosam
1318 3607 1397 3654 oon·

242 3693 465 3768 suetudinem,
478 3691 573 3773 cujus
593 3691 792 3756 immensum
813 3701 850 3756 et
870 3691 1202 3775 incomprehensibile
1222 3693 1397 3760 arbitrium

244 3805 305 3861 est
365 3795 553 3879 Cupiditati
589 3793 672 3858 nihil
707 3805 759 3859 est
795 3794 886 3872 satis,
915 3806 1053 3862 naturae
1090 3797 1171 3862 satis
1208 3806 1259 3863 ert
1294 3797 1397 3860 etiam

243 3899 380 3985 nsum?

288 4004 400 4069 ‘Nihil
436 4004 564 4068 homini
600 4013 718 4068 natura
754 4003 844 4087 quod
881 4004 1103 4068 necessarium
1139 4003 1282 4069 iaciebat
1319 4004 1526 4083 secitcrp..1.

182 4100 190 4110 ’
243 4109 590 4192 operosum...Non
612 4107 763 4172 fortunae
786 4108 850 4171 iste
872 4107 1027 4170 vitiosed
1050 4127 1111 4171 suo
1130 4127 1257 4191 pauper
1270 4117 1396 4174 est...

243 4213 311 4297 Qui
324 4213 508 4278 continebit
520 4213 631 4295 itaque
644 4206 709 4300 [se]
722 4212 809 4276 intra
819 4211 1003 4275 naturalem
1017 4211 1153 4274 modum
1166 4221 1396 4293 paupertatem

244 4337 311 4383 non
333 4318 476 4394 sentiet;
498 4316 556 4399 qui
577 4315 763 4382 naturalem
786 4316 923 4380 modum
947 4315 1082 4378 excedit
1105 4335 1182 4380 eum
1205 4316 1237 4379 in
1259 4317 1398 4384 summis

242 4441 375 4504 quoque
390 4420 511 4503 opibus
526 4431 705 4503 paupertas
720 4427 884 4503 sequetur.
939 4419 970 4482 N
973 4415 1160 4486 ecessariis’
1178 4419 1266 4484 enim
1282 4419 1399 4486 ‘rebus

243 4525 362 4590 exilia'
377 4546 509 4610 semper
523 4523 719 4603 ‘sufficiunt
733 4524 946 4606 supervacuis
965 4543 1025 4588 nec
1042 4543 1153 4608 regna.
1187 4522 1332 4590 Animus
1348 4537 1397 4592 est

759 4643 807 4706 ¹1²·
819 4657 876 4706 aas
