3542 5359
393 539 452 620 33⁶
607 537 762 598 OPERIS
785 536 974 606 MAJORIS
998 535 1111 594 PARS
1136 533 1334 593 SEPTIMA.

394 702 586 789 placeant';
609 714 642 769 et
664 715 795 768 caetera
821 712 920 786 prout
943 702 1094 785 superius
1117 750 1125 766 .
1149 749 1157 764 .
1182 749 1189 762 .
1213 700 1443 784 ‘Quaeramus
1466 697 1544 781 quid

393 811 559 893 optimum
582 805 695 874 factu¹
719 809 772 885 sit,
795 828 862 872 non
888 808 970 890 quid
992 806 1253 882 usitatissimum,
1268 815 1302 870 et
1325 806 1403 890 quid
1428 825 1488 870 nos
1513 805 1543 865 in

393 915 602 999 possessione
633 912 797 978 felicitatis
828 912 1018 987 constituat,
1048 931 1114 975 non
1144 911 1225 995 quid
1259 912 1368 995 vulg0,
1395 911 1542 975 veritatis

393 1021 537 1102 pessimo
557 1018 734 1102 interpreti,
750 1009 993 1099 probatum'sit
1010 1065 1016 1077 .
1036 1015 1205 1081 ..Habeo
1226 1017 1344 1081 melius
1368 1028 1401 1081 et
1424 1019 1543 1082 certius

394 1123 504 1186 lumen
527 1144 595 1207 quo
620 1144 641 1186 a
670 1121 760 1185 falsis
783 1140 860 1185 vera
889 1120 1091 1203 dijudicem3
1129 1122 1229 1185 animi
1261 1123 1385 1186 bonum
1413 1123 1542 1186 animus

392 1228 547 1291 inveniat.
596 1226 662 1289 Hic
691 1227 718 1289 si
749 1245 896 1308 unquam
929 1226 1088 1307 respirare
1113 1225 1179 1289 illic
1210 1235 1244 1290 et
1270 1227 1422 1292 recedere
1448 1228 1480 1291 in
1508 1247 1542 1290 se

390 1331 566 1404 vacaverit
592 1352 612 1395 o
634 1350 735 1413 quam
762 1330 825 1393 sibi
853 1331 923 1412 ipse
945 1349 1060 1392 verum
1084 1339 1191 1394 tortus
1218 1351 1238 1393 a
1264 1351 1300 1396 se
1323 1331 1481 1396 fatebitur
1503 1351 1541 1395 ac

390 1435 488 1513 dicet,
511 1435 678 1518 Quicquid
702 1433 763 1498 feci
786 1432 905 1511 adhuc,
928 1434 1083 1498 infectum
1106 1455 1179 1498 esse
1202 1436 1336 1500 mallem
1361 1483 1368 1498 .
1395 1485 1401 1498 .
1427 1485 1434 1500 .
1457 1435 1541 1499 Mihi

390 1541 450 1622 ipsi
475 1541 623 1603 nondum
647 1539 772 1602 amicus
795 1557 943 1601 sum...
965 1537 1035 1602 ista
1057 1559 1143 1622 quae
1165 1550 1365 1621 spectantur,
1388 1541 1431 1604 ad
1455 1560 1541 1624 quae

389 1643 590 1723 consistitur,
618 1663 703 1726 quae
728 1640 930 1707 alteralteri
953 1651 1090 1725 stupens
1113 1654 1287 1722 monstrat,
1316 1644 1393 1708 foris
1423 1645 1540 1722 nitent,

389 1749 550 1812 introrsus
567 1749 683 1811 misera
698 1757 784 1810 sunt.

434 1851 660 1934 ‘Quaeramus
680 1850 804 1933 aliquid
823 1870 889 1914 non
906 1852 938 1913 in
955 1852 1100 1933 speciem
1116 1854 1252 1930 bonum,
1271 1854 1330 1917 sed
1346 1853 1489 1917 solidum
1506 1862 1540 1918 et

387 1957 524 2040 aequale
539 1967 572 2020 et
587 1976 607 2018 a
623 1956 798 2019 secretiore
814 1967 908 2038 parte
930 1953 1106 2019 formosius
1123 2005 1130 2020 .
1149 2005 1156 2020 .
1172 2007 1179 2022 .
1197 1978 1256 2022 nec
1271 1958 1370 2042 longe
1392 1958 1536 2040 positum

389 2056 493 2148 [est];
531 2060 723 2124 invenietur.
784 2058 877 2123 Scire
917 2070 1049 2124 tantum
1089 2083 1173 2144 opus
1210 2072 1260 2127 est
1297 2043 1378 2145 quo·
1402 2082 1537 2125 manum

388 2167 558 2248 porrigas3
582 2185 668 2228 nunc
691 2164 831 2227 velutin
853 2163 999 2228 tenebris
1019 2166 1127 2229 vicina
1145 2167 1343 2231 transimus.
1361 2215 1368 2228 .
1386 2213 1393 2228 .
1411 2165 1478 2230 Sed
1497 2185 1538 2229 ne

386 2282 421 2332 te
435 2291 495 2354 per
510 2269 662 2333 circuitus
677 2269 807 2332 traham
826 2316 833 2330 .
852 2317 859 2331 .
878 2315 885 2328 .
902 2288 1010 2332 rerum
1031 2281 1165 2334 naturae
1182 2273 1353 2336 assentior.
1398 2271 1456 2334 Ab
1480 2268 1537 2332 illa

386 2393 452 2436 non
489 2375 642 2438 deerrare
678 2383 712 2437 et
750 2373 792 2436 ad
838 2373 925 2436 illius
963 2373 1070 2457 legem
1108 2375 1367 2458 exemplumque
1405 2374 1537 2439 formari

385 2478 547 2560 sapientia
570 2487 629 2541 est.
676 2477 780 2541 Beata
803 2488 854 2540 est
877 2497 957 2560 ergo
972 2479 1040 2541 vita
1062 2481 1258 2544 conveniens
1280 2491 1416 2544 naturae
1439 2500 1538 2552 suae3

385 2603 471 2666 quae
488 2603 554 2646 non
569 2582 664 2646 aliter
679 2582 870 2663 contingere
886 2590 1005 2664 potest,
1021 2603 1121 2666 quam
1141 2585 1168 2647 si
1186 2585 1327 2667 primurn
1343 2605 1424 2647 sana
1443 2603 1537 2646 mens

383 2698 434 2750 est
449 2698 483 2750 et
499 2688 533 2749 in
549 2698 710 2769 perpetua
733 2685 941 2769 possessione
964 2687 1115 2750 sanitatis
1135 2708 1225 2766 suae,
1241 2689 1361 2753 deinde
1382 2687 1474 2752 fortis
1497 2706 1537 2751 ac

383 2790 569 2868 vehemens,
600 2802 677 2855 tunc
708 2789 929 2872 pulcherrima
960 2800 994 2855 et
1024 2787 1176 2874 patiens²
1209 2803 1288 2875 apta
1321 2792 1536 2874 temporibus,

382 2897 530 2978 corporis
553 2895 603 2958 sui
623 2894 924 2977 pertinentiumque
944 2894 986 2957 ad
1010 2894 1042 2958 id
1064 2897 1192 2960 curiosa
1219 2917 1285 2959 non
1306 2897 1429 2971 anxie3
1462 2905 1533 2959 tum

381 2998 519 3062 aliarum
536 3020 643 3062 rerum
660 3019 744 3082 quae
760 2998 864 3061 vitam
889 2999 1052 3062 instruunt
1068 2998 1206 3080 diligens
1224 3002 1295 3065 sine
1314 3001 1534 3065 admiratione

381 3103 587 3184 cujusquam,
637 3124 735 3168 usura
794 3101 948 3165 fortunae
1000 3105 1198 3182 muneribus,
1244 3124 1310 3167 non
1363 3106 1533 3168 servitura.

383 3206 553 3288 Intelligis,
577 3207 705 3270 etiamsi
732 3227 797 3270 non
823 3207 988 3289 adjiciam,
1012 3209 1103 3291 sequi
1128 3218 1322 3291 perpetuam
1348 3207 1533 3289 tranquilli-

381 3321 494 3388 tatem,
524 3311 723 3390 libertatem‚
753 3313 900 3394 depulsis
937 3313 976 3375 iis
1009 3333 1095 3394 quae
1131 3321 1190 3375 aut
1227 3311 1355 3376 irritant
1385 3334 1445 3376 nos
1474 3323 1532 3376 aut

380 3416 541 3478 territant.
587 3415 676 3478 Nam
700 3436 760 3497 pro
782 3415 1009 3498 voluptatibus
1033 3426 1066 3479 et
1093 3437 1153 3498 pro
1176 3415 1238 3479 illis
1260 3436 1347 3499 quae
1371 3437 1471 3499 parva
1494 3437 1532 3481 ac

380 3516 509 3603 fragilia
546 3529 623 3583 sunt
648 3567 655 3580 .
679 3567 687 3583 .
712 3568 718 3581 .
742 3520 858 3602 ingens
897 3520 1055 3600 gaudium
1093 3519 1193 3596 subit,
1231 3521 1458 3585 inconcussum
1498 3530 1532 3582 et

379 3624 528 3706 aequale,
557 3633 629 3686 tum
659 3645 728 3707 pax
757 3636 791 3688 et
825 3625 1000 3687 concordia
1031 3623 1133 3687 animi
1164 3635 1199 3689 et
1229 3626 1425 3706 magnitudo
1454 3644 1528 3687 cum

379 3726 653 3792 mansuetudine!

420 3833 558 3895 ‘Potest
591 3831 687 3896 aliter
723 3852 856 3915 quoque
895 3829 1023 3894 definiri
1061 3833 1184 3895 bonum
1223 3843 1372 3897 nostrum
1410 3832 1529 3895 eadem

377 3937 548 4010 sententia,
564 3957 630 3998 non
648 3937 765 4000 iisdem
780 3937 911 4000 verbis.
929 3986 936 3999 .
954 3983 961 3996 .
979 3935 1154 3999 Summum
1177 3937 1303 3999 bonum
1327 3947 1376 3999 est
1399 3937 1529 3999 animus

375 4039 512 4104 fortuita
528 4041 721 4122 despiciens,
731 4042 853 4105 virtute
869 4041 975 4104 laetus
989 4064 997 4117 ;
1020 4050 1087 4116 aut,
1099 4040 1219 4104 invicta
1234 4041 1284 4103 vis
1300 4041 1409 4116 animi,
1421 4041 1529 4122 perita

375 4164 492 4220 rerum,
516 4142 647 4225 placida
671 4145 703 4206 in
727 4157 802 4208 actu
824 4165 900 4207 cum
925 4143 1130 4208 humanitate
1152 4143 1256 4207 multa
1279 4154 1313 4206 et
1331 4164 1528 4207 conversan-

375 4249 458 4311 tium
474 4267 560 4311 cura.
606 4248 706 4312 Libet
729 4259 762 4312 et
782 4250 828 4312 ita
850 4247 955 4326 finire,
972 4261 1008 4312 ut
1030 4250 1166 4312 beatum
1190 4249 1339 4312 dicamus
1355 4247 1528 4311 hominem

406 4411 414 4439 ¹
431 4411 535 4472 factum,
548 4413 581 4461 Ο.
617 4413 646 4462 ln
665 4413 710 4462 the
727 4429 799 4463 same
816 4423 951 4475 sentence,
963 4415 1028 4464 after
1044 4413 1172 4464 felicitatis
1190 4413 1279 4463 Bucou
1297 4413 1374 4463 omits
1390 4413 1435 4462 the
1451 4415 1530 4463 word

373 4498 505 4540 aeternae.

406 4567 416 4594 ³
434 4568 618 4629 ‘pulcherrima
628 4570 789 4631 compatiens
800 4577 861 4632 apta
872 4571 1031 4633 temporibus
1044 4571 1146 4634 corpori
1157 4586 1206 4622 suo
1217 4570 1424 4634 pertinentibus:
1436 4569 1517 4622 MSS.
