3542 5359
354 1113 629 1165 Definition

355 1180 414 1229 os
430 1180 610 1231 second

353 1261 588 1323 preroga-

352 1321 467 1361 ture.

354 3250 623 3301 Astrolabe

355 3317 536 3366 moved
564 3317 630 3379 by

354 3383 440 3432 the
457 3381 650 3432 revolu-

357 3449 461 3497 tion
487 3448 545 3497 os
561 3447 646 3497 the

357 3514 591 3563 heavens.

677 646 811 690 202
1168 635 1478 695 OPERIS
1525 636 1908 706 MAJORIS
1956 636 2186 698 PARS
2232 638 2534 698 SEXTA.

779 851 1160 934 Capitulum
1209 854 1295 918 de
1353 856 1643 920 secunda
1703 856 2168 941 praerogativa
2213 855 2528 920 scientiae
2579 855 2992 938 experimen-

689 955 863 1022 talis.

780 1091 971 1155 Haec
1042 1101 1267 1155 autem
1328 1101 1430 1157 est
1487 1092 1712 1175 quod¹
1758 1093 2074 1158 veritates
2136 1092 2521 1175 magnificas
2579 1092 2646 1157 in
2697 1091 2996 1157 terminis

688 1195 967 1259 aliarum
1013 1196 1452 1274 scientiarum,
1500 1198 1565 1260 in
1613 1218 1781 1280 quas
1827 1218 1946 1280 per
1990 1197 2239 1260 nullam
2284 1199 2461 1261 viam
2509 1207 2789 1280 possunt
2844 1195 2996 1259 illae

688 1299 1021 1379 scientiae,
1054 1300 1218 1364 haec
1247 1300 1390 1365 sola
1420 1302 1839 1367 scientiarum
1873 1301 2143 1366 domina
2185 1301 2739 1384 speculativarum
2773 1309 2997 1382 potest

689 1403 882 1483 dare;
929 1405 1105 1467 unde
1147 1404 1275 1470 hae
1317 1407 1631 1469 veritates
1673 1426 1807 1469 non
1855 1415 2010 1469 sunt
2061 1407 2149 1470 de
2194 1406 2556 1489 primarum
2601 1403 2997 1480 substantia,

687 1509 806 1572 sed
839 1509 1100 1592 penitus
1132 1518 1324 1572 extra
1366 1530 1497 1584 eaS,
1527 1508 1681 1574 licet
1721 1511 1856 1574 sint
1894 1511 1959 1574 in
2004 1510 2301 1575 terminis
2345 1530 2591 1587 earum,
2619 1529 2827 1592 quum
2876 1528 2998 1571 nec

689 1612 820 1677 sint
843 1609 1336 1677 conclusiones*
1367 1614 1482 1694 ibi,
1505 1634 1625 1678 nec
1658 1613 2001 1699 principia.
2081 1614 2174 1677 Et
2197 1624 2477 1698 possunt
2501 1613 2657 1696 poni
2684 1612 2997 1696 exempla

691 1717 1036 1781 manifesta
1083 1717 1168 1780 de
1213 1717 1316 1781 his
1341 1718 1519 1797 ;‚sed
1564 1719 1631 1780 in
1673 1719 1819 1783 istis
1866 1719 2179 1782 omnibus
2221 1739 2395 1801 quae
2434 1726 2811 1801 sequuntur,
2860 1735 2996 1779 non

689 1826 954 1898 oportet
998 1817 1335 1881 hominem
1396 1818 1821 1901 inexpertum
1882 1839 2193 1901 quaerere
2255 1818 2576 1882 rationem
2641 1827 2715 1880 ut
2778 1817 2995 1898 primo

692 1920 1034 2004 intelligat,
1094 1919 1266 1986 hanc
1327 1922 1503 1986 enim
1562 1942 1904 2005 nunquam
1979 1921 2258 1986 habebit
2332 1921 2450 1985 nisi
2512 1922 2691 2005 prius
2751 1920 2999 1983 habeat

690 2025 1209 2108 experientiam3
1269 2028 1446 2090 unde
1491 2036 1756 2110 oportet
1804 2027 2022 2110 primo
2068 2026 2531 2090 credulitatem
2578 2024 2737 2099 fieri,
2783 2024 2996 2088 donec

689 2129 981 2193 secundo
1025 2130 1324 2213 sequitur
1369 2131 1797 2214 experientia,
1845 2140 1919 2195 ut
1976 2131 2174 2194 tertio
2236 2131 2407 2194 ratio
2459 2131 2831 2193 comitetur.
2922 2128 2995 2193 Si

689 2235 866 2297 enirn
916 2234 1300 2316 inexpertus
1361 2246 1741 2317 magnetem
1788 2234 2047 2298 trahere
2101 2233 2361 2312 ferrum,
2409 2255 2531 2298 nec
2587 2232 2864 2296 audiens
2909 2230 2999 2295 ab

691 2336 856 2413 aliis,
901 2341 1083 2420 quod
1130 2338 1376 2417 trahat,
1405 2349 1681 2422 quaerat
1729 2340 2070 2416 rationem,
2103 2348 2259 2402 ante
2303 2338 2781 2420 experientiam
2830 2356 2996 2399 nun-

692 2461 894 2524 quam
943 2442 1252 2507 inveniet.
1325 2443 1419 2506 Et
1466 2444 1616 2506 ideo
1670 2443 1736 2506 in
1786 2443 2107 2526 principio
2169 2442 2368 2506 debet
2413 2443 2678 2507 credere
2735 2441 2838 2504 his
2881 2438 2996 2523 qui

696 2546 956 2628 experti
990 2556 1161 2623 sunt,
1196 2545 1300 2609 vel
1333 2547 1447 2629 qui
1478 2546 1566 2610 ab
1595 2547 1887 2630 expertis
1919 2546 2202 2611 fideliter
2220 2546 2617 2624 habuerunt,
2645 2565 2767 2609 nec
2797 2544 2999 2608 debet

694 2650 1045 2733 reprobare
1088 2651 1438 2715 veritatem
1476 2659 1749 2735 propter
1795 2650 1941 2729 hoc,
1984 2651 2166 2734 quod
2208 2669 2358 2714 eam
2408 2650 2686 2733 ignorat,
2726 2659 2795 2712 et
2841 2648 2999 2729 quia

692 2756 778 2819 ad
839 2776 987 2820 eam
1036 2777 1168 2821 non
1213 2756 1419 2822 habet
1461 2767 1951 2840 argumentum.
2043 2754 2373 2819 Recitabo
2417 2754 2620 2837 igitur
2679 2773 2778 2830 ea,
2824 2771 2997 2834 quae

695 2879 814 2942 per
843 2860 1323 2943 experientiam
1354 2871 1552 2926 teneo
1582 2847 1728 2925 esse
1758 2860 2038 2946 probata
2059 2860 2104 2923 ³.

1583 3068 2018 3132 ExEMPLUM
2070 3066 2119 3130 1.

784 3222 1266 3287 Mathematica
1310 3224 1479 3287 bene
1522 3224 1888 3304 producere
1948 3231 2171 3304 potest
2215 3220 2647 3286 astrolabium
2702 3219 2999 3304 sphaeri-

694 3346 867 3405 cum,
914 3328 981 3390 in
1047 3347 1182 3409 quo
1246 3328 1705 3391 describuntur
1763 3346 2197 3410 quaecunque
2244 3329 2328 3390 de
2389 3325 2575 3390 coelo
2636 3325 3003 3389 necessaria

693 3440 846 3496 sunt
878 3431 1151 3510 homini,
1181 3431 1547 3495 secundum
1582 3430 2028 3514 longitudines
2075 3441 2141 3495 et
2180 3429 2568 3494 latitudines
2598 3439 2831 3509 certas»,
2861 3436 3001 3491 tam

693 3536 779 3600 de
809 3535 1070 3599 circulis
1101 3556 1300 3618 quam
1338 3537 1423 3599 de
1453 3534 1663 3599 stellis
1680 3536 1880 3618 juxta
1898 3534 2247 3599 artificium
2276 3534 2641 3598 Ptolemaei
2669 3533 2734 3596 in
2762 3543 3001 3597 octavo

693 3638 1098 3722 Almagesti,
1122 3639 1322 3721 juxta
1362 3642 1544 3722 quod
1590 3641 1735 3703 dixi
1783 3660 1903 3722 per
1947 3640 2286 3722 quandam
2328 3637 2847 3714 similitudinem,
2877 3637 2994 3700 sed

693 3760 828 3804 non
874 3750 1102 3803 tamen
1163 3741 1437 3804 omnino
1484 3761 1602 3823 per
1645 3739 1998 3805 artificium
2047 3738 2229 3815 illud,
2284 3747 2551 3822 oportet
2612 3738 2788 3801 enim
2851 3735 3000 3819 plus

692 3877 953 3927 centuria
975 3877 1079 3926 and
1100 3893 1131 3926 a
1152 3877 1267 3925 half
1284 3877 1394 3927 that
1417 3878 1679 3940 followed,
1701 3878 1777 3926 tiu
1803 3878 2082 3926 Descartes
2106 3877 2340 3925 initiated
2374 3877 2465 3925 the
2499 3873 2725 3937 analysis
2756 3875 2818 3923 os
2840 3874 3003 3924 white

693 3961 825 4023 light
847 3960 957 4009 into
979 3962 1068 4009 the
1091 3968 1352 4023 spectrum
1376 3960 1646 4024 (Me‘te‘ores,
1676 3961 1927 4009 Discours
1947 3960 2236 4023 huitieme).

758 4037 776 4065 ¹
812 4039 960 4088 Haec
984 4074 996 4087 .
1022 4074 1035 4087 .
1063 4075 1076 4088 .
1100 4041 1237 4100 quod
1263 4039 1477 4089 omitted
1505 4041 1556 4088 in
1580 4040 1632 4100 J.

757 4117 777 4147 ¹
808 4118 858 4179 J.
882 4119 978 4167 has
1002 4118 1348 4181 quaestiones,
1376 4133 1436 4166 as
1459 4118 1513 4166 in
1536 4118 1737 4167 several
1761 4117 1915 4166 other
1937 4130 2199 4179 passages,

757 4196 776 4225 ⁸
813 4196 924 4244 The
946 4195 1143 4245 second
1161 4197 1470 4260 prerogatiu
1489 4195 1839 4257 corresponds
1864 4202 1919 4244 to
1943 4195 2034 4243 the
2058 4195 2193 4243 class
2217 4192 2278 4242 os
2293 4208 2442 4242 cases
2466 4190 2519 4240 in
2535 4192 2708 4241 which
2729 4191 3003 4241 deductive

693 4275 989 4337 reasoning,
1012 4274 1170 4323 while
1192 4281 1284 4323 not
1308 4274 1582 4331 exeluded,
1601 4274 1755 4322 holds
1777 4281 1873 4335 yet
1893 4290 1924 4322 a
1946 4273 2173 4335 position
2196 4271 2569 4320 subordinated
2592 4278 2647 4319 to
2664 4270 3002 4333 expet-inient.

693 4352 779 4401 An
802 4361 892 4415 apt
917 4353 1230 4402 illustration
1252 4353 1311 4401 of
1328 4353 1366 4400 it
1389 4353 1434 4402 is
1457 4352 1691 4402 ufforded
1711 4351 1785 4413 by
1807 4353 1900 4400 the
1934 4351 2114 4402 whole
2149 4366 2330 4400 career
2361 4350 2421 4400 os
2449 4351 2540 4399 the
2574 4357 2719 4411 great
2752 4349 3006 4412 physicist

696 4430 945 4493 Faraday,
981 4432 1124 4491 who,
1147 4430 1306 4479 while
1343 4437 1434 4479 not
1467 4430 1702 4492 denying
1735 4430 1825 4479 the
1859 4430 2009 4478 velue
2044 4431 2101 4478 of
2129 4429 2507 4478 mathematical
2542 4428 2823 4490 reasoning
2843 4428 2897 4475 in
2920 4427 3005 4475 his

693 4509 952 4559 electrical
977 4509 1299 4572 raeci-ches,
1322 4516 1414 4571 yet
1448 4510 1598 4557 made
1633 4524 1702 4557 no
1742 4509 1986 4571 personal
2025 4509 2177 4558 effort
2213 4515 2268 4557 to
2302 4509 2509 4570 acquire
2549 4508 2639 4555 the
2678 4522 2771 4555 use
2809 4506 2871 4554 os
2902 4505 3006 4553 this

695 4586 1020 4646 instrument,
1051 4586 1259 4649 feeling,
1294 4603 1353 4636 as
1384 4587 1452 4636 he
1488 4588 1616 4636 used
1651 4595 1707 4635 to
1740 4603 1854 4650 say,
1890 4588 2002 4636 that
2035 4588 2072 4635 it
2103 4586 2279 4635 would
2312 4586 2590 4636 withdraw
2622 4585 2726 4634 him
2762 4585 2891 4632 from
2924 4583 3006 4631 his

694 4664 1062 4723 experiments.
