3542 5359
393 639 588 700 MORALIS
612 639 928 699 PHILOSOPHIA:
953 638 1067 698 PARS
1092 639 1275 713 QUARTA.
1350 653 1410 719 391

264 803 396 866 Patrem
411 804 460 868 sic
474 805 609 882 dixisse,
625 804 841 870 Revelabitur
856 805 960 869 Filius
977 827 1071 870 meus
1085 806 1182 888 Jesus
1202 825 1278 870 curn
1295 805 1341 870 eis
1356 804 1413 888 qui

264 925 340 969 cum
355 927 397 971 eo
408 907 680 988 jocundabuntur
693 909 751 990 qui
768 909 872 972 relicti
892 919 968 974 sunt
982 909 1016 973 in
1030 911 1125 973 annis
1139 909 1411 992 quadringentis:

264 1022 298 1073 et
325 1021 401 1092 post
426 1032 532 1078 annos
556 1014 728 1096 quingenti
753 1013 914 1078 morietur
940 1014 1043 1079 Filius
1067 1035 1161 1077 meus
1192 1012 1352 1090 Christus,
1379 1024 1412 1078 et

265 1127 474 1180 convertetur
487 1116 655 1181 saeculum
669 1115 688 1180 ¹.
734 1117 802 1182 Sed
824 1127 876 1181 tot
896 1118 974 1180 anni
993 1117 1158 1182 fluxerunt
1176 1120 1220 1182 ab
1239 1119 1347 1182 Esdra
1369 1117 1412 1182 ad

266 1217 447 1283 Christum.
503 1222 591 1286 Item
616 1223 649 1284 in
679 1221 763 1286 libro
790 1222 967 1287 duodecim
992 1221 1254 1287 Patriarcharum
1277 1224 1414 1286 docetur

266 1323 529 1389 manifestissime
550 1327 593 1390 de
614 1323 758 1390 Christo.
804 1327 893 1388 Nam
909 1325 1047 1408 quilibet
1068 1327 1257 1391 Patriarcha
1272 1325 1415 1390 docebat

265 1430 390 1492 tribum
405 1450 499 1494 suam
515 1428 786 1493 certificationem
801 1431 844 1494 de
859 1429 1003 1506 Christo,
1018 1431 1103 1495 sicut
1118 1431 1172 1494 adi
1186 1455 1194 1489 ι
1210 1431 1338 1512 pletum
1354 1439 1414 1494 est.

311 1533 357 1596 Et
386 1534 414 1597 si
444 1535 573 1600 dicatur
602 1537 692 1618 quod
723 1536 757 1599 hi
787 1534 861 1599 libri
892 1546 968 1600 sunt
994 1535 1201 1619 Apocryphi,
1229 1536 1261 1600 id
1292 1545 1343 1599 est
1372 1538 1541 1611 deApocry·

265 1656 405 1719 quorum
428 1640 615 1704 auctoribus
639 1660 706 1703 non
730 1650 782 1704 est
803 1649 941 1716 certum,
955 1639 1020 1703 hoc
1040 1661 1106 1704 non
1129 1639 1217 1704 tollit
1232 1641 1469 1726 veritatem,tru
1429 1608 1584 1676 ph²¹b⁰⁰k’

266 1742 344 1822 quia
359 1741 434 1805 libri
448 1743 482 1806 hi
505 1744 708 1826 recipiuntur
727 1766 747 1809 a
768 1743 910 1820 Graecis,
927 1743 1066 1821 Latinis,
1084 1753 1118 1807 et
1138 1743 1281 1825 Judaeis.
1328 1745 1416 1808 Nam
1430 1740 1527 1806 though
1538 1738 1570 1789 Οἵ

266 1846 382 1910 beatus
398 1846 627 1912 Ambrosius'
618 1869 649 1911 1n
673 1847 803 1913 Omelia
818 1869 917 1932 super
933 1848 1154 1934 Evangelium
1175 1849 1287 1913 Lucae
1300 1849 1418 1912 recitat
1430 1804 1585 1936 xmp,

267 1949 358 2013 illam
374 1952 604 2016 auctoritatem
622 1953 759 2017 Esdrae.
806 1953 852 2016 Et
868 1953 982 2016 multis
1002 1953 1074 2017 aliis
1094 1954 1196 2018 utitur
1213 1953 1393 2018 Ecclesia'
1384 1973 1416 2014 ιιι

267 2053 377 2118 officio
392 2057 436 2119 de
451 2057 536 2119 libro
552 2057 619 2121 illo.
665 2055 764 2121 Multi
786 2058 873 2120 enim
892 2066 969 2121 sunt
986 2058 1059 2121 libri
1081 2058 1112 2120 in
1134 2078 1194 2121 usu
1214 2057 1418 2132 Latinorum,

269 2160 509 2238 Hebraeorum,
531 2172 567 2226 et
594 2160 797 2225 Graecorum
824 2162 867 2224 de
893 2161 1012 2243 quibus
1039 2181 1104 2224 non
1131 2171 1183 2225 est
1208 2169 1336 2224 certum
1361 2161 1417 2242 qui

266 2273 342 2328 sunt
364 2274 533 2329 auctores:
564 2265 666 2329 immo
689 2266 731 2329 de
753 2266 868 2348 paucis
891 2285 951 2327 nos
973 2265 1083 2329 Latini
1105 2285 1220 2329 sumus
1241 2263 1419 2341 certificati,

267 2368 358 2430 etin
382 2370 493 2432 multis
508 2390 663 2433 erramus.
708 2369 797 2432 Nam
812 2389 888 2433 curn
903 2370 1115 2433 aestimamus
1136 2369 1228 2450 quod
1245 2367 1419 2431 Avicenna

267 2471 342 2536 iecit
361 2471 481 2536 librum
506 2470 597 2536 Coeli
621 2483 655 2536 et
674 2473 793 2536 Mundi
810 2474 868 2556 qui
891 2473 1110 2537 communiter
1133 2471 1282 2548 habetur,
1301 2470 1420 2535 salsum

269 2586 329 2639 est.
387 2576 432 2639 Et
464 2577 558 2640 multi
588 2577 818 2641 commentarii
857 2577 931 2640 libri
966 2577 1183 2640 aestimantur
1212 2596 1283 2639 esse
1318 2575 1421 2658 ipsius

268 2680 428 2745 Averrois
442 2681 499 2763 qui
519 2701 586 2745 non
604 2691 689 2755 sunt,
706 2681 766 2744 sed
781 2681 887 2764 magis
903 2679 1111 2764 Alpharabii‚
1128 2690 1165 2744 ut
1183 2699 1283 2763 super
1298 2678 1418 2744 librum

270 2785 486 2868 Physicorum
498 2784 699 2851 Aristotelis.
746 2787 792 2849 Et
808 2787 839 2849 in
855 2784 1025 2869 theologia
1041 2783 1114 2847 libri
1140 2784 1362 2849 Ecclesiastici
1385 2794 1419 2848 et

271 2889 463 2972 Sapientiae
488 2910 553 2954 non
579 2890 704 2954 habent
729 2899 835 2955 certos
863 2899 1026 2966 auctores,
1056 2907 1132 2951 curn
1162 2887 1214 2952 alii
1243 2888 1420 2951 aestimant

269 2995 331 3059 hos
356 3013 429 3057 esse
456 2993 658 3074 Solomonis,
684 2993 738 3057 alii
769 2993 924 3071 Philonis,
950 2992 1005 3057 alii
1032 2990 1178 3057 alterius.
1226 2991 1327 3056 Unde
1353 3010 1420 3054 non

269 3098 383 3162 obstat
398 3099 488 3181 quod
505 3097 586 3161 liber
601 3099 644 3162 sit
665 3099 770 3181 ignoti
791 3097 942 3173 auctoris,
958 3097 1142 3161 dummodo
1165 3116 1185 3159 a
1208 3093 1422 3159 multitudine

269 3203 457 3286 sapientum
471 3202 715 3285 comprobetur.

316 3307 490 3371 Praeterea
519 3307 547 3370 si
572 3307 816 3371 consideremus
841 3315 966 3369 sectam
991 3304 1197 3386 Judaeorum
1224 3303 1267 3367 ad
1291 3302 1420 3366 literam
1433 3309 1489 3359 The
1500 3308 1550 3358 bad

270 3422 307 3475 ut
331 3411 404 3493 ipsa
425 3411 533 3488 datur,
556 3421 607 3475 est
628 3408 866 3487 abominabilis,
882 3407 1124 3483 irrationabilis,
1141 3417 1173 3471 et
1197 3405 1421 3471 intolerabilis.
1434 3375 1556 3508 Judabb

269 3514 518 3579 Abominabilis
547 3535 627 3578 vero
656 3524 706 3578 est
736 3515 815 3597 quia
845 3515 1027 3597 primorum
1057 3513 1208 3588 arietum,
1234 3510 1422 3587 vitulorum,

270 3628 449 3698 taurorum,
464 3628 498 3682 et
513 3619 703 3683 hircorum
695 3639 728 3682 ιιι
744 3617 890 3701 Templo
905 3619 1027 3682 occisio
1043 3637 1101 3699 per
1116 3615 1305 3681 sacerdotes
1319 3614 1422 3678 horri-

270 3724 346 3789 bilis
368 3733 418 3787 est
439 3735 473 3787 et
494 3724 757 3787 immundissima
769 3745 777 3801 ;
804 3733 837 3787 et
860 3725 999 3787 omnino
1020 3721 1251 3787 irrationabilis
1271 3729 1331 3797 est,
1345 3719 1424 3802 quia

271 3829 417 3893 continet
431 3828 607 3891 abusiones
626 3826 779 3902 infinitas,
800 3836 836 3890 ut
855 3837 950 3909 patet
967 3827 1124 3904 cuilibet;
1146 3834 1180 3888 et
1196 3821 1423 3906 importabilis,

270 3935 347 4016 quia
374 3953 459 3996 onus
487 3932 533 3994 ibi
558 3941 609 3996 est
636 3931 822 4009 infinitum3
844 3950 906 3995 nec
933 3950 1078 4013 unquam
1101 3937 1281 4013 potuerunt
1303 3926 1423 4009 Judaei

270 4037 451 4120 adimplere
477 4037 692 4101 caerimonias
715 4035 802 4099 illius
825 4035 926 4117 legis3
962 4035 1048 4099 sicut
1077 4034 1196 4097 beatus
1225 4032 1341 4095 Petrus
1367 4029 1424 4106 ait,

271 4144 344 4207 Nec
374 4163 435 4207 nos
465 4161 525 4206 nec
555 4151 666 4225 patres
696 4141 808 4204 nostri.
865 4139 912 4204 Et
942 4138 1078 4222 planum
1105 4149 1156 4202 est
1184 4137 1247 4201 hoc
1272 4157 1317 4199 ex
1341 4135 1424 4199 serie

271 4248 461 4330 Scripturas
484 4246 587 4330 legis:
617 4246 775 4328 quoniam
797 4253 934 4328 propter
959 4242 1260 4326 impossibilitatem
1286 4260 1423 4305 onerum

303 4442 312 4472 ¹
328 4457 345 4490 a
361 4441 465 4494 Esdraa
482 4442 523 4490 ch.
541 4440 584 4489 vii.
601 4440 643 4500 28,
661 4455 695 4502 29
712 4439 826 4502 (revised
842 4439 958 4502 version)
970 4457 976 4488 :
995 4439 1063 4487 ‘For
1080 4453 1123 4500 my
1142 4451 1192 4486 son
1211 4437 1289 4497 Jesus
1305 4434 1371 4484 shall
1391 4434 1424 4483 be

270 4519 389 4569 revealed
405 4520 469 4567 with
486 4519 563 4567 those
579 4518 636 4568 that
652 4519 686 4568 be
698 4519 763 4567 with
776 4518 847 4578 Him,
857 4519 908 4567 and
920 4518 986 4566 shall
998 4518 1094 4579 rejoice
1106 4517 1178 4564 them
1187 4516 1243 4564 that
1256 4513 1353 4563 remaln
1365 4512 1426 4562 t'our

272 4599 391 4647 hundred
405 4612 491 4658 years.
519 4597 595 4645 Alter
603 4599 678 4646 these
687 4611 767 4660 years
778 4596 845 4646 shall
856 4612 901 4659 my
911 4611 959 4646 son
972 4595 1062 4644 Christ
1074 4595 1116 4644 die
1127 4595 1179 4643 snd
1191 4594 1226 4642 all
1238 4594 1293 4642 that
1302 4593 1368 4642 have
1380 4591 1425 4640 the

273 4678 364 4728 brenth
376 4677 406 4726 ol
412 4674 473 4727 liie’
