3542 5359
541 620 655 681 anns
681 617 904 681 saeuum.-
944 617 1031 677 cna
1058 618 1082 677 ι.
1319 633 1380 694 459

229 785 372 850 alterius.
430 785 476 848 Et
508 782 573 848 alia
596 784 681 848 ratio
710 794 761 849 est
786 783 978 866 hujusmodi
1004 781 1262 858 nominationis;
1293 781 1380 862 quia,

228 891 363 965 scilicet,
387 890 494 974 magis
525 890 699 953 manifesta
724 898 775 953 est
799 887 895 952 nobis
916 886 1148 969 multiplicatio
1175 885 1255 949 lucis
1277 905 1377 968 quam

228 994 380 1071 aliorum,
391 1003 425 1056 et
441 995 517 1057 ideo
529 994 764 1056 transumimus
780 991 1090 1074 multiplicationem
1108 989 1190 1054 lucis
1204 991 1247 1052 ad
1263 991 1345 1053 alias
1356 989 1376 1051 ¹.

273 1097 341 1162 Sed
365 1098 695 1163 animadvertendum
726 1106 777 1160 est
807 1097 850 1159 de
883 1096 955 1160 istis
977 1094 1073 1159 lineis
1101 1115 1199 1178 super
1220 1114 1302 1176 quas
1327 1105 1377 1156 est
1391 1110 1459 1172 Rays
1470 1110 1499 1159 of

228 1201 461 1286 multiplicatio
482 1203 572 1284 quod
592 1211 724 1285 oportet
746 1201 836 1283 quod
857 1200 924 1262 sint
944 1211 1062 1277 rectae,
1078 1209 1240 1283 quantum
1264 1207 1315 1262 est
1334 1219 1377 1261 ex
1391 1175 1526 1291 ffissffl'

228 1316 344 1370 natura
367 1307 651 1390 multiplicationis
681 1325 786 1386 usque
816 1325 883 1388 quo
915 1304 1076 1386 recipiant
1102 1303 1376 1384 impedimentum
1390 1308 1496 1384 straight

227 1410 417 1475 reflexionis
431 1420 466 1473 et
485 1410 663 1485 fractionis,
677 1418 736 1473 aut
752 1419 921 1473 mutentur
942 1417 1077 1490 propter
1092 1407 1222 1470 animae
1238 1407 1377 1471 necessi·
1391 1372 1549 1488 ξζῃῆῗαᾞῗῗ

226 1526 341 1588 tatem,
359 1525 396 1578 ut
410 1515 539 1597 patebit
561 1514 704 1577 inferius.
749 1513 796 1576 Et
819 1523 896 1596 post
916 1512 1193 1594 impedimentum
1219 1510 1378 1592 multipli-
1391 1504 1521 1554 minoen.

228 1620 374 1683 cationes
390 1638 455 1681 non
470 1630 599 1682 cessant
615 1619 693 1700 quin
710 1618 835 1681 vadant
855 1638 955 1700 super
977 1627 1083 1680 rectas
1099 1617 1200 1679 lineas
1214 1627 1377 1698 quantum

228 1734 280 1787 est
295 1725 337 1787 de
352 1745 396 1787 se.
441 1723 542 1806 Quod
563 1733 676 1786 autem
697 1720 929 1803 multiplicatio
952 1741 997 1783 ex
1020 1730 1138 1784 natura
1160 1740 1219 1783 sua
1240 1730 1376 1802 appetat

228 1826 298 1890 fieri
319 1829 500 1890 secundum
525 1838 631 1891 rectas
653 1827 767 1904 lineas,
786 1836 941 1890 auctores
962 1824 1181 1908 Aspectuum,
1204 1825 1379 1907 praecipue

229 1931 437 1995 Ptolemaeus
459 1942 500 1994 et
531 1930 693 2004 Alhazen,
721 1931 966 2004 determinant;
997 1939 1031 1992 et
1060 1949 1120 2013 per
1149 1930 1384 2011 experimenta

227 2037 347 2100 docent
362 2037 406 2100 ad
424 2056 559 2100 sensum
576 2035 667 2118 quod
684 2033 918 2118 multiplicatio
935 2033 968 2096 in
989 2034 1145 2096 omnibus
1160 2033 1258 2096 rebus
1274 2033 1375 2096 inani-

227 2140 326 2203 matis
348 2143 448 2204 currit
466 2161 525 2222 per
539 2139 643 2203 lineas
659 2149 774 2214 rectas,
793 2141 898 2204 donec
914 2156 973 2221 per
987 2135 1197 2200 obstaculum
1215 2137 1327 2198 redeat
1343 2148 1377 2199 et

227 2243 351 2308 faciunt
366 2245 536 2326 angulum,
547 2256 606 2309 aut
621 2265 680 2326 per
695 2263 824 2326 corpus,
835 2242 962 2306 scilicet
978 2240 1111 2302 alterius
1127 2239 1267 2302 raritatis
1286 2239 1376 2320 quod

227 2359 278 2411 est
302 2350 409 2429 magis
427 2349 480 2411 vel
501 2350 610 2412 minus
631 2367 752 2424 rarum,
774 2365 948 2410 occurrens
964 2343 1053 2406 aliud
1071 2365 1090 2406 a
1105 2344 1221 2426 primo,
1238 2343 1270 2405 in
1286 2344 1376 2426 quod

227 2451 408 2514 secundum
432 2471 551 2534 corpus
575 2449 805 2534 multiplicatio
831 2449 955 2512 cadens
977 2468 1043 2511 non
1068 2446 1378 2532 perpendiculariter

226 2555 306 2618 lacit
322 2556 490 2637 angulum,
506 2567 543 2618 ut
563 2554 690 2639 patebit
713 2556 794 2618 satis
815 2553 956 2616 inferius.
1003 2552 1050 2615 Et
1069 2552 1214 2634 Jacobus
1234 2550 1376 2615 Alkindi

227 2661 261 2723 in
275 2659 359 2723 libro
371 2660 414 2722 de
430 2660 632 2742 Aspectibus
648 2658 738 2736 dicit,
748 2658 812 2721 hoc
828 2657 1040 2720 manifestum
1057 2665 1106 2720 est
1122 2677 1166 2720 ex
1183 2657 1377 2720 rectitudine

227 2762 343 2827 finium
361 2763 551 2828 umbrarum
566 2783 742 2845 corporum
761 2772 795 2825 et
816 2761 996 2824 luminibus
1016 2782 1075 2844 per
1092 2760 1251 2823 fenestras
1267 2761 1376 2844 ingre-

226 2869 405 2932 dientibus.
452 2868 550 2933 Unde
580 2867 644 2931 hoc
680 2867 728 2930 ita
766 2866 979 2930 manifestum
1017 2874 1067 2929 est
1104 2887 1148 2930 ex
1174 2863 1376 2945 -hujusmodi

227 2975 381 3037 omnibus
412 2973 739 3050 considerationibus,
770 2972 861 3055 quod
893 2990 958 3034 non
982 2980 1034 3033 est
1056 2989 1191 3033 necesse
1220 2989 1376 3052 quaerere

228 3079 457 3160 experimenta
486 3086 622 3153 secreta,
653 3075 713 3140 nisi
742 3097 803 3159 per
831 3074 1109 3158 pulchritudinem
1145 3075 1375 3156 operationum

225 3193 372 3246 naturae

270 3285 338 3352 Sed
355 3287 526 3351 sciendum
543 3287 635 3368 quod
648 3285 840 3369 hujusmodi
856 3285 972 3358 lineae,
984 3303 1083 3367 super
1098 3303 1181 3366 quas
1196 3293 1247 3346 est
1263 3281 1376 3346 multi·
1391 3303 1459 3366 Rnys
1470 3302 1500 3353 or

226 3391 371 3473 plicatio,
379 3411 445 3455 non
456 3402 533 3456 sunt
543 3392 705 3456 habentes
714 3391 820 3454 solam
831 3388 1072 3473 longitudinem
1083 3387 1167 3451 inter
1178 3388 1244 3452 duo
1254 3398 1378 3472 puncta
1391 3370 1456 3484 ΕΜ
1468 3369 1537 3484 ᾖᾛε

228 3506 414 3574 extensam,
426 3496 484 3559 sed
501 3517 614 3560 earum
632 3495 799 3580 quaelibet
815 3505 865 3558 est
880 3493 1008 3558 habens
1024 3491 1234 3556 latitudinem
1253 3502 1286 3555 et
1302 3514 1378 3575 pro-
1391 3451 1497 3580 113²an

226 3599 438 3677 funditatem,
449 3601 533 3664 sicut
549 3613 700 3665 auctores
712 3600 920 3681 Aspectuum
937 3598 1169 3661 determinant.
1200 3593 1377 3659 Alhazen²
1390 3567 1550 3616 drmensrons.

227 3705 260 3766 in
287 3713 407 3785 quarto
435 3703 519 3770 libro
545 3705 609 3769 hoc
637 3705 792 3779 ostendit,
818 3704 906 3786 quod
934 3703 1043 3766 omnis
1069 3703 1180 3766 radius
1206 3703 1263 3782 qui
1287 3701 1377 3764 venit

226 3829 246 3871 a
263 3820 357 3890 parte
367 3809 627 3891 corporishabet
643 3809 827 3873 necessario
837 3809 1045 3872 latitudinem
1058 3817 1091 3869 et
1108 3806 1376 3887 profunditatem,

225 3913 310 3975 sicut
328 3912 579 3994 longitudinem.
626 3912 672 3976 Et
694 3912 846 3976 similiter
859 3912 1005 3993 Jacobus
1023 3909 1165 3974 Alkindi
1180 3909 1270 3986 dicit,
1285 3909 1376 3991 quod

227 4017 402 4100 impressio
431 4017 548 4081 similis
577 4026 629 4080 est
658 4037 733 4081 curn
764 4039 806 4082 eo
828 4038 848 4081 a
869 4037 937 4099 quo
955 4014 992 4078 fit
1006 4039 1013 4095 ;
1047 4015 1241 4098 imprimens
1263 4025 1375 4078 autem

258 4221 267 4252 ¹
284 4221 347 4272 This
357 4222 498 4272 indication
511 4223 542 4272 oi
548 4222 594 4271 the
605 4223 754 4273 characters
764 4240 882 4274 common
892 4231 919 4273 to
928 4223 961 4273 all
972 4224 1072 4273 radiant
1084 4221 1168 4272 forces
1177 4221 1200 4272 is
1209 4222 1377 4271 remarkable.

226 4302 250 4351 lt
261 4302 314 4350 will
331 4302 364 4350 be
378 4302 555 4351 remembered
572 4303 629 4351 tbat
642 4301 696 4353 th'n
710 4305 818 4352 treatise
834 4304 857 4352 is
873 4303 974 4366 spolren
991 4301 1022 4351 oi
1034 4302 1060 4350 in
1077 4302 1122 4351 the
1137 4301 1211 4364 Opus
1226 4300 1337 4350 Tertium
1349 4317 1379 4350 as

227 4381 360 4430 Tractatio
369 4379 400 4428 de
410 4379 494 4429 mdis

257 4461 268 4490 ¹
283 4460 408 4520 nuncu,
422 4459 466 4510 lib.
475 4460 508 4508 iv.
520 4461 558 4508 16.
586 4459 637 4510 His
648 4461 736 4510 words
747 4463 836 4510 are-⁴
844 4461 937 4510 Omnis
951 4460 1019 4510 linea
1030 4475 1079 4523 per
1090 4474 1167 4522 quam
1179 4467 1297 4509 movetur
1308 4461 1378 4512 luxa

224 4555 334 4601 corpore
346 4537 474 4586 luminoso
487 4540 520 4588 ad
538 4554 634 4601 corpus
645 4539 790 4602 oppositum
803 4546 843 4588 est
858 4540 928 4588 linea
944 4539 1072 4598 sensualis
1086 4555 1137 4588 non
1156 4540 1213 4587 sine
1229 4535 1382 4592 latitudine!

226 4617 269 4667 He
280 4618 466 4680 distinguisbes
482 4619 508 4666 in
525 4619 571 4666 the
586 4633 657 4667 same
674 4619 775 4667 section
792 4617 860 4667 linea
877 4619 1014 4678 sensualis,
1026 4633 1043 4667 a
1053 4619 1106 4668 line
1117 4617 1210 4668 visible
1220 4627 1248 4668 to
1260 4620 1305 4668 the
1322 4636 1381 4684 eye,

223 4697 290 4747 from
301 4713 335 4746 an
347 4697 490 4762 imaginnry
501 4697 563 4758 line,
574 4696 644 4747 lines
654 4695 843 4747 intellectualis.
