3542 5359
405 633 602 693 MORALIS
626 635 945 693 PHILOSOPHIA:
971 636 1084 694 PARS
1113 636 1278 696 TERTIA.
1357 651 1416 714 357

266 795 336 857 nari
353 795 409 860 illa
427 800 485 862 sed
502 801 570 883 pati
594 811 846 884 proposuerunt,
865 801 1042 864 necessitas
1064 800 1191 866 sortiter
1206 803 1289 865 serre
1309 803 1417 875 docet,

267 904 473 966 consuetudo
496 903 600 968 facile.
646 905 798 968 Invenies
820 904 853 966 in
876 905 1026 986 quolibet
1053 925 1173 988 genere
1194 907 1284 970 vitae
1305 905 1417 970 oblec-

267 1013 416 1068 tamenta
443 1015 477 1069 et
504 1009 711 1072 remissiones
735 1018 769 1072 et
792 1007 989 1091 voluptates,
1015 1009 1043 1073 si
1071 1009 1221 1074 volueris.
1238 1053 1246 1072 .
1264 1053 1272 1070 .
1288 1057 1296 1072 .
1314 1009 1416 1074 Nullo

267 1106 384 1172 melius
414 1111 548 1176 nomine
575 1113 619 1175 de
649 1113 746 1175 nobis
774 1123 893 1176 natura
920 1113 1048 1192 meruit,
1072 1133 1172 1196 quam
1196 1108 1316 1200 [quod]
1340 1135 1415 1178 cum

266 1211 363 1274 sciret
377 1213 498 1295 quibus
512 1217 677 1279 aerumnis
697 1236 915 1296 nasceremur,
930 1216 1158 1281 calamitatum
1175 1218 1416 1282 mollimentum

267 1318 539 1382 consuetudinem
561 1321 694 1397 invenit,
719 1321 786 1384 cito
807 1321 841 1383 in
863 1319 1122 1385 familiaritatem
1141 1323 1336 1404 gravissima
1357 1323 1416 1387 ad-

266 1418 399 1484 ducens.
445 1422 556 1487 Nemo
582 1425 715 1488 duraret
744 1424 771 1485 si
802 1443 911 1488 rerum
942 1425 1152 1488 adversarum
1179 1427 1320 1489 eandem
1346 1426 1414 1488 vim

266 1523 443 1590 assiduitas
464 1527 601 1591 haberet
623 1547 724 1610 quarn
747 1529 873 1611 primus
896 1529 989 1593 ictus.
1035 1528 1161 1592 Omnes
1187 1550 1262 1594 curn
1286 1528 1415 1593 fortuna

265 1628 412 1708 copulati
442 1651 578 1695 sumus:
614 1632 754 1696 aliorum
784 1652 883 1696 aurea
913 1641 1030 1696 catena
1062 1643 1122 1712 est,
1154 1633 1292 1696 aliorum
1329 1632 1416 1707 laxa,

266 1731 405 1796 aliorum
428 1744 501 1800 arta
523 1747 557 1800 et
579 1737 723 1801 sordida.
770 1736 838 1800 Sed
857 1737 938 1818 quid
960 1735 1104 1800 reiert¹?
1132 1737 1249 1800 eadem
1265 1738 1416 1801 custodia

266 1837 436 1900 universos
459 1839 686 1914 circumdedit,
707 1834 941 1927 allegati[que]
966 1851 1044 1904 sunt
1071 1840 1171 1904 etiam
1202 1841 1258 1923 qui
1288 1840 1415 1924 adliga-

264 1953 383 2005 verunt
407 1991 414 2006 .
438 1991 446 2006 .
470 1992 478 2006 .
500 1943 602 2006 alium
624 1942 774 2020 honores,
797 1944 899 2006 aliurn
928 1964 1009 2026 opes
1037 1945 1195 2008 vinciunt.
1240 1942 1414 2025 Quosdam

266 2046 431 2120 nobilitas,
444 2047 606 2128 quosdam
622 2047 792 2111 humilitas
807 2047 938 2130 premit.
970 2047 1179 2130 Quibusdam
1192 2047 1302 2112 aliena
1317 2069 1415 2130 supra

264 2157 365 2226 caput
390 2146 527 2229 imperia
550 2158 639 2227 sunt,
662 2147 860 2229 quibusdam
891 2169 959 2211 sua.
1014 2147 1188 2230 Quosdam
1219 2147 1319 2211 exilia
1349 2169 1415 2210 uno

265 2250 339 2312 loco
361 2259 483 2322 tenent,
506 2253 668 2333 quosdam
688 2252 883 2315 sacerdotia.
930 2251 1049 2316 Omnis
1070 2252 1139 2315 vita
1162 2251 1331 2314 servitium
1354 2263 1414 2316 est.

264 2352 532 2418 Assuescendum
550 2350 631 2442 [est]
649 2357 761 2437 itaque
775 2355 963 2419 condicioni
979 2375 1060 2419 suae
1075 2367 1109 2418 et
1124 2375 1225 2437 quam
1242 2355 1414 2418 minimum

264 2457 307 2520 de
332 2457 388 2521 illa
416 2461 630 2541 querendum.
649 2459 816 2524 ...Nihil
841 2469 911 2523 tam
938 2459 1093 2524 acerbum
1119 2469 1169 2522 est
1194 2460 1227 2522 in
1253 2479 1321 2540 quo
1348 2479 1413 2522 non

263 2580 389 2642 aequus
411 2564 541 2626 animus
563 2563 718 2628 solatium
738 2565 894 2628 inveniat.
911 2614 918 2629 .
936 2614 943 2628 .
961 2615 967 2627 .
985 2563 1122 2627 Adhibe
1141 2563 1305 2628 rationem
1328 2561 1415 2626 diffi-

264 2665 460 2742 cultatibus;
483 2678 622 2750 possunt
643 2680 678 2732 et
697 2670 781 2732 dura
801 2668 921 2731 molliri
942 2679 976 2731 et
991 2677 1131 2750 angusta
1150 2665 1291 2731 laxari..
1309 2715 1317 2731 .
1335 2667 1412 2730 Non

265 2780 341 2832 sunt
371 2781 542 2853 praeterea
564 2773 763 2854 cupiditates
788 2773 822 2835 in
841 2773 1059 2854 longinquum
1083 2771 1274 2845 mittendae,
1293 2772 1351 2834 sed
1379 2772 1412 2833 in

263 2874 407 2937 vicinum
432 2876 497 2939 illis
519 2878 631 2959 egredi
658 2878 901 2959 permittamus.
923 2875 1136 2940 Relictis
1162 2874 1213 2938 his
1241 2894 1328 2956 quae
1354 2885 1412 2938 aut

262 2997 328 3041 non
349 2989 487 3060 possunt
504 2979 572 3045 fieri
590 2990 660 3045 aut
668 2980 844 3046 difficulter
860 2990 1009 3062 possunt,
1027 2999 1129 3061 prope
1144 2979 1254 3060 posita
1273 2979 1413 3059 speique

265 3092 397 3147 nostrae
416 3083 610 3148 adludentia
628 3105 824 3167 sequamur3
855 3098 889 3148 et
909 3085 1052 3149 sciamus
1070 3083 1182 3147 omnia
1200 3102 1306 3164 aeque
1328 3082 1413 3146 levia

264 3207 345 3263 esse,
373 3189 580 3253 extrinsecus
602 3190 749 3253 diversas
774 3188 875 3253 iacies
905 3187 1071 3263 habentia,
1101 3189 1260 3250 introrsus
1291 3187 1413 3268 pariter

265 3285 392 3378 [vana].
437 3292 509 3358 Nec
528 3293 734 3357 invideamus
751 3294 850 3358 altius
865 3293 1033 3358 stantibus
1046 3314 1053 3371 ;
1075 3312 1161 3375 quae
1176 3291 1309 3355 excelsa
1323 3292 1413 3355 vide-

263 3395 393 3473 bantur,
409 3407 586 3480 praerupta
607 3409 694 3462 sunt.
713 3446 720 3461 .
738 3447 745 3461 .
762 3447 770 3461 .
788 3398 887 3461 Multi
909 3406 1011 3460 sunt.
1029 3447 1035 3459 .
1051 3447 1058 3460 .
1076 3397 1108 3459 in
1127 3395 1258 3478 fastigio
1281 3415 1413 3458 summo

262 3521 307 3562 ex
323 3520 391 3582 quo
406 3521 472 3565 non
493 3512 632 3585 possunt
648 3501 708 3565 nisi
729 3503 880 3566 cadendo
896 3502 1113 3576 descendere,
1139 3501 1198 3564 sed
1219 3500 1282 3563 hoc
1303 3500 1412 3582 ipsum

263 3615 405 3669 testatur
433 3607 618 3669 maximum
645 3627 728 3670 onus
757 3628 852 3670 suum
880 3625 962 3678 esse,
988 3606 1077 3686 quod
1104 3604 1177 3668 aliis
1200 3624 1318 3687 graves
1342 3625 1414 3667 esse

263 3720 431 3792 cogantur,
453 3731 513 3773 nec
535 3711 725 3775 sublevatos
750 3731 795 3786 se,
815 3712 873 3774 sed
900 3710 1049 3773 suffixos.
1094 3708 1237 3789 Justitia,
1261 3727 1413 3770 mansue·

262 3813 378 3878 tudine
391 3813 545 3888 humana,
560 3815 653 3898 larga
669 3864 677 3878 .
693 3863 701 3878 .
717 3835 838 3879 ‚manu
854 3825 1053 3898 praeparent
1069 3812 1174 3877 multa
1188 3812 1232 3875 ad
1251 3812 1413 3876 secundos

262 3938 358 3982 casus
372 3919 535 4000 praesidia
549 3939 691 4000 quorum
706 3939 765 4000 spe
782 3913 958 4006 [securius]
976 3917 1151 3999 pendeant.
1190 3913 1282 3978 Nihil
1299 3925 1412 3978 tamen

262 4042 367 4103 aeque
389 4021 451 4086 hos
472 4024 516 4087 ab
537 4023 589 4087 his
607 4023 709 4086 animi
732 4022 887 4087 fluctibus
910 4021 1135 4098 vindicaverit,
1157 4039 1258 4102 quam
1282 4038 1412 4101 semper

262 4125 406 4207 aliquem
432 4127 643 4190 incrementis
660 4128 838 4190 terminum
858 4127 970 4209 figere,
985 4146 1046 4190 nec
1070 4125 1221 4188 fortunae
1241 4123 1412 4186 arbitrium

262 4230 434 4295 desinendi
457 4232 545 4310 dare,
565 4233 624 4295 sed
647 4232 753 4294 multo
775 4231 911 4314 quidem
934 4233 1017 4294 citra
1040 4226 1198 4311 exempla
1222 4226 1412 4302 consistere,

262 4336 309 4398 sic
334 4345 369 4398 et
391 4334 522 4418 aliquae
545 4336 742 4420 cupiditates
768 4337 917 4400 animum
941 4344 1070 4410 acuent,
1096 4343 1130 4396 et
1152 4331 1265 4396 finitae
1289 4331 1410 4394 nonin

262 4442 460 4503 immensum
477 4441 705 4523 incertumque
720 4443 916 4523 producent.

304 4543 381 4608 ‘Ad
397 4545 606 4628 imperfectos
621 4539 655 4610 e‘t
671 4595 678 4610 .
696 4595 703 4608 .
720 4595 727 4608 .
744 4544 830 4610 male
844 4565 944 4609 sanos
958 4543 1012 4608 hic
1028 4563 1121 4607 meus
1136 4562 1246 4606 sermo
1258 4541 1408 4624 pertinet,
1421 4557 1485 4621 Cap.
1500 4573 1538 4607 ιι.

663 4697 670 4725 ¹
689 4695 787 4759 Siquis
799 4696 885 4758 refert,
901 4695 933 4744 D.
945 4703 971 4743 et
984 4693 1016 4744 0.
