3542 5359
374 639 436 702 294
588 625 744 684 OPERIS
769 624 958 694 MAJORIS
981 625 1096 684 PARS
1120 624 1320 684 SEPTIMA.

375 797 409 851 et
420 807 591 871 perversus
606 787 753 852 moribus
768 787 877 868 fuerit,
889 797 1011 864 tamen,
1023 798 1060 852 ut
1072 789 1120 852 ait
1133 787 1262 853 Seneca
1274 789 1420 852 secundo
1432 787 1527 862 libro,

377 897 470 956 ‘cum
488 891 621 975 legisset
640 892 816 975 epistolam
839 892 953 957 matris
973 913 1039 976 qua
1056 892 1299 957 admonebatur
1313 902 1350 956 ut
1365 914 1385 956 a
1399 911 1528 956 veneno

377 994 519 1080 Philippi
547 997 667 1061 medici
692 1006 831 1071 caveret,
854 1008 1026 1081 acceptam
1056 998 1227 1080 potionem
1258 1016 1324 1060 uon
1354 996 1528 1060 deterritus

377 1099 469 1162 bibit.
516 1099 593 1164 Plus
618 1101 680 1165 sibi
704 1100 747 1164 de
769 1101 876 1165 amico
899 1122 961 1165 suo
983 1101 1131 1166 credidit.
1177 1099 1253 1164 Hoc
1277 1121 1340 1183 ego
1363 1101 1396 1164 in
1419 1099 1529 1162 Alex-

376 1204 482 1268 andro
512 1204 622 1280 laudo,
649 1204 728 1287 quia
757 1225 857 1270 nemo
882 1216 954 1270 tam
984 1207 1150 1269 obnoxius
1179 1205 1246 1269 irae
1275 1203 1347 1268 suit.
1393 1204 1529 1286 Quanto

378 1307 482 1388 major
499 1309 686 1373 moderatio
700 1310 734 1373 in
749 1311 883 1392 regibus
899 1309 962 1374 hoc
978 1309 1146 1374 laudanda
1163 1310 1268 1390 magis
1284 1305 1355 1372 est'
1400 1307 1530 1372 Seneca

377 1412 461 1476 libro
484 1413 582 1477 tertio
606 1408 684 1502 [ait]
708 1410 959 1477 ‘Pisistratuml
985 1413 1237 1478 Atheniensium
1259 1424 1437 1495 tyrannum
1462 1432 1530 1476 me·

378 1517 503 1580 moriae
515 1519 674 1598 proditur,
687 1537 761 1581 cum
776 1517 880 1581 multa
894 1518 1170 1582 incrudelitatem
1184 1517 1255 1599 ejus
1270 1516 1380 1582 ebrius
1392 1517 1530 1581 conviva

377 1620 526 1696 dixisset,
539 1641 598 1685 nec
614 1623 766 1685 deessent
777 1623 832 1704 qui
848 1621 971 1686 vellent
983 1623 1012 1686 ei
1029 1642 1146 1685 manus
1161 1622 1385 1698 commodare,
1400 1631 1434 1685 et
1445 1620 1530 1684 alius

378 1722 453 1787 hinc
477 1733 511 1788 et
532 1725 617 1788 alius
637 1725 729 1790 illinc
752 1725 840 1790 laces
862 1725 1050 1802 subderent,
1072 1725 1205 1808 placido
1225 1726 1337 1788 animo
1358 1723 1473 1788 tulisse
1495 1735 1530 1788 et

378 1826 442 1892 hoc
461 1828 662 1893 irritantibus
687 1831 896 1913 respondisse
916 1834 1008 1893 “non
1033 1829 1138 1912 magis
1159 1851 1195 1893 se
1214 1848 1405 1893 succensere
1427 1848 1530 1911 quam

378 1932 405 1993 si
427 1932 503 2014 quis
524 1933 679 2016 obligatis
709 1935 813 1998 oculis
836 1935 869 1996 in
892 1956 928 1999 se
951 1930 1218 1998 concurrisset2”'
1266 1933 1397 1997 Marcus
1421 1929 1530 1996 Cato²

377 2037 558 2100 secundum
571 2038 734 2117 historias,
745 2039 826 2101 nulli
842 2039 1009 2102 secundus
1023 2037 1154 2115 virtute,
1167 2038 1199 2100 in
1215 2037 1379 2122 sapientia
1391 2056 1530 2119 magnus

378 2141 530 2225 princeps
554 2143 792 2223 Romanorum,
814 2164 924 2226 quem,
944 2153 981 2207 ut
1006 2143 1086 2207 dicit
1111 2141 1239 2207 Seneca
1266 2143 1412 2206 secundo
1435 2141 1529 2214 libro,

378 2251 470 2308 ‘cum
481 2246 634 2326 ignorans
646 2248 679 2309 in
690 2247 811 2311 balneo
819 2248 957 2331 quidam
970 2247 1129 2331 percussit
1138 2247 1332 2330 imprudens
1342 2245 1429 2331 (quis
1441 2247 1529 2308 enim

378 2349 424 2413 illi
444 2350 550 2413 sciens
570 2350 692 2415 laceret
708 2351 859 2433 injuriam
871 2349 898 2436 l)
914 2363 1031 2434 postea
1054 2351 1269 2415 satisfacienti
1291 2351 1406 2434 inquit,
1423 2354 1439 2383 “
1452 2349 1530 2412 Non

379 2454 514 2516 memini
534 2475 588 2519 me
603 2452 839 2536 percussum”;
860 2456 979 2520 melius
994 2456 1125 2540 putavit
1144 2474 1210 2518 non
1230 2474 1410 2538 agnoscere
1424 2473 1529 2537 quam

377 2557 563 2622 vindicare)
608 2559 654 2622 Et
677 2560 709 2622 in
733 2561 832 2624 tertio
854 2561 938 2624 libro
961 2561 1042 2624 dicit
1059 2559 1189 2623 ‘Multa
1211 2561 1308 2624 divus
1331 2556 1530 2642 Augustus³

377 2662 478 2744 digna
499 2664 659 2728 memoria
674 2662 752 2727 lecit
768 2665 922 2746 dixitque
936 2685 980 2728 ex
995 2663 1114 2745 quibus
1134 2673 1275 2746 apparet
1293 2663 1374 2726 iram
1397 2662 1441 2725 illi
1464 2681 1530 2725 non

377 2767 567 2851 imperasse.
598 2768 799 2851 Timagenes
809 2768 1021 2832 historiarum
1034 2769 1176 2850 scriptor
1186 2769 1351 2849 quaedam
1364 2768 1395 2829 in
1410 2767 1532 2849 ipsum,

377 2872 543 2953 quaedam
574 2873 606 2936 in
636 2893 776 2937 uxorem
810 2871 891 2955 ejus,
913 2873 1077 2954 quaedam
1103 2872 1136 2934 in
1164 2879 1271 2935 totam
1296 2871 1433 2935 domum
1459 2869 1531 2954 ejus

377 2975 519 3055 dixerat,
526 2996 587 3039 nec
600 2979 790 3060 perdiderat
800 2978 899 3042 dicta.
932 2975 1042 3060 Magis
1054 2977 1141 3039 enim
1151 2975 1378 3040 circumfertur
1386 2986 1419 3039 et
1430 2975 1463 3037 in
1474 2995 1531 3038 ore

378 3079 550 3143 hominum
563 3092 613 3144 est
625 3082 800 3146 temeraria
812 3080 990 3144 urbanitas.
1037 3079 1147 3162 Saepe
1158 3079 1250 3142 illum
1268 3080 1395 3142 monuit
1408 3077 1532 3142 Caesar

379 3191 416 3245 ut
431 3184 634 3247 moderatius
650 3183 763 3266 lingua
778 3193 934 3248 uteretur.
982 3183 1149 3248 Patienter
1164 3183 1336 3258 sustinuit3
1360 3202 1531 3265 nunquam

378 3304 455 3347 cum
472 3285 620 3349 Pollione
635 3287 766 3370 hospite
784 3288 907 3351 inimici
923 3287 974 3352 sui
992 3298 1128 3371 questus
1150 3295 1209 3351 est.
1257 3287 1334 3350 Hoc
1351 3275 1531 3349 dumtaxat

379 3389 518 3453 Pollioni
534 3391 631 3465 dixit,
646 3394 664 3423 “
675 3391 807 3470 Fruere,
823 3393 868 3455 mi
885 3392 1001 3468 Pollio,
1016 3388 1170 3455 fruere.''’
1211 3389 1256 3452 Et
1280 3389 1378 3455 infert
1394 3391 1531 3466 Seneca,

378 3491 499 3558 ‘Dicat
516 3493 628 3576 itaque
643 3495 705 3558 sibi
722 3496 871 3578 quisque,
888 3495 1060 3577 Numquid
1078 3494 1246 3577 potentior
1260 3514 1333 3557 sum
1351 3493 1531 3576 Philippo?

378 3594 423 3660 illi
445 3607 558 3661 tamen
579 3598 715 3682 impune
734 3598 948 3664 maledictum
964 3610 1024 3663 est.
1077 3598 1249 3680 Numquid
1274 3598 1306 3660 in
1330 3597 1432 3662 domo
1455 3617 1532 3663 mea

378 3701 453 3784 plus
483 3722 618 3784 possum
649 3724 750 3786 quam
773 3707 805 3767 in
831 3714 906 3768 toto
933 3703 1013 3767 orbe
1042 3714 1203 3767 terrarum
1235 3703 1330 3766 divus
1357 3701 1532 3784 Augustus

377 3807 509 3888 potuit?
534 3806 595 3871 llle
611 3817 722 3872 tamen
735 3818 912 3872 contentus
928 3806 989 3871 luit
1004 3829 1025 3872 a
1039 3807 1259 3873 conviciatore
1274 3827 1335 3870 suo
1349 3807 1520 3871 secedere!

800 4045 1027 4112 Cumauuuu
1053 4046 1114 4110 IX.

210 4224 341 4275 Remedies
422 4204 584 4267 Remedia
613 4223 691 4266 vero
720 4201 883 4266 habemus
913 4211 1028 4266 contra
1059 4202 1152 4282 iram,
1184 4221 1228 4265 ex
1265 4200 1533 4266 consideratione

209 4369 291 4418 anger.

208 4291 305 4353 ³8⁸5¹¹⁵l
379 4309 539 4371 malarum
549 4306 777 4371 conditionum
790 4306 881 4389 ejus:
905 4306 1026 4370 deinde
1036 4325 1096 4388 per
1110 4305 1266 4388 exempla
1281 4305 1480 4387 sapientium
1497 4319 1533 4372 et

378 4411 562 4494 potentium
581 4411 775 4474 excitamur.
820 4408 878 4475 Ad
899 4407 982 4475 haec
1004 4410 1103 4476 docet
1119 4408 1249 4476 Seneca
1264 4409 1409 4474 remedia
1426 4410 1535 4494 magis

509 4577 516 4604 ¹
534 4577 637 4636 DrIra,
649 4577 683 4626 iii.
700 4591 738 4627 11.
1215 4577 1225 4608 ²
1241 4578 1271 4630 ὦ.
1287 4578 1313 4628 ii.
1324 4593 1365 4641 3²·

507 4655 517 4684 ³
533 4654 563 4703 ὦ.
575 4653 609 4702 iii.
620 4669 661 4717 23,
675 4670 716 4716 24.
749 4655 806 4707 The
817 4655 953 4719 quotation
966 4656 988 4706 is
999 4656 1074 4707 much
1087 4656 1243 4708 condensed.
