3542 5359
368 640 430 699 444
636 621 973 681 MULTIPLICATIO
997 621 1250 681 SPEcrERuM.

369 786 548 850 dicendum
573 796 633 865 est,
655 786 746 867 quod
770 785 840 868 jam
868 784 976 868 patuit
1003 785 1095 867 prius
1119 785 1210 868 quod
1235 784 1322 848 actio
1345 783 1448 846 totius
1473 793 1526 846 est

371 890 519 962 indivisa,
536 889 615 952 dum
638 899 748 972 partes
771 899 848 953 sunt
863 890 965 953 etiam
982 889 1013 950 in
1036 898 1118 966 toto,
1137 889 1195 952 scd
1215 889 1243 952 si
1264 899 1374 953 totum
1395 887 1524 950 divide·

370 1002 460 1056 retur
475 1005 508 1056 et
525 995 654 1075 patiens
669 994 827 1069 similiter,
842 1003 1100 1075 consequeretur
1114 991 1196 1056 haec
1212 993 1334 1076 regula.

201 1101 225 1151 ⁶-
235 1100 291 1150 The
415 1097 545 1160 Deinde
566 1109 674 1174 sexto,
693 1119 736 1162 an
763 1099 925 1162 medietas
951 1097 1092 1161 alterata
1114 1106 1224 1179 potest
1252 1098 1412 1179 reliquam
1439 1097 1524 1160 alte-

201 1166 357 1297 ζῇῗοὲζξξοῃ
370 1223 454 1266 rare.
502 1203 687 1268 Dicendum
710 1204 801 1285 quod
829 1223 905 1280 ηοη,
927 1204 1006 1284 quia
1037 1211 1116 1266 ωηο
1147 1221 1213 1265 ηοη
1239 1213 1326 1266 esset
1356 1203 1524 1284 quantitas

201 1299 341 1413 idmeitb
369 1309 591 1372 determinata
616 1309 649 1370 in
675 1308 903 1390 magnitudine
926 1308 968 1370 ad
993 1308 1167 1382 actionem,
1191 1319 1224 1372 et
1258 1318 1339 1372 tunc
1362 1307 1524 1371 medietas

202 1380 358 1494 ibinaggeenri
371 1412 559 1477 medietatis
584 1413 692 1496 prima
717 1411 919 1491 alteraretur,
943 1422 977 1476 et
1005 1413 1050 1476 sic
1078 1413 1110 1474 in
1138 1411 1312 1477 infinitum.
1359 1411 1395 1477 Si
1423 1412 1524 1494 igitur

201 1495 361 1611 michan
370 1516 555 1598 objiciatur,
574 1517 663 1597 quod
687 1517 768 1580 dum
792 1517 953 1580 medietas
976 1515 1061 1580 illius
1085 1517 1186 1598 partis
1210 1526 1359 1579 remanet
1383 1517 1416 1580 in
1440 1524 1524 1592 toto,

202 1627 289 1690 hythe
371 1629 503 1702 oportet
529 1622 619 1701 quod
650 1641 752 1703 agens
779 1620 869 1683 illam
895 1618 1109 1683 medietatem
1137 1620 1244 1702 primo
1273 1621 1392 1685 alteret
1422 1639 1523 1701 quam

204 1693 262 1743 ⁶¹⁸¹·
371 1725 529 1787 alteretur
543 1726 695 1800 secunda,
712 1736 747 1789 et
761 1736 942 1805 antequam
958 1734 1067 1788 toturn
1084 1723 1249 1800 alteretur,
1266 1745 1325 1807 per
1342 1725 1523 1789 secundam

371 1827 614 1891 conclusionem
644 1830 777 1912 septimi
795 1828 1037 1910 ,Physicorum
1066 1849 1151 1911 quae
1186 1839 1247 1902 est,
1274 1831 1364 1911 quod
1394 1828 1524 1891 nullum

372 1932 494 1995 mobile
531 1933 638 2015 primo
669 1943 828 2010 movetur,
854 1934 925 1996 'sed
954 1934 1066 2016 aliqua
1103 1953 1179 2016 pars
1212 1933 1399 2016 ejus-quia
1430 1943 1525 2014 parte

372 2038 561 2119 quiescente
582 2036 722 2118 quiescit
744 2047 863 2114 totum,
881 2047 915 2101 et
938 2037 1013 2100 ideo
1033 2057 1110 2119 pars
1134 2039 1241 2120 primo
1264 2050 1434 2114 movetur;
1464 2038 1523 2100 sed

371 2142 498 2222 species
526 2141 559 2203 in
583 2141 639 2204 illa
663 2141 770 2222 prima
800 2141 980 2205 medietate
1008 2152 1058 2204 est
1084 2142 1252 2223 completa
1283 2142 1315 2204 in
1345 2153 1422 2206 actu
1452 2161 1524 2218 suo,

372 2264 453 2326 ergo
477 2266 542 2308 non
566 2247 628 2308 erit
651 2245 768 2321 otiosa,
789 2265 893 2327 quare
916 2243 1070 2309 alterabit
1094 2247 1307 2312 medietatem
1332 2247 1524 2322 secundam,

372 2358 405 2412 et
433 2349 620 2432 praecipue·
639 2369 714 2412 curn
739 2350 901 2413 medietas
923 2349 1089 2414 sufficeret
1120 2352 1162 2414 ad
1195 2349 1279 2428 hoc;
1316 2371 1396 2433 ergo
1422 2371 1526 2433 agens

373 2452 555 2534 principale
577 2473 642 2516 non
665 2452 821 2517 alterabit
845 2454 1060 2518 medietatem
1083 2456 1272 2530 secundam,
1291 2463 1325 2519 et
1349 2455 1526 2538 praecipue

373 2576 450 2620 cum
487 2558 646 2621 medietas
681 2558 788 2641 prima
821 2566 872 2621 est
903 2558 1008 2639 magis
1038 2558 1213 2639 conjuncta
1240 2578 1315 2621 cum
1348 2559 1527 2622 medietate

373 2661 528 2738 secunda,
554 2681 654 2743 quam
686 2682 788 2743 agens
815 2661 1015 2746 principale;
1039 2663 1213 2727 dicendum
1245 2673 1304 2741 est,
1329 2665 1419 2744 quod
1447 2673 1528 2726 tunc

372 2764 490 2829 eadem
521 2777 571 2829 est
601 2765 746 2846 objectio
776 2765 819 2829 de
853 2765 909 2828 illa
946 2767 1124 2831 medietate
1158 2767 1273 2849 prima,
1309 2787 1386 2830 nam
1424 2765 1528 2830 habet

374 2872 598 2949 medietatem,
618 2872 661 2934 de
675 2890 741 2952 qua
757 2871 877 2934 eodem
899 2873 1001 2934 modo
1025 2880 1136 2954 potest
1159 2873 1261 2954 argui,
1277 2882 1310 2936 et
1328 2873 1373 2934 sic
1390 2871 1528 2935 ulterius

375 2975 408 3037 in
428 2973 600 3051 infinitum,
615 2975 705 3057 quod
725 2984 776 3038 est
794 2974 1019 3056 impossibile;
1047 2986 1080 3038 et
1101 2975 1147 3039 sic
1168 2987 1325 3057 sequetur
1344 2977 1435 3058 quod
1459 2996 1526 3038 non

373 3079 536 3162 contingit
559 3081 639 3143 dare
654 3079 800 3162 aliquam
817 3091 948 3163 partem
964 3080 1218 3143 determinatam
1242 3081 1275 3142 in
1297 3100 1397 3162 quam
1421 3081 1528 3163 possit

373 3203 477 3268 agens
492 3183 628 3261 datum3
651 3185 730 3265 quia
745 3182 914 3265 quaelibet
934 3183 1037 3248 habet
1060 3185 1283 3264 medietatem,
1299 3204 1399 3265 quam
1420 3184 1527 3248 solam

375 3288 589 3350 medietatem
609 3289 750 3368 primam
767 3287 922 3351 alterabit
937 3307 1039 3368 agens
1061 3287 1243 3370 principale
1265 3288 1448 3352 secundum
1467 3286 1528 3352 has

375 3392 530 3455 rationes.
577 3392 622 3455 Et
650 3393 726 3456 ideo
749 3392 812 3455 hae
835 3390 1042 3472 objectiones
1066 3391 1175 3456 nullae
1199 3403 1285 3468 sunt,
1307 3412 1393 3473 quae
1416 3393 1528 3456 redar-

375 3506 482 3578 guunt
499 3495 608 3577 ipsum
627 3496 684 3577 qui
701 3517 757 3558 eas
773 3497 938 3579 proponit.

203 3626 271 3672 con·
421 3600 595 3663 Praeterea
621 3600 817 3663 solvendum
841 3610 892 3664 est
915 3600 1020 3677 aliter,
1041 3600 1194 3663 videlicet
1216 3601 1307 3682 quod
1328 3599 1405 3665 licet
1426 3621 1529 3683 agens

202 3689 308 3738 ⁶¹⁰⁵¹⁰¹¹·
375 3705 464 3788 prius
473 3703 591 3768 alterat
602 3705 816 3769 medietatem
827 3706 968 3788 primam
978 3725 1079 3787 quam
1090 3705 1234 3768 secunda
1244 3705 1528 3780 alteretur,tamen

375 3808 465 3872 illam
488 3809 666 3873 secundam
689 3809 842 3874 alterabit
865 3830 968 3892 agens
991 3818 1025 3874 et
1048 3829 1113 3873 non
1137 3810 1298 3873 medietas
1321 3811 1435 3892 prima,
1450 3811 1529 3892 quia

374 3934 478 3996 agens
495 3925 603 3995 potest
619 3913 652 3977 in
667 3933 741 3976 eam
758 3922 791 3976 et
807 3912 909 3977 habet
930 3912 1088 3994 majorem
1104 3914 1263 3978 virtutem
1283 3934 1383 3996 quam
1405 3914 1529 3978 medie·

375 4027 427 4081 tas
454 4018 561 4100 prima
588 4018 658 4100 jam
681 4017 831 4096 alterata,
858 4027 893 4080 et
919 4018 994 4082 ideo
1022 4019 1190 4100 potentius
1216 4029 1250 4081 et
1279 4017 1395 4082 melius
1418 4028 1529 4101 potest

376 4122 590 4186 medietatem
621 4123 803 4184 secundam
836 4121 983 4200 alterare,
1014 4141 1114 4203 quam
1153 4122 1258 4204 prima
1295 4121 1465 4200 medietas,
1494 4131 1529 4184 et

374 4237 493 4288 natura
508 4224 586 4288 sacit
601 4225 691 4307 quod
709 4224 827 4289 melius
849 4235 901 4289 est
925 4236 960 4289 et
980 4223 1164 4307 perfectius,
1180 4235 1318 4309 propter
1338 4227 1429 4308 quod
1452 4245 1530 4289 con·

375 4330 464 4393 cedit
492 4329 661 4412 principali
688 4330 810 4412 agenti,
837 4341 873 4393 ut
899 4329 1016 4394 alteret
1040 4331 1219 4394 secundam
1246 4330 1470 4410 medietatem,
1494 4341 1530 4394 et

375 4434 519 4516 denegat
545 4434 609 4498 hoc
636 4435 761 4516 primae
785 4434 966 4509 medietati,
992 4435 1040 4498 ita
1066 4445 1103 4498 ut
1130 4454 1195 4497 non
1221 4434 1417 4498 terminetur
1441 4435 1530 4498 actio

376 4537 478 4618 ipsius
493 4537 622 4620 agentis
637 4539 743 4602 donec
759 4537 927 4620 compleat
937 4559 1032 4603 suam
1048 4539 1212 4604 actionem
1229 4557 1288 4622 per
1300 4537 1529 4602 alterationem

376 4641 547 4722 utriusque
578 4644 775 4708 medietatis.
822 4642 890 4709 Sed
917 4644 944 4708 si
969 4643 1145 4728 objiciatur
1169 4643 1249 4708 illud
1277 4643 1469 4710 Aristotelis
1495 4645 1530 4707 in
