3542 5359
378 605 421 684 98
610 609 765 669 OPERIS
790 608 978 679 MAIORIS
1002 608 1116 667 PARS
1142 608 1312 680 QUINTA.

213 778 291 828 vision
304 793 336 828 ou
382 794 465 837 axes
487 782 625 856 possunt
647 772 810 855 obliquari
833 773 932 836 nimis
954 772 998 836 ab
1020 791 1087 836 axe
1115 771 1292 849 communi,
1316 779 1353 833 ut
1384 779 1477 852 patet
1500 769 1533 833 in

211 843 371 976 ffilffllf‘
383 876 498 960 figura.
542 878 631 942 Nam
646 898 668 940 a
683 877 702 940 b
715 877 742 940 d
753 877 894 960 angulus
912 877 946 938 in
961 876 980 939 b
994 875 1091 938 oculo
1112 884 1162 938 est
1186 874 1284 958 longe
1304 873 1412 956 major
1432 893 1534 956 quam

213 975 370 1027 ⁰⁰¹¹¹²rst¹²
382 1003 404 1046 a
417 1003 435 1046 c
448 981 474 1045 d
485 980 625 1064 angulus
639 981 672 1044 in
688 980 786 1045 oculo
800 1001 826 1056 c,
840 988 876 1044 et
890 981 967 1045 ideo
983 981 1044 1043 erit
1064 1000 1163 1051 error,
1182 989 1217 1043 et
1233 979 1399 1042 videbitur
1416 998 1439 1041 a
1456 980 1533 1053 duo,

1011 1085 1053 1148 ad
1083 1085 1175 1165 quod
1204 1084 1423 1148 terminantur
1451 1103 1534 1146 axes

1011 1189 1029 1251 b
1059 1210 1088 1266 a,
1118 1198 1153 1252 et
1181 1209 1199 1252 c
1228 1209 1258 1266 a,
1288 1197 1323 1251 et
1355 1187 1419 1250 hoc
1456 1189 1534 1270 quia

1011 1293 1180 1356 declinant
1202 1293 1245 1356 ab
1266 1314 1285 1356 e
1305 1292 1331 1355 d
1350 1311 1416 1354 axe
1441 1312 1534 1355 com-

1012 1397 1104 1460 muni
1115 1393 1138 1459 ¹.
1183 1396 1228 1460 Et
1248 1396 1312 1460 hoc
1330 1406 1381 1460 est
1400 1396 1534 1478 quando

957 1515 986 1569 a,
1012 1500 1099 1564 oculi
1128 1510 1324 1564 convertunt
1349 1521 1432 1564 axes
1456 1519 1534 1563 suos

1012 1606 1056 1668 ab
1086 1624 1152 1669 axe
1184 1605 1352 1670 communi
1385 1605 1428 1668 ad
1460 1623 1535 1686 par·

1013 1719 1080 1773 tem
1115 1710 1211 1772 unius
1248 1707 1343 1786 oculi,
1376 1718 1409 1772 et
1451 1707 1535 1771 alius

631 1793 744 1858 ΡΜ·
1012 1813 1128 1877 oculus
1179 1792 1328 1895 sequitui
1371 1821 1534 1894 quantum

383 1917 451 1982 fieri
481 1929 592 2002 potest
622 1919 808 1997 declinati0‚
831 1930 865 1984 et
891 1919 968 1982 ideo
994 1938 1078 1982 axes
1101 1937 1167 1980 non
1190 1918 1408 1981 terminantur
1430 1917 1472 1980 ad
1502 1916 1534 1992 d,

382 2043 442 2087 nec
465 2024 624 2099 suntbd,
645 2034 678 2088 et
699 2047 717 2088 c
737 2023 768 2100 d,
784 2025 841 2088 sed
866 2024 885 2088 b
907 2044 929 2085 a
952 2033 985 2086 et
1006 2045 1024 2086 c
1044 2043 1074 2097 a,
1090 2042 1166 2085 nam
1193 2041 1275 2085 axes
1301 2022 1348 2085 sic
1367 2020 1535 2086 declinant

382 2147 402 2190 a
432 2129 497 2192 situ
529 2149 588 2192 suo
626 2127 767 2192 naturali
802 2138 837 2191 et
876 2126 1100 2210 obliquantur.
1162 2125 1305 2190 Possunt
1334 2125 1437 2190 etiam
1470 2135 1534 2188 ter·

383 2232 501 2295 minari
525 2233 568 2296 ad
597 2242 756 2315 punctum
784 2233 830 2295 rei
854 2233 945 2296 visae
969 2231 1068 2307 idem,
1088 2230 1151 2292 sub
1175 2239 1288 2293 tamen
1311 2230 1441 2293 diverso
1467 2230 1534 2294 situ

383 2346 532 2418 respectu
560 2337 650 2400 nervi
677 2336 882 2411 communis;
912 2345 946 2399 et
966 2346 1046 2399 tunc
1066 2334 1199 2398 videtur
1217 2333 1274 2397 ille
1294 2344 1437 2417 punctus
1457 2334 1534 2411 duo,

383 2439 468 2502 sicut
492 2450 586 2524 patet
608 2461 667 2523 per
687 2439 906 2505 elevationem
930 2440 1025 2502 unius
1048 2437 1136 2501 oculi
1157 2460 1177 2502 a
1197 2438 1263 2502 situ
1287 2458 1349 2502 suo
1368 2448 1457 2502 recto
1480 2437 1532 2501 vel

383 2544 562 2625 utriusque.
609 2545 654 2608 Et
677 2566 721 2608 ex
741 2544 794 2608 his
817 2542 1098 2627 obliquationibus
1120 2551 1214 2624 patet
1235 2541 1416 2620 manifeste,
1444 2542 1534 2624 quod

384 2647 454 2710 sive
469 2667 551 2711 axes
567 2648 779 2730 obliquantur
795 2648 893 2712 nimis
907 2648 950 2711 ab
966 2668 1032 2710 axe
1047 2647 1225 2724 communi,
1240 2647 1310 2710 sive
1322 2667 1373 2709 res
1386 2646 1467 2722 visa,
1482 2646 1535 2710 vel

381 2770 458 2834 pars
473 2752 519 2816 rei
537 2753 628 2817 visae
643 2754 740 2816 nimis
762 2752 951 2834 obliquetur
968 2751 1011 2816 ab
1032 2751 1153 2814 axibus
1172 2751 1350 2827 oculorum,
1369 2751 1535 2815 videbitur

382 2855 469 2919 male
488 2877 548 2934 reS,
571 2865 604 2920 et
624 2856 688 2922 hoc
706 2857 776 2921 sive
796 2876 863 2919 uno
883 2854 989 2934 oculo,
1009 2855 1079 2919 sive
1101 2855 1239 2931 duobus,
1259 2855 1328 2918 sive
1352 2856 1453 2919 etiam
1475 2855 1534 2919 fiat

380 2959 567 3041 obliquatio
597 2961 847 3026 extremitatum
882 2961 930 3023 rei
960 2982 981 3024 a
1006 2959 1112 3023 faciali
1139 2959 1360 3042 oppositione.
1407 2959 1453 3022 Et
1476 2978 1536 3042 per

382 3065 572 3145 oppositum
596 3067 667 3139 erit,
689 3066 779 3147 quod
802 3065 884 3128 illud
908 3067 998 3147 quod
1026 3062 1185 3128 lacialiter
1207 3064 1269 3128 erit
1291 3063 1467 3144 objectum,
1489 3065 1532 3127 ad

382 3167 473 3248 quod
490 3168 562 3230 axis
577 3168 730 3249 specialis
749 3178 782 3232 et
797 3169 982 3232 communis
1004 3177 1211 3246 concurrunt,
1226 3167 1392 3230 videbitur
1411 3167 1445 3229 in
1467 3165 1534 3230 fine

382 3271 598 3336 certitudinis,
643 3271 680 3335 Si
711 3293 788 3335 vero
821 3272 865 3336 sit
895 3292 999 3355 prope
1029 3292 1119 3347 axes,
1145 3291 1196 3334 res
1225 3272 1269 3334 ab
1296 3272 1412 3334 eadem
1439 3280 1535 3355 parte

382 3374 550 3438 videbitur
564 3375 763 3439 sufficienter
772 3399 782 3451 ς
805 3384 839 3439 et
857 3377 904 3440 sic
924 3377 1090 3440 minuetur
1105 3376 1189 3440 visio
1204 3375 1351 3457 ejusdem
1368 3376 1413 3438 rei
1429 3396 1535 3458 usque

383 3479 425 3540 ad
457 3477 565 3541 locum
590 3488 703 3543 tantae
725 3480 960 3563 obliquationis
990 3481 1080 3563 quod
1106 3501 1207 3543 unum
1230 3480 1362 3543 videtur
1392 3481 1469 3555 duo,
1497 3490 1534 3543 ut

383 3583 591 3665 praedictum
622 3593 681 3647 est.
727 3583 772 3647 Et
803 3585 921 3648 horum
952 3586 1101 3647 omniurn
1132 3604 1232 3647 causa
1262 3593 1321 3660 est,
1351 3585 1532 3648 secundum

383 3685 536 3750 Alhazen
552 3687 584 3748 in
597 3688 696 3751 tertio
711 3687 804 3764 libro,
816 3698 850 3752 et
867 3688 1093 3752 Ptolemaeum
1111 3688 1260 3751 similiter
1274 3687 1307 3750 in
1320 3689 1429 3764 tertio,
1442 3689 1531 3771 quod

382 3791 516 3872 quando
548 3812 597 3854 res
630 3791 789 3856 lacialiter
822 3794 952 3857 videtur
984 3791 1036 3855 vel
1068 3813 1181 3876 prope,
1204 3800 1282 3856 tunc
1314 3793 1441 3875 species
1462 3792 1533 3873 ejus

383 3895 475 3958 venit
497 3895 540 3958 ad
562 3895 769 3978 superficiem
791 3897 940 3979 glacialis
962 3898 1024 3960 sub
1048 3916 1169 3978 magno
1191 3896 1312 3979 angulo
1336 3907 1370 3960 et
1393 3907 1534 3980 occupat

383 4017 539 4081 magnam
567 4009 695 4082 partem
719 4000 872 4083 pupillae,
896 4001 927 4063 in
949 4021 1015 4082 qua
1037 4000 1238 4065 sensibiliter
1260 4011 1398 4083 possunt
1421 4009 1532 4084 partes

382 4102 561 4185 distingui3
599 4105 656 4168 sed
687 4105 821 4186 quando
851 4114 901 4169 est
931 4125 1053 4187 magna
1083 4105 1279 4187 obliquatio,
1300 4113 1381 4167 tunc
1407 4106 1534 4188 species

381 4208 473 4270 venit
502 4207 564 4270 sub
597 4229 700 4290 parvo
722 4208 845 4291 angulo
875 4209 918 4272 ad
949 4209 1135 4272 membrum
1158 4210 1312 4284 sentiens,
1334 4217 1368 4271 et
1390 4218 1532 4290 occupat

382 4331 518 4393 parvam
549 4321 677 4394 partem
708 4312 803 4388 illius,
833 4313 879 4376 ita
908 4313 998 4394 quod
1032 4312 1265 4377 insensibiliter
1293 4324 1534 4397 congregantur

382 4415 509 4497 species
524 4417 667 4499 partium
688 4417 734 4479 rei
756 4417 856 4492 visae,
873 4427 907 4480 et
929 4416 1135 4482 collocantur
1155 4416 1298 4493 confuse,
1314 4426 1348 4480 et
1367 4419 1443 4482 ideo
1468 4438 1534 4482 non

381 4527 433 4583 est
444 4517 605 4602 judicium
622 4530 748 4585 certum
768 4523 809 4585 de
825 4521 882 4584 eis.
929 4521 975 4584 Et
990 4523 1038 4584 sic
1053 4532 1169 4603 patent
1181 4523 1293 4585 omnia
1307 4543 1395 4603 quae
1409 4521 1534 4586 habent

496 4637 505 4666 ¹
522 4638 586 4688 This
597 4638 620 4688 is
633 4640 753 4701 wrongly
763 4640 882 4700 lettered,
893 4639 957 4688 both
968 4640 995 4688 in
1007 4641 1052 4688 the
1063 4645 1119 4688 text
1130 4641 1181 4688 and
1194 4641 1239 4690 the
1251 4641 1343 4703 figure,
1353 4640 1382 4689 in
1391 4640 1418 4702 J.
