<?xml version="1.0" encoding="UTF-8"?>
<!DOCTYPE html PUBLIC "-//W3C//DTD XHTML 1.0 Transitional//EN"
    "http://www.w3.org/TR/xhtml1/DTD/xhtml1-transitional.dtd">
<html xmlns="http://www.w3.org/1999/xhtml" xml:lang="en" lang="en">
 <head>
  <title>
</title>
<meta http-equiv="Content-Type" content="text/html;charset=utf-8" />
  <meta name='ocr-system' content='tesseract 3.04.00' />
  <meta name='ocr-capabilities' content='ocr_page ocr_carea ocr_par ocr_line ocrx_word'/>
</head>
<body>
  <div class='ocr_page' id='page_1' title='image "./opusmajusrogerb02bridgoog/opusmajusrogerb02bridgoog_0105.png"; bbox 0 0 3542 5359; ppageno 0'>
   <div class='ocr_carea' id='block_1_1' title="bbox 446 3499 698 3677">
    <p class='ocr_par' dir='ltr' id='par_1_1' title="bbox 446 3499 698 3677">
     <span class='ocr_line' id='line_1_1' title="bbox 448 3499 645 3561; baseline 0 -14"><span class='ocrx_word' id='word_1_1' title='bbox 448 3499 645 3561; x_wconf 84' lang='lat' dir='ltr'><strong>Depen-</strong></span> 
     </span>
     <span class='ocr_line' id='line_1_2' title="bbox 446 3562 686 3640; baseline -0.008 -29"><span class='ocrx_word' id='word_1_2' title='bbox 446 3565 602 3640; x_wconf 70' lang='lat' dir='ltr'><strong>denee</strong></span> <span class='ocrx_word' id='word_1_3' title='bbox 624 3562 686 3611; x_wconf 78' lang='lat' dir='ltr'><strong>of</strong></span> 
     </span>
     <span class='ocr_line' id='line_1_3' title="bbox 446 3643 698 3677; baseline -0.008 -1"><span class='ocrx_word' id='word_1_4' title='bbox 446 3645 606 3677; x_wconf 73' lang='lat' dir='ltr'><strong>vunon</strong></span> <span class='ocrx_word' id='word_1_5' title='bbox 633 3643 698 3675; x_wconf 91' lang='lat' dir='ltr'><strong>on</strong></span> 
     </span>
    </p>
   </div>
   <div class='ocr_carea' id='block_1_2' title="bbox 757 642 2617 718">
    <p class='ocr_par' dir='ltr' id='par_1_2' title="bbox 757 642 2617 718">
     <span class='ocr_line' id='line_1_4' title="bbox 757 642 2617 718; baseline 0.001 -16"><span class='ocrx_word' id='word_1_6' title='bbox 757 642 840 702; x_wconf 88' lang='grc'><strong>86</strong></span> <span class='ocrx_word' id='word_1_7' title='bbox 1210 643 1522 703; x_wconf 84' lang='lat' dir='ltr'><em>OPERIS</em></span> <span class='ocrx_word' id='word_1_8' title='bbox 1570 644 1695 701; x_wconf 84' lang='lat' dir='ltr'><strong>MA</strong></span> <span class='ocrx_word' id='word_1_9' title='bbox 1693 644 1948 714; x_wconf 85' lang='lat' dir='ltr'><em>JORIS</em></span> <span class='ocrx_word' id='word_1_10' title='bbox 1995 644 2224 704; x_wconf 85' lang='lat' dir='ltr'><em>PARS</em></span> <span class='ocrx_word' id='word_1_11' title='bbox 2276 645 2617 718; x_wconf 81' lang='lat' dir='ltr'><strong>QUINTA.</strong></span> 
     </span>
    </p>
   </div>
   <div class='ocr_carea' id='block_1_3' title="bbox 761 809 3079 2778">
    <p class='ocr_par' dir='ltr' id='par_1_3' title="bbox 761 809 3079 2778">
     <span class='ocr_line' id='line_1_5' title="bbox 761 809 3063 898; baseline 0.001 -25"><span class='ocrx_word' id='word_1_12' title='bbox 761 809 1082 874; x_wconf 87' lang='lat' dir='ltr'><strong>transiens</strong></span> <span class='ocrx_word' id='word_1_13' title='bbox 1128 831 1247 894; x_wconf 92' lang='lat' dir='ltr'><strong>per</strong></span> <span class='ocrx_word' id='word_1_14' title='bbox 1277 830 1423 872; x_wconf 90' lang='lat' dir='ltr'><strong>eam</strong></span> <span class='ocrx_word' id='word_1_15' title='bbox 1470 809 1698 874; x_wconf 89' lang='lat' dir='ltr'><strong>statim</strong></span> <span class='ocrx_word' id='word_1_16' title='bbox 1742 811 2100 894; x_wconf 85' lang='lat' dir='ltr'>expeditur</span> <span class='ocrx_word' id='word_1_17' title='bbox 2142 813 2233 876; x_wconf 93' lang='lat' dir='ltr'><strong>ab</strong></span> <span class='ocrx_word' id='word_1_18' title='bbox 2274 833 2371 887; x_wconf 89' lang='lat' dir='ltr'><strong>ea,</strong></span> <span class='ocrx_word' id='word_1_19' title='bbox 2406 823 2474 877; x_wconf 90' lang='lat' dir='ltr'><strong>et</strong></span> <span class='ocrx_word' id='word_1_20' title='bbox 2519 813 2613 877; x_wconf 91' lang='lat' dir='ltr'><strong>sic</strong></span> <span class='ocrx_word' id='word_1_21' title='bbox 2662 823 2883 898; x_wconf 89' lang='lat' dir='ltr'><strong>potest</strong></span> <span class='ocrx_word' id='word_1_22' title='bbox 2925 833 3063 876; x_wconf 90' lang='lat' dir='ltr'><strong>rem</strong></span> 
     </span>
     <span class='ocr_line' id='line_1_6' title="bbox 764 916 3065 1001; baseline 0.001 -23"><span class='ocrx_word' id='word_1_23' title='bbox 764 927 1215 980; x_wconf 89' lang='lat' dir='ltr'><strong>occurrentem</strong></span> <span class='ocrx_word' id='word_1_24' title='bbox 1247 936 1454 998; x_wconf 87' lang='lat' dir='ltr'>prope</span> <span class='ocrx_word' id='word_1_25' title='bbox 1495 916 1631 981; x_wconf 89' lang='lat' dir='ltr'><strong>cito</strong></span> <span class='ocrx_word' id='word_1_26' title='bbox 1670 917 1984 981; x_wconf 89' lang='lat' dir='ltr'><strong>distincte</strong></span> <span class='ocrx_word' id='word_1_27' title='bbox 2020 917 2284 995; x_wconf 91' lang='lat' dir='ltr'><strong>videre;</strong></span> <span class='ocrx_word' id='word_1_28' title='bbox 2330 939 2479 982; x_wconf 90' lang='lat' dir='ltr'><strong>cum</strong></span> <span class='ocrx_word' id='word_1_29' title='bbox 2512 941 2669 982; x_wconf 90' lang='lat' dir='ltr'><strong>vero</strong></span> <span class='ocrx_word' id='word_1_30' title='bbox 2706 929 2805 984; x_wconf 90' lang='lat' dir='ltr'><strong>est</strong></span> <span class='ocrx_word' id='word_1_31' title='bbox 2836 938 3065 1001; x_wconf 89' lang='lat' dir='ltr'><strong>super-</strong></span> 
     </span>
     <span class='ocr_line' id='line_1_7' title="bbox 764 1018 3066 1101; baseline 0 -18"><span class='ocrx_word' id='word_1_32' title='bbox 764 1018 898 1084; x_wconf 90' lang='lat' dir='ltr'><strong>flua</strong></span> <span class='ocrx_word' id='word_1_33' title='bbox 949 1021 1311 1085; x_wconf 84' lang='lat' dir='ltr'><strong>humiditas</strong></span> <span class='ocrx_word' id='word_1_34' title='bbox 1365 1020 1809 1094; x_wconf 83' lang='lat' dir='ltr'><strong>accidentaliS,</strong></span> <span class='ocrx_word' id='word_1_35' title='bbox 1856 1032 2013 1086; x_wconf 91' lang='lat' dir='ltr'><strong>tunc</strong></span> <span class='ocrx_word' id='word_1_36' title='bbox 2061 1023 2485 1087; x_wconf 88' lang='lat' dir='ltr'><strong>confunditur</strong></span> <span class='ocrx_word' id='word_1_37' title='bbox 2532 1024 2780 1101; x_wconf 75' lang='lat' dir='ltr'><strong>oculuS‚</strong></span> <span class='ocrx_word' id='word_1_38' title='bbox 2823 1033 2888 1087; x_wconf 92' lang='lat' dir='ltr'><strong>et</strong></span> <span class='ocrx_word' id='word_1_39' title='bbox 2936 1042 3066 1085; x_wconf 94' lang='lat' dir='ltr'><strong>non</strong></span> 
     </span>
     <span class='ocr_line' id='line_1_8' title="bbox 765 1125 3067 1210; baseline 0.002 -24"><span class='ocrx_word' id='word_1_40' title='bbox 765 1125 856 1188; x_wconf 90' lang='lat' dir='ltr'><strong>ita</strong></span> <span class='ocrx_word' id='word_1_41' title='bbox 898 1125 1032 1190; x_wconf 92' lang='lat' dir='ltr'><strong>cito</strong></span> <span class='ocrx_word' id='word_1_42' title='bbox 1077 1127 1432 1210; x_wconf 85' lang='lat' dir='ltr'>expeditur</span> <span class='ocrx_word' id='word_1_43' title='bbox 1472 1136 1745 1208; x_wconf 89' lang='lat' dir='ltr'><strong>propter</strong></span> <span class='ocrx_word' id='word_1_44' title='bbox 1786 1129 2226 1209; x_wconf 81' lang='lat' dir='ltr'><strong>quantitatem</strong></span> <span class='ocrx_word' id='word_1_45' title='bbox 2264 1129 2698 1193; x_wconf 82' lang='lat' dir='ltr'><strong>humiditatis.</strong></span> <span class='ocrx_word' id='word_1_46' title='bbox 2792 1129 2882 1192; x_wconf 92' lang='lat' dir='ltr'><strong>Et</strong></span> <span class='ocrx_word' id='word_1_47' title='bbox 2915 1129 3067 1193; x_wconf 92' lang='lat' dir='ltr'><strong>ideo</strong></span> 
     </span>
     <span class='ocr_line' id='line_1_9' title="bbox 765 1231 3068 1316; baseline 0.001 -24"><span class='ocrx_word' id='word_1_48' title='bbox 765 1242 1027 1313; x_wconf 88' lang='lat' dir='ltr'><strong>oportet</strong></span> <span class='ocrx_word' id='word_1_49' title='bbox 1057 1233 1240 1314; x_wconf 90' lang='lat' dir='ltr'><strong>quod</strong></span> <span class='ocrx_word' id='word_1_50' title='bbox 1288 1252 1390 1295; x_wconf 90' lang='lat' dir='ltr'><strong>res</strong></span> <span class='ocrx_word' id='word_1_51' title='bbox 1436 1231 1701 1314; x_wconf 87' lang='lat' dir='ltr'><strong>longius</strong></span> <span class='ocrx_word' id='word_1_52' title='bbox 1742 1232 1948 1296; x_wconf 90' lang='lat' dir='ltr'><strong>distet</strong></span> <span class='ocrx_word' id='word_1_53' title='bbox 1987 1233 2075 1296; x_wconf 94' lang='lat' dir='ltr'><strong>ab</strong></span> <span class='ocrx_word' id='word_1_54' title='bbox 2116 1231 2323 1296; x_wconf 92' lang='lat' dir='ltr'><strong>oculis</strong></span> <span class='ocrx_word' id='word_1_55' title='bbox 2364 1242 2721 1316; x_wconf 88' lang='lat' dir='ltr'><strong>antequam</strong></span> <span class='ocrx_word' id='word_1_56' title='bbox 2756 1234 3068 1297; x_wconf 91' lang='lat' dir='ltr'><strong>distincte</strong></span> 
     </span>
     <span class='ocr_line' id='line_1_10' title="bbox 762 1336 3066 1420; baseline -0.001 -20"><span class='ocrx_word' id='word_1_57' title='bbox 762 1337 1108 1415; x_wconf 82' lang='lat' dir='ltr'><strong>videatur3</strong></span> <span class='ocrx_word' id='word_1_58' title='bbox 1155 1356 1307 1400; x_wconf 89' lang='lat' dir='ltr'><strong>nam</strong></span> <span class='ocrx_word' id='word_1_59' title='bbox 1354 1336 1717 1400; x_wconf 89' lang='lat' dir='ltr'><strong>humiditas</strong></span> <span class='ocrx_word' id='word_1_60' title='bbox 1762 1336 1945 1414; x_wconf 89' lang='lat' dir='ltr'><strong>haec,</strong></span> <span class='ocrx_word' id='word_1_61' title='bbox 1981 1359 2154 1420; x_wconf 92' lang='lat' dir='ltr'><strong>quae</strong></span> <span class='ocrx_word' id='word_1_62' title='bbox 2198 1338 2488 1401; x_wconf 88' lang='lat' dir='ltr'><strong>decurrit</strong></span> <span class='ocrx_word' id='word_1_63' title='bbox 2534 1339 2599 1400; x_wconf 91' lang='lat' dir='ltr'><strong>in</strong></span> <span class='ocrx_word' id='word_1_64' title='bbox 2647 1339 2845 1403; x_wconf 91' lang='lat' dir='ltr'><strong>oculo</strong></span> <span class='ocrx_word' id='word_1_65' title='bbox 2886 1347 2955 1401; x_wconf 94' lang='lat' dir='ltr'><strong>et</strong></span> <span class='ocrx_word' id='word_1_66' title='bbox 3003 1336 3066 1399; x_wconf 93' lang='lat' dir='ltr'><strong>in</strong></span> 
     </span>
     <span class='ocr_line' id='line_1_11' title="bbox 766 1439 3068 1527; baseline -0 -24"><span class='ocrx_word' id='word_1_67' title='bbox 766 1441 1112 1523; x_wconf 87' lang='lat' dir='ltr'><strong>superficie</strong></span> <span class='ocrx_word' id='word_1_68' title='bbox 1164 1461 1443 1506; x_wconf 89' lang='lat' dir='ltr'><strong>corneae</strong></span> <span class='ocrx_word' id='word_1_69' title='bbox 1494 1451 1562 1505; x_wconf 92' lang='lat' dir='ltr'><strong>et</strong></span> <span class='ocrx_word' id='word_1_70' title='bbox 1612 1439 2100 1525; x_wconf 88' lang='lat' dir='ltr'><strong>palpebrarum,</strong></span> <span class='ocrx_word' id='word_1_71' title='bbox 2152 1462 2282 1505; x_wconf 94' lang='lat' dir='ltr'><strong>non</strong></span> <span class='ocrx_word' id='word_1_72' title='bbox 2332 1443 2544 1507; x_wconf 88' lang='lat' dir='ltr'><strong>solum</strong></span> <span class='ocrx_word' id='word_1_73' title='bbox 2598 1462 2841 1527; x_wconf 89' lang='lat' dir='ltr'><strong>corpus</strong></span> <span class='ocrx_word' id='word_1_74' title='bbox 2896 1439 3068 1506; x_wconf 92' lang='lat' dir='ltr'><strong>oculi</strong></span> 
     </span>
     <span class='ocr_line' id='line_1_12' title="bbox 765 1545 3072 1631; baseline 0 -24"><span class='ocrx_word' id='word_1_75' title='bbox 765 1555 1068 1628; x_wconf 89' lang='lat' dir='ltr'><strong>occupat,</strong></span> <span class='ocrx_word' id='word_1_76' title='bbox 1134 1546 1249 1609; x_wconf 89' lang='lat' dir='ltr'><strong>sed</strong></span> <span class='ocrx_word' id='word_1_77' title='bbox 1311 1565 1529 1609; x_wconf 88' lang='lat' dir='ltr'><strong>aerem</strong></span> <span class='ocrx_word' id='word_1_78' title='bbox 1589 1545 1931 1610; x_wconf 88' lang='lat' dir='ltr'><strong>humectat</strong></span> <span class='ocrx_word' id='word_1_79' title='bbox 1992 1566 2203 1631; x_wconf 88' lang='lat' dir='ltr'><strong>prope</strong></span> <span class='ocrx_word' id='word_1_80' title='bbox 2263 1548 2569 1625; x_wconf 89' lang='lat' dir='ltr'><strong>oculum;</strong></span> <span class='ocrx_word' id='word_1_81' title='bbox 2644 1557 2711 1611; x_wconf 92' lang='lat' dir='ltr'><strong>et</strong></span> <span class='ocrx_word' id='word_1_82' title='bbox 2772 1547 2925 1609; x_wconf 91' lang='lat' dir='ltr'><strong>ideo</strong></span> <span class='ocrx_word' id='word_1_83' title='bbox 2986 1545 3072 1608; x_wconf 93' lang='lat' dir='ltr'><strong>de</strong></span> 
     </span>
     <span class='ocr_line' id='line_1_13' title="bbox 770 1648 3068 1735; baseline -0.002 -22"><span class='ocrx_word' id='word_1_84' title='bbox 770 1671 979 1733; x_wconf 90' lang='lat' dir='ltr'><strong>prope</strong></span> <span class='ocrx_word' id='word_1_85' title='bbox 1044 1671 1178 1713; x_wconf 93' lang='lat' dir='ltr'><strong>non</strong></span> <span class='ocrx_word' id='word_1_86' title='bbox 1241 1662 1524 1733; x_wconf 88' lang='lat' dir='ltr'><strong>possunt</strong></span> <span class='ocrx_word' id='word_1_87' title='bbox 1585 1648 1756 1713; x_wconf 93' lang='lat' dir='ltr'><strong>oculi</strong></span> <span class='ocrx_word' id='word_1_88' title='bbox 1821 1650 1989 1714; x_wconf 88' lang='lat' dir='ltr'><strong>tales</strong></span> <span class='ocrx_word' id='word_1_89' title='bbox 2046 1650 2290 1727; x_wconf 90' lang='lat' dir='ltr'><strong>videre,</strong></span> <span class='ocrx_word' id='word_1_90' title='bbox 2350 1652 2466 1715; x_wconf 90' lang='lat' dir='ltr'><strong>sed</strong></span> <span class='ocrx_word' id='word_1_91' title='bbox 2529 1661 2794 1735; x_wconf 88' lang='lat' dir='ltr'><strong>oportet</strong></span> <span class='ocrx_word' id='word_1_92' title='bbox 2854 1650 3068 1713; x_wconf 90' lang='lat' dir='ltr'><strong>visum</strong></span> 
     </span>
     <span class='ocr_line' id='line_1_14' title="bbox 766 1753 3072 1838; baseline -0 -22"><span class='ocrx_word' id='word_1_93' title='bbox 766 1753 1071 1838; x_wconf 87' lang='lat' dir='ltr'><strong>expediri</strong></span> <span class='ocrx_word' id='word_1_94' title='bbox 1131 1754 1218 1817; x_wconf 94' lang='lat' dir='ltr'><strong>ab</strong></span> <span class='ocrx_word' id='word_1_95' title='bbox 1276 1775 1355 1818; x_wconf 92' lang='lat' dir='ltr'><strong>ea</strong></span> <span class='ocrx_word' id='word_1_96' title='bbox 1421 1766 1490 1819; x_wconf 92' lang='lat' dir='ltr'><strong>et</strong></span> <span class='ocrx_word' id='word_1_97' title='bbox 1550 1754 1812 1837; x_wconf 86' lang='lat' dir='ltr'><strong>longius</strong></span> <span class='ocrx_word' id='word_1_98' title='bbox 1873 1755 2165 1819; x_wconf 90' lang='lat' dir='ltr'><strong>transire.</strong></span> <span class='ocrx_word' id='word_1_99' title='bbox 2280 1755 2463 1818; x_wconf 87' lang='lat' dir='ltr'><strong>Prior</strong></span> <span class='ocrx_word' id='word_1_100' title='bbox 2522 1756 2692 1819; x_wconf 88' lang='lat' dir='ltr'><strong>ratio</strong></span> <span class='ocrx_word' id='word_1_101' title='bbox 2751 1753 3072 1837; x_wconf 87' lang='lat' dir='ltr'><strong>tangebat</strong></span> 
     </span>
     <span class='ocr_line' id='line_1_15' title="bbox 769 1855 3072 1940; baseline -0.001 -20"><span class='ocrx_word' id='word_1_102' title='bbox 769 1877 1037 1921; x_wconf 90' lang='lat' dir='ltr'><strong>causam</strong></span> <span class='ocrx_word' id='word_1_103' title='bbox 1071 1858 1340 1923; x_wconf 88' lang='lat' dir='ltr'><strong>videndi</strong></span> <span class='ocrx_word' id='word_1_104' title='bbox 1383 1880 1423 1922; x_wconf 93' lang='lat' dir='ltr'><strong>a</strong></span> <span class='ocrx_word' id='word_1_105' title='bbox 1469 1861 1740 1923; x_wconf 89' lang='lat' dir='ltr'><strong>remotis</strong></span> <span class='ocrx_word' id='word_1_106' title='bbox 1785 1879 1903 1940; x_wconf 90' lang='lat' dir='ltr'><strong>per</strong></span> <span class='ocrx_word' id='word_1_107' title='bbox 1943 1860 2410 1923; x_wconf 89' lang='lat' dir='ltr'><strong>humiditatem</strong></span> <span class='ocrx_word' id='word_1_108' title='bbox 2460 1858 2828 1924; x_wconf 87' lang='lat' dir='ltr'><strong>naturalem</strong></span> <span class='ocrx_word' id='word_1_109' title='bbox 2877 1855 3072 1932; x_wconf 89' lang='lat' dir='ltr'><strong>oculi,</strong></span> 
     </span>
     <span class='ocr_line' id='line_1_16' title="bbox 772 1960 3073 2047; baseline -0 -23"><span class='ocrx_word' id='word_1_110' title='bbox 772 1961 881 2025; x_wconf 88' lang='lat' dir='ltr'><strong>hic</strong></span> <span class='ocrx_word' id='word_1_111' title='bbox 912 1960 985 2026; x_wconf 88' lang='lat' dir='ltr'><strong>fit</strong></span> <span class='ocrx_word' id='word_1_112' title='bbox 1011 1963 1264 2026; x_wconf 89' lang='lat' dir='ltr'><strong>mentio</strong></span> <span class='ocrx_word' id='word_1_113' title='bbox 1294 1964 1380 2026; x_wconf 90' lang='lat' dir='ltr'><strong>de</strong></span> <span class='ocrx_word' id='word_1_114' title='bbox 1402 1962 1804 2028; x_wconf 90' lang='lat' dir='ltr'><strong>humiditate</strong></span> <span class='ocrx_word' id='word_1_115' title='bbox 1835 1963 2225 2028; x_wconf 88' lang='lat' dir='ltr'><strong>accidentali</strong></span> <span class='ocrx_word' id='word_1_116' title='bbox 2250 1963 2583 2047; x_wconf 89' lang='lat' dir='ltr'><strong>superflua</strong></span> <span class='ocrx_word' id='word_1_117' title='bbox 2603 1960 2649 2025; x_wconf 90' lang='lat'><strong>¹.</strong></span> <span class='ocrx_word' id='word_1_118' title='bbox 2720 1962 3073 2026; x_wconf 89' lang='lat' dir='ltr'><strong>Caeterum</strong></span> 
     </span>
     <span class='ocr_line' id='line_1_17' title="bbox 772 2066 3074 2150; baseline -0 -21"><span class='ocrx_word' id='word_1_119' title='bbox 772 2066 877 2130; x_wconf 91' lang='lat' dir='ltr'><strong>hic</strong></span> <span class='ocrx_word' id='word_1_120' title='bbox 937 2066 1268 2149; x_wconf 88' lang='lat' dir='ltr'><strong>loquimur</strong></span> <span class='ocrx_word' id='word_1_121' title='bbox 1312 2067 1398 2130; x_wconf 91' lang='lat' dir='ltr'><strong>de</strong></span> <span class='ocrx_word' id='word_1_122' title='bbox 1444 2068 1697 2132; x_wconf 87' lang='lat' dir='ltr'><strong>visione</strong></span> <span class='ocrx_word' id='word_1_123' title='bbox 1750 2089 1791 2131; x_wconf 91' lang='lat' dir='ltr'><strong>a</strong></span> <span class='ocrx_word' id='word_1_124' title='bbox 1844 2068 2042 2150; x_wconf 87' lang='lat' dir='ltr'><strong>longe</strong></span> <span class='ocrx_word' id='word_1_125' title='bbox 2102 2069 2292 2132; x_wconf 89' lang='lat' dir='ltr'><strong>aliter</strong></span> <span class='ocrx_word' id='word_1_126' title='bbox 2358 2088 2557 2149; x_wconf 88' lang='lat' dir='ltr'><strong>quam</strong></span> <span class='ocrx_word' id='word_1_127' title='bbox 2620 2069 2843 2148; x_wconf 88' lang='lat' dir='ltr'><strong>prius:</strong></span> <span class='ocrx_word' id='word_1_128' title='bbox 2920 2085 3074 2128; x_wconf 91' lang='lat' dir='ltr'><strong>nam</strong></span> 
     </span>
     <span class='ocr_line' id='line_1_18' title="bbox 773 2169 3076 2256; baseline -0.001 -23"><span class='ocrx_word' id='word_1_129' title='bbox 773 2170 953 2252; x_wconf 90' lang='lat' dir='ltr'><strong>quod</strong></span> <span class='ocrx_word' id='word_1_130' title='bbox 1003 2170 1110 2233; x_wconf 88' lang='lat' dir='ltr'><strong>hic</strong></span> <span class='ocrx_word' id='word_1_131' title='bbox 1158 2192 1475 2236; x_wconf 89' lang='lat' dir='ltr'><strong>vocamus</strong></span> <span class='ocrx_word' id='word_1_132' title='bbox 1519 2192 1730 2256; x_wconf 90' lang='lat' dir='ltr'><strong>prope</strong></span> <span class='ocrx_word' id='word_1_133' title='bbox 1776 2181 1843 2236; x_wconf 89' lang='lat' dir='ltr'><strong>et</strong></span> <span class='ocrx_word' id='word_1_134' title='bbox 1890 2174 2087 2256; x_wconf 87' lang='lat' dir='ltr'><strong>longe</strong></span> <span class='ocrx_word' id='word_1_135' title='bbox 2135 2172 2512 2237; x_wconf 89' lang='lat' dir='ltr'><strong>continetur</strong></span> <span class='ocrx_word' id='word_1_136' title='bbox 2552 2171 2643 2234; x_wconf 93' lang='lat' dir='ltr'><strong>ibi</strong></span> <span class='ocrx_word' id='word_1_137' title='bbox 2694 2171 2818 2234; x_wconf 92' lang='lat' dir='ltr'><strong>sub</strong></span> <span class='ocrx_word' id='word_1_138' title='bbox 2868 2169 3076 2232; x_wconf 89' lang='lat' dir='ltr'><strong>altero</strong></span> 
     </span>
     <span class='ocr_line' id='line_1_19' title="bbox 774 2273 3077 2360; baseline 0 -24"><span class='ocrx_word' id='word_1_139' title='bbox 774 2273 1058 2350; x_wconf 91' lang='lat' dir='ltr'><strong>illorum,</strong></span> <span class='ocrx_word' id='word_1_140' title='bbox 1090 2275 1336 2339; x_wconf 90' lang='lat' dir='ltr'><strong>scilicet</strong></span> <span class='ocrx_word' id='word_1_141' title='bbox 1380 2275 1506 2338; x_wconf 91' lang='lat' dir='ltr'><strong>sub</strong></span> <span class='ocrx_word' id='word_1_142' title='bbox 1551 2297 1781 2359; x_wconf 89' lang='lat' dir='ltr'><strong>prope,</strong></span> <span class='ocrx_word' id='word_1_143' title='bbox 1822 2298 1903 2341; x_wconf 91' lang='lat' dir='ltr'><strong>eo</strong></span> <span class='ocrx_word' id='word_1_144' title='bbox 1943 2278 2124 2360; x_wconf 93' lang='lat' dir='ltr'><strong>quod</strong></span> <span class='ocrx_word' id='word_1_145' title='bbox 2168 2277 2449 2341; x_wconf 89' lang='lat' dir='ltr'><strong>remotio</strong></span> <span class='ocrx_word' id='word_1_146' title='bbox 2496 2275 2584 2338; x_wconf 91' lang='lat' dir='ltr'><strong>ibi</strong></span> <span class='ocrx_word' id='word_1_147' title='bbox 2631 2275 2914 2338; x_wconf 89' lang='lat' dir='ltr'><strong>sumitur</strong></span> <span class='ocrx_word' id='word_1_148' title='bbox 2953 2293 3077 2356; x_wconf 94' lang='lat' dir='ltr'><strong>pro</strong></span> 
     </span>
     <span class='ocr_line' id='line_1_20' title="bbox 779 2378 3076 2463; baseline 0 -23"><span class='ocrx_word' id='word_1_149' title='bbox 779 2398 1022 2460; x_wconf 87' lang='lat' dir='ltr'><strong>magna</strong></span> <span class='ocrx_word' id='word_1_150' title='bbox 1071 2378 1408 2454; x_wconf 89' lang='lat' dir='ltr'><strong>distantia,</strong></span> <span class='ocrx_word' id='word_1_151' title='bbox 1463 2388 1531 2444; x_wconf 92' lang='lat' dir='ltr'><strong>et</strong></span> <span class='ocrx_word' id='word_1_152' title='bbox 1578 2380 1685 2443; x_wconf 88' lang='lat' dir='ltr'><strong>hic</strong></span> <span class='ocrx_word' id='word_1_153' title='bbox 1747 2380 2084 2463; x_wconf 89' lang='lat' dir='ltr'><strong>loquimur</strong></span> <span class='ocrx_word' id='word_1_154' title='bbox 2142 2382 2226 2444; x_wconf 94' lang='lat' dir='ltr'><strong>de</strong></span> <span class='ocrx_word' id='word_1_155' title='bbox 2285 2380 2602 2444; x_wconf 89' lang='lat' dir='ltr'><strong>distantia</strong></span> <span class='ocrx_word' id='word_1_156' title='bbox 2660 2388 2729 2444; x_wconf 92' lang='lat' dir='ltr'><strong>et</strong></span> <span class='ocrx_word' id='word_1_157' title='bbox 2793 2378 3076 2441; x_wconf 90' lang='lat' dir='ltr'><strong>discreta</strong></span> 
     </span>
     <span class='ocr_line' id='line_1_21' title="bbox 775 2481 3076 2569; baseline -0 -25"><span class='ocrx_word' id='word_1_158' title='bbox 775 2482 1156 2563; x_wconf 86' lang='lat' dir='ltr'><strong>cognitione</strong></span> <span class='ocrx_word' id='word_1_159' title='bbox 1201 2504 1373 2565; x_wconf 90' lang='lat' dir='ltr'><strong>quae</strong></span> <span class='ocrx_word' id='word_1_160' title='bbox 1417 2485 1505 2549; x_wconf 89' lang='lat' dir='ltr'><strong>sit</strong></span> <span class='ocrx_word' id='word_1_161' title='bbox 1548 2505 1811 2569; x_wconf 90' lang='lat' dir='ltr'><strong>semper</strong></span> <span class='ocrx_word' id='word_1_162' title='bbox 1855 2505 2079 2569; x_wconf 90' lang='lat' dir='ltr'><strong>prope.</strong></span> <span class='ocrx_word' id='word_1_163' title='bbox 2172 2484 2307 2549; x_wconf 88' lang='lat' dir='ltr'><strong>Sed</strong></span> <span class='ocrx_word' id='word_1_164' title='bbox 2356 2494 2578 2567; x_wconf 88' lang='lat' dir='ltr'><strong>potest</strong></span> <span class='ocrx_word' id='word_1_165' title='bbox 2624 2482 2759 2547; x_wconf 88' lang='lat' dir='ltr'><strong>fieri</strong></span> <span class='ocrx_word' id='word_1_166' title='bbox 2807 2481 3076 2565; x_wconf 89' lang='lat' dir='ltr'><strong>propin-</strong></span> 
     </span>
     <span class='ocr_line' id='line_1_22' title="bbox 775 2585 3079 2671; baseline 0 -24"><span class='ocrx_word' id='word_1_167' title='bbox 775 2586 967 2668; x_wconf 88' lang='lat' dir='ltr'><strong>quius</strong></span> <span class='ocrx_word' id='word_1_168' title='bbox 1011 2585 1114 2650; x_wconf 90' lang='lat' dir='ltr'><strong>vel</strong></span> <span class='ocrx_word' id='word_1_169' title='bbox 1164 2587 1498 2661; x_wconf 81' lang='lat' dir='ltr'><strong>remotiuS,</strong></span> <span class='ocrx_word' id='word_1_170' title='bbox 1543 2589 1655 2671; x_wconf 91' lang='lat' dir='ltr'><strong>qui</strong></span> <span class='ocrx_word' id='word_1_171' title='bbox 1710 2600 1935 2653; x_wconf 91' lang='lat' dir='ltr'><strong>tamen</strong></span> <span class='ocrx_word' id='word_1_172' title='bbox 1983 2598 2135 2653; x_wconf 91' lang='lat' dir='ltr'><strong>sunt</strong></span> <span class='ocrx_word' id='word_1_173' title='bbox 2185 2590 2431 2671; x_wconf 90' lang='lat' dir='ltr'><strong>gradus</strong></span> <span class='ocrx_word' id='word_1_174' title='bbox 2478 2588 2541 2651; x_wconf 94' lang='lat' dir='ltr'><strong>in</strong></span> <span class='ocrx_word' id='word_1_175' title='bbox 2588 2585 3079 2670; x_wconf 89' lang='lat' dir='ltr'><strong>propinquitate</strong></span> 
     </span>
     <span class='ocr_line' id='line_1_23' title="bbox 775 2690 2710 2778; baseline 0.001 -26"><span class='ocrx_word' id='word_1_176' title='bbox 775 2690 1109 2755; x_wconf 87' lang='lat' dir='ltr'><strong>contraria</strong></span> <span class='ocrx_word' id='word_1_177' title='bbox 1140 2692 1488 2757; x_wconf 88' lang='lat' dir='ltr'><strong>remotioni</strong></span> <span class='ocrx_word' id='word_1_178' title='bbox 1521 2693 1607 2757; x_wconf 94' lang='lat' dir='ltr'><strong>de</strong></span> <span class='ocrx_word' id='word_1_179' title='bbox 1637 2714 1767 2775; x_wconf 91' lang='lat' dir='ltr'><strong>qua</strong></span> <span class='ocrx_word' id='word_1_180' title='bbox 1800 2694 1865 2757; x_wconf 91' lang='lat' dir='ltr'><strong>in</strong></span> <span class='ocrx_word' id='word_1_181' title='bbox 1896 2693 2228 2778; x_wconf 90' lang='lat' dir='ltr'><strong>prioribus</strong></span> <span class='ocrx_word' id='word_1_182' title='bbox 2259 2692 2710 2776; x_wconf 88' lang='lat' dir='ltr'><strong>loquebamur.</strong></span> 
     </span>
    </p>
   </div>
   <div class='ocr_carea' id='block_1_4' title="bbox 1637 3003 2232 3071">
    <p class='ocr_par' dir='ltr' id='par_1_4' title="bbox 1637 3003 2232 3071">
     <span class='ocr_line' id='line_1_24' title="bbox 1637 3003 2232 3071; baseline -0.005 -2"><span class='ocrx_word' id='word_1_183' title='bbox 1637 3003 2089 3071; x_wconf 76' lang='lat' dir='ltr'><strong>CAPrruLuM</strong></span> <span class='ocrx_word' id='word_1_184' title='bbox 2139 3003 2232 3067; x_wconf 92' lang='grc' dir='ltr'><strong>ΙΙ.</strong></span> 
     </span>
    </p>
   </div>
   <div class='ocr_carea' id='block_1_5' title="bbox 779 3197 3080 3368">
    <p class='ocr_par' dir='ltr' id='par_1_5' title="bbox 779 3197 3080 3368">
     <span class='ocr_line' id='line_1_25' title="bbox 875 3197 3080 3281; baseline -0.002 -19"><span class='ocrx_word' id='word_1_185' title='bbox 875 3199 952 3262; x_wconf 94' lang='lat' dir='ltr'><strong>In</strong></span> <span class='ocrx_word' id='word_1_186' title='bbox 1012 3220 1147 3281; x_wconf 93' lang='lat' dir='ltr'><strong>quo</strong></span> <span class='ocrx_word' id='word_1_187' title='bbox 1208 3200 1453 3263; x_wconf 91' lang='lat' dir='ltr'><strong>dantur</strong></span> <span class='ocrx_word' id='word_1_188' title='bbox 1505 3219 1742 3264; x_wconf 84' lang='lat' dir='ltr'><strong>causae</strong></span> <span class='ocrx_word' id='word_1_189' title='bbox 1803 3200 1890 3263; x_wconf 95' lang='lat' dir='ltr'><strong>de</strong></span> <span class='ocrx_word' id='word_1_190' title='bbox 1950 3211 2127 3265; x_wconf 87' lang='lat' dir='ltr'><strong>certa</strong></span> <span class='ocrx_word' id='word_1_191' title='bbox 2186 3199 2290 3263; x_wconf 92' lang='lat' dir='ltr'><strong>vel</strong></span> <span class='ocrx_word' id='word_1_192' title='bbox 2358 3199 2641 3263; x_wconf 89' lang='lat' dir='ltr'><strong>discreta</strong></span> <span class='ocrx_word' id='word_1_193' title='bbox 2699 3197 2953 3262; x_wconf 90' lang='lat' dir='ltr'><strong>visione</strong></span> <span class='ocrx_word' id='word_1_194' title='bbox 3014 3197 3080 3258; x_wconf 89' lang='lat' dir='ltr'><strong>in</strong></span> 
     </span>
     <span class='ocr_line' id='line_1_26' title="bbox 779 3303 1376 3368; baseline 0 -3"><span class='ocrx_word' id='word_1_195' title='bbox 779 3304 1073 3367; x_wconf 90' lang='lat' dir='ltr'><strong>tenebris</strong></span> <span class='ocrx_word' id='word_1_196' title='bbox 1112 3312 1181 3368; x_wconf 93' lang='lat' dir='ltr'><strong>et</strong></span> <span class='ocrx_word' id='word_1_197' title='bbox 1211 3303 1376 3367; x_wconf 90' lang='lat' dir='ltr'><strong>luce.</strong></span> 
     </span>
    </p>
   </div>
   <div class='ocr_carea' id='block_1_6' title="bbox 788 3490 3091 3679">
    <p class='ocr_par' dir='ltr' id='par_1_6' title="bbox 788 3490 3091 3679">
     <span class='ocr_line' id='line_1_27' title="bbox 878 3490 3086 3574; baseline 0 -20"><span class='ocrx_word' id='word_1_198' title='bbox 878 3490 969 3555; x_wconf 90' lang='lat' dir='ltr'><strong>Et</strong></span> <span class='ocrx_word' id='word_1_199' title='bbox 1013 3492 1168 3574; x_wconf 90' lang='lat' dir='ltr'><strong>quia</strong></span> <span class='ocrx_word' id='word_1_200' title='bbox 1213 3490 1388 3557; x_wconf 87' lang='lat' dir='ltr'><strong>facta</strong></span> <span class='ocrx_word' id='word_1_201' title='bbox 1433 3504 1534 3556; x_wconf 90' lang='lat' dir='ltr'><strong>est</strong></span> <span class='ocrx_word' id='word_1_202' title='bbox 1580 3493 1836 3558; x_wconf 91' lang='lat' dir='ltr'><strong>mentio</strong></span> <span class='ocrx_word' id='word_1_203' title='bbox 1881 3493 1967 3557; x_wconf 91' lang='lat' dir='ltr'><strong>de</strong></span> <span class='ocrx_word' id='word_1_204' title='bbox 2019 3493 2414 3557; x_wconf 90' lang='lat' dir='ltr'><strong>discretione</strong></span> <span class='ocrx_word' id='word_1_205' title='bbox 2460 3491 2657 3568; x_wconf 81' lang='lat' dir='ltr'><strong>visuS‚</strong></span> <span class='ocrx_word' id='word_1_206' title='bbox 2706 3493 2864 3572; x_wconf 90' lang='lat' dir='ltr'><strong>quia</strong></span> <span class='ocrx_word' id='word_1_207' title='bbox 2907 3491 3086 3554; x_wconf 89' lang='lat' dir='ltr'><strong>aliud</strong></span> 
     </span>
     <span class='ocr_line' id='line_1_28' title="bbox 788 3594 3091 3679; baseline 0 -21"><span class='ocrx_word' id='word_1_208' title='bbox 788 3603 889 3660; x_wconf 91' lang='lat' dir='ltr'><strong>est</strong></span> <span class='ocrx_word' id='word_1_209' title='bbox 918 3594 1142 3659; x_wconf 90' lang='lat' dir='ltr'><strong>videre</strong></span> <span class='ocrx_word' id='word_1_210' title='bbox 1173 3616 1213 3658; x_wconf 93' lang='lat' dir='ltr'><strong>a</strong></span> <span class='ocrx_word' id='word_1_211' title='bbox 1249 3595 1467 3679; x_wconf 84' lang='lat' dir='ltr'><strong>longe,</strong></span> <span class='ocrx_word' id='word_1_212' title='bbox 1502 3596 1681 3661; x_wconf 92' lang='lat' dir='ltr'><strong>aliud</strong></span> <span class='ocrx_word' id='word_1_213' title='bbox 1713 3598 2084 3662; x_wconf 89' lang='lat' dir='ltr'><strong>discernere</strong></span> <span class='ocrx_word' id='word_1_214' title='bbox 2110 3619 2125 3677; x_wconf 90' lang='lat'>;</span> <span class='ocrx_word' id='word_1_215' title='bbox 2180 3596 2728 3661; x_wconf 88' lang='lat' dir='ltr'><strong>considerandum</strong></span> <span class='ocrx_word' id='word_1_216' title='bbox 2774 3606 2891 3671; x_wconf 89' lang='lat' dir='ltr'><strong>est,</strong></span> <span class='ocrx_word' id='word_1_217' title='bbox 2922 3616 3091 3678; x_wconf 90' lang='lat' dir='ltr'><strong>quae</strong></span> 
     </span>
    </p>
   </div>
   <div class='ocr_carea' id='block_1_7' title="bbox 445 3693 3088 3782">
    <p class='ocr_par' dir='ltr' id='par_1_7' title="bbox 445 3693 3088 3782">
     <span class='ocr_line' id='line_1_29' title="bbox 445 3693 3088 3782; baseline 0 -21"><span class='ocrx_word' id='word_1_218' title='bbox 445 3696 544 3743; x_wconf 66' lang='lat'><strong>⁸³20</strong></span> <span class='ocrx_word' id='word_1_219' title='bbox 568 3693 747 3743; x_wconf 68' lang='lat' dir='ltr'>0s¹⁶¹¹⁸</span> <span class='ocrx_word' id='word_1_220' title='bbox 790 3701 1152 3781; x_wconf 82' lang='lat' dir='ltr'><strong>exiguntur</strong></span> <span class='ocrx_word' id='word_1_221' title='bbox 1200 3701 1284 3764; x_wconf 93' lang='lat' dir='ltr'><strong>ad</strong></span> <span class='ocrx_word' id='word_1_222' title='bbox 1338 3701 1807 3766; x_wconf 88' lang='lat' dir='ltr'><strong>discretionem</strong></span> <span class='ocrx_word' id='word_1_223' title='bbox 1854 3703 2029 3765; x_wconf 88' lang='lat' dir='ltr'><strong>visus</strong></span> <span class='ocrx_word' id='word_1_224' title='bbox 2090 3711 2158 3766; x_wconf 93' lang='lat' dir='ltr'><strong>et</strong></span> <span class='ocrx_word' id='word_1_225' title='bbox 2212 3700 2721 3776; x_wconf 89' lang='lat' dir='ltr'><strong>distinctionem,</strong></span> <span class='ocrx_word' id='word_1_226' title='bbox 2769 3709 3088 3782; x_wconf 90' lang='lat' dir='ltr'><strong>quantum</strong></span> 
     </span>
    </p>
   </div>
   <div class='ocr_carea' id='block_1_8' title="bbox 418 3760 745 4071">
    <p class='ocr_par' dir='ltr' id='par_1_8' title="bbox 445 3760 745 4005">
     <span class='ocr_line' id='line_1_30' title="bbox 447 3760 636 3808; baseline -0.005 0"><span class='ocrx_word' id='word_1_227' title='bbox 447 3760 544 3808; x_wconf 81' lang='lat' dir='ltr'><strong>and</strong></span> <span class='ocrx_word' id='word_1_228' title='bbox 570 3775 636 3807; x_wconf 88' lang='lat' dir='ltr'><strong>on</strong></span> 
     </span>
     <span class='ocr_line' id='line_1_31' title="bbox 445 3836 603 3874; baseline -0.006 0"><span class='ocrx_word' id='word_1_229' title='bbox 445 3836 603 3874; x_wconf 81' lang='lat' dir='ltr'><strong>trans·</strong></span> 
     </span>
     <span class='ocr_line' id='line_1_32' title="bbox 448 3889 745 3956; baseline -0.003 -17"><span class='ocrx_word' id='word_1_230' title='bbox 448 3905 661 3956; x_wconf 82' lang='lat' dir='ltr'><strong>parency</strong></span> <span class='ocrx_word' id='word_1_231' title='bbox 684 3889 745 3939; x_wconf 79' lang='lat' dir='ltr'><strong>of</strong></span> 
     </span>
     <span class='ocr_line' id='line_1_33' title="bbox 451 3958 686 4005; baseline -0.004 0"><span class='ocrx_word' id='word_1_232' title='bbox 451 3958 686 4005; x_wconf 73' lang='lat' dir='ltr'><strong>bumouxs</strong></span> 
     </span>
    </p>

    <p class='ocr_par' dir='ltr' id='par_1_9' title="bbox 418 4021 633 4071">
     <span class='ocr_line' id='line_1_34' title="bbox 418 4021 633 4071; baseline 0 -1"><span class='ocrx_word' id='word_1_233' title='bbox 418 4026 422 4029; x_wconf 82' lang='grc'><em>“</em></span> <span class='ocrx_word' id='word_1_234' title='bbox 449 4021 549 4070; x_wconf 78' lang='lat' dir='ltr'><strong>and</strong></span> <span class='ocrx_word' id='word_1_235' title='bbox 573 4021 633 4071; x_wconf 78' lang='lat' dir='ltr'><strong>of</strong></span> 
     </span>
    </p>
   </div>
   <div class='ocr_carea' id='block_1_9' title="bbox 788 3803 3094 4096">
    <p class='ocr_par' dir='ltr' id='par_1_10' title="bbox 788 3803 3094 4096">
     <span class='ocr_line' id='line_1_35' title="bbox 789 3803 3090 3887; baseline -0.001 -19"><span class='ocrx_word' id='word_1_236' title='bbox 789 3813 888 3868; x_wconf 91' lang='lat' dir='ltr'><strong>est</strong></span> <span class='ocrx_word' id='word_1_237' title='bbox 918 3804 1004 3866; x_wconf 93' lang='lat' dir='ltr'><strong>de</strong></span> <span class='ocrx_word' id='word_1_238' title='bbox 1039 3805 1522 3887; x_wconf 90' lang='lat' dir='ltr'><strong>compositione</strong></span> <span class='ocrx_word' id='word_1_239' title='bbox 1562 3805 1753 3870; x_wconf 92' lang='lat' dir='ltr'><strong>oculi.</strong></span> <span class='ocrx_word' id='word_1_240' title='bbox 1849 3806 1941 3870; x_wconf 91' lang='lat' dir='ltr'><strong>Et</strong></span> <span class='ocrx_word' id='word_1_241' title='bbox 1982 3803 2419 3887; x_wconf 89' lang='lat' dir='ltr'><strong>proculdubio</strong></span> <span class='ocrx_word' id='word_1_242' title='bbox 2458 3823 2724 3868; x_wconf 89' lang='lat' dir='ltr'><strong>necesse</strong></span> <span class='ocrx_word' id='word_1_243' title='bbox 2763 3813 2865 3867; x_wconf 86' lang='lat' dir='ltr'><strong>est</strong></span> <span class='ocrx_word' id='word_1_244' title='bbox 2909 3804 3090 3886; x_wconf 93' lang='lat' dir='ltr'><strong>quod</strong></span> 
     </span>
     <span class='ocr_line' id='line_1_36' title="bbox 788 3906 3093 3992; baseline 0.001 -23"><span class='ocrx_word' id='word_1_245' title='bbox 788 3906 1041 3971; x_wconf 90' lang='lat' dir='ltr'><strong>humor</strong></span> <span class='ocrx_word' id='word_1_246' title='bbox 1069 3907 1368 3991; x_wconf 88' lang='lat' dir='ltr'><strong>glacialis</strong></span> <span class='ocrx_word' id='word_1_247' title='bbox 1406 3909 1489 3973; x_wconf 90' lang='lat' dir='ltr'><strong>sit</strong></span> <span class='ocrx_word' id='word_1_248' title='bbox 1532 3910 1748 3974; x_wconf 94' lang='lat' dir='ltr'><strong>bonae</strong></span> <span class='ocrx_word' id='word_1_249' title='bbox 1772 3910 2184 3992; x_wconf 81' lang='lat' dir='ltr'><strong>quantitatiS,</strong></span> <span class='ocrx_word' id='word_1_250' title='bbox 2214 3919 2286 3972; x_wconf 93' lang='lat' dir='ltr'><strong>ut</strong></span> <span class='ocrx_word' id='word_1_251' title='bbox 2334 3908 2400 3971; x_wconf 91' lang='lat' dir='ltr'><strong>in</strong></span> <span class='ocrx_word' id='word_1_252' title='bbox 2447 3928 2527 3971; x_wconf 92' lang='lat' dir='ltr'><strong>eo</strong></span> <span class='ocrx_word' id='word_1_253' title='bbox 2575 3907 2830 3991; x_wconf 88' lang='lat' dir='ltr'><strong>possint</strong></span> <span class='ocrx_word' id='word_1_254' title='bbox 2872 3917 3093 3990; x_wconf 87' lang='lat' dir='ltr'><strong>partes</strong></span> 
     </span>
     <span class='ocr_line' id='line_1_37' title="bbox 788 4011 3094 4096; baseline 0 -21"><span class='ocrx_word' id='word_1_255' title='bbox 788 4011 879 4076; x_wconf 89' lang='lat' dir='ltr'><strong>rei</strong></span> <span class='ocrx_word' id='word_1_256' title='bbox 912 4012 1080 4075; x_wconf 90' lang='lat' dir='ltr'><strong>bene</strong></span> <span class='ocrx_word' id='word_1_257' title='bbox 1123 4012 1437 4096; x_wconf 87' lang='lat' dir='ltr'><strong>distingui</strong></span> <span class='ocrx_word' id='word_1_258' title='bbox 1471 4023 1537 4078; x_wconf 92' lang='lat' dir='ltr'><strong>et</strong></span> <span class='ocrx_word' id='word_1_259' title='bbox 1568 4014 1984 4078; x_wconf 88' lang='lat' dir='ltr'><strong>sensibiliter.</strong></span> <span class='ocrx_word' id='word_1_260' title='bbox 2079 4013 2151 4078; x_wconf 89' lang='lat' dir='ltr'><strong>Si</strong></span> <span class='ocrx_word' id='word_1_261' title='bbox 2190 4013 2364 4077; x_wconf 90' lang='lat' dir='ltr'><strong>enim</strong></span> <span class='ocrx_word' id='word_1_262' title='bbox 2409 4032 2646 4096; x_wconf 89' lang='lat' dir='ltr'><strong>parvus</strong></span> <span class='ocrx_word' id='word_1_263' title='bbox 2690 4020 2809 4088; x_wconf 88' lang='lat' dir='ltr'><strong>est,</strong></span> <span class='ocrx_word' id='word_1_264' title='bbox 2840 4011 3094 4093; x_wconf 91' lang='lat' dir='ltr'><strong>species</strong></span> 
     </span>
    </p>
   </div>
   <div class='ocr_carea' id='block_1_10' title="bbox 788 4214 3103 4740">
    <p class='ocr_par' dir='ltr' id='par_1_11' title="bbox 788 4214 3103 4740">
     <span class='ocr_line' id='line_1_38' title="bbox 858 4214 3096 4284; baseline -0.001 -16"><span class='ocrx_word' id='word_1_265' title='bbox 858 4214 873 4243; x_wconf 87' lang='lat'>¹</span> <span class='ocrx_word' id='word_1_266' title='bbox 912 4219 1176 4270; x_wconf 78' lang='lat' dir='ltr'><strong>Fantastic</strong></span> <span class='ocrx_word' id='word_1_267' title='bbox 1209 4235 1269 4269; x_wconf 79' lang='lat' dir='ltr'><strong>as</strong></span> <span class='ocrx_word' id='word_1_268' title='bbox 1304 4222 1406 4269; x_wconf 83' lang='lat' dir='ltr'><strong>this</strong></span> <span class='ocrx_word' id='word_1_269' title='bbox 1440 4222 1768 4284; x_wconf 82' lang='lat' dir='ltr'><strong>explanation</strong></span> <span class='ocrx_word' id='word_1_270' title='bbox 1803 4222 1864 4271; x_wconf 86' lang='lat' dir='ltr'><strong>of</strong></span> <span class='ocrx_word' id='word_1_271' title='bbox 1891 4221 2211 4284; x_wconf 83' lang='lat' dir='ltr'><strong>Presbyopia</strong></span> <span class='ocrx_word' id='word_1_272' title='bbox 2246 4236 2363 4283; x_wconf 84' lang='lat' dir='ltr'><strong>may</strong></span> <span class='ocrx_word' id='word_1_273' title='bbox 2396 4221 2475 4278; x_wconf 84' lang='lat' dir='ltr'><strong>be,</strong></span> <span class='ocrx_word' id='word_1_274' title='bbox 2502 4221 2540 4268; x_wconf 89' lang='lat' dir='ltr'><strong>it</strong></span> <span class='ocrx_word' id='word_1_275' title='bbox 2567 4217 2752 4267; x_wconf 88' lang='lat' dir='ltr'><strong>should</strong></span> <span class='ocrx_word' id='word_1_276' title='bbox 2784 4219 2849 4265; x_wconf 91' lang='lat' dir='ltr'><strong>be</strong></span> <span class='ocrx_word' id='word_1_277' title='bbox 2879 4233 3096 4266; x_wconf 85' lang='lat' dir='ltr'><strong>remem-</strong></span> 
     </span>
     <span class='ocr_line' id='line_1_39' title="bbox 789 4296 3097 4361; baseline 0 -15"><span class='ocrx_word' id='word_1_278' title='bbox 789 4298 946 4347; x_wconf 85' lang='lat' dir='ltr'><strong>bered</strong></span> <span class='ocrx_word' id='word_1_279' title='bbox 981 4298 1106 4347; x_wconf 84' lang='lat' dir='ltr'><strong>how</strong></span> <span class='ocrx_word' id='word_1_280' title='bbox 1136 4314 1266 4360; x_wconf 81' lang='lat' dir='ltr'><strong>very</strong></span> <span class='ocrx_word' id='word_1_281' title='bbox 1300 4307 1476 4347; x_wconf 88' lang='lat' dir='ltr'><strong>recent</strong></span> <span class='ocrx_word' id='word_1_282' title='bbox 1509 4300 1554 4348; x_wconf 85' lang='lat' dir='ltr'><strong>is</strong></span> <span class='ocrx_word' id='word_1_283' title='bbox 1589 4300 1678 4347; x_wconf 84' lang='lat' dir='ltr'><strong>the</strong></span> <span class='ocrx_word' id='word_1_284' title='bbox 1715 4307 1832 4349; x_wconf 87' lang='lat' dir='ltr'><strong>true</strong></span> <span class='ocrx_word' id='word_1_285' title='bbox 1868 4300 2215 4361; x_wconf 83' lang='lat' dir='ltr'><strong>explanation.</strong></span> <span class='ocrx_word' id='word_1_286' title='bbox 2291 4299 2395 4347; x_wconf 85' lang='lat' dir='ltr'><strong>Not</strong></span> <span class='ocrx_word' id='word_1_287' title='bbox 2426 4298 2502 4346; x_wconf 82' lang='lat' dir='ltr'><strong>till</strong></span> <span class='ocrx_word' id='word_1_288' title='bbox 2537 4297 2762 4357; x_wconf 82' lang='lat' dir='ltr'><strong>midway</strong></span> <span class='ocrx_word' id='word_1_289' title='bbox 2794 4296 2845 4344; x_wconf 93' lang='lat' dir='ltr'><strong>in</strong></span> <span class='ocrx_word' id='word_1_290' title='bbox 2878 4297 2969 4345; x_wconf 84' lang='lat' dir='ltr'><strong>the</strong></span> <span class='ocrx_word' id='word_1_291' title='bbox 2999 4296 3097 4346; x_wconf 78' lang='lat' dir='ltr'><strong>last</strong></span> 
     </span>
     <span class='ocr_line' id='line_1_40' title="bbox 789 4374 3099 4440; baseline -0 -15"><span class='ocrx_word' id='word_1_292' title='bbox 789 4384 1009 4439; x_wconf 84' lang='lat' dir='ltr'><strong>century</strong></span> <span class='ocrx_word' id='word_1_293' title='bbox 1030 4393 1143 4426; x_wconf 79' lang='lat' dir='ltr'><strong>was</strong></span> <span class='ocrx_word' id='word_1_294' title='bbox 1171 4377 1211 4425; x_wconf 87' lang='lat' dir='ltr'><strong>it</strong></span> <span class='ocrx_word' id='word_1_295' title='bbox 1237 4379 1518 4439; x_wconf 80' lang='lat' dir='ltr'><strong>suggested</strong></span> <span class='ocrx_word' id='word_1_296' title='bbox 1546 4380 1636 4440; x_wconf 83' lang='lat' dir='ltr'><strong>(by</strong></span> <span class='ocrx_word' id='word_1_297' title='bbox 1663 4378 1993 4440; x_wconf 80' lang='lat' dir='ltr'><strong>Porterfield)</strong></span> <span class='ocrx_word' id='word_1_298' title='bbox 2020 4379 2129 4427; x_wconf 83' lang='lat' dir='ltr'><strong>that</strong></span> <span class='ocrx_word' id='word_1_299' title='bbox 2160 4376 2601 4427; x_wconf 72' lang='lat' dir='ltr'><strong>accommodatiori</strong></span> <span class='ocrx_word' id='word_1_300' title='bbox 2626 4374 2685 4422; x_wconf 84' lang='lat' dir='ltr'><strong>os</strong></span> <span class='ocrx_word' id='word_1_301' title='bbox 2710 4374 2851 4435; x_wconf 87' lang='lat' dir='ltr'><strong>sight</strong></span> <span class='ocrx_word' id='word_1_302' title='bbox 2885 4381 2940 4424; x_wconf 85' lang='lat' dir='ltr'><strong>to</strong></span> <span class='ocrx_word' id='word_1_303' title='bbox 2972 4391 3099 4424; x_wconf 80' lang='lat' dir='ltr'><strong>near</strong></span> 
     </span>
     <span class='ocr_line' id='line_1_41' title="bbox 789 4453 3097 4517; baseline -0 -14"><span class='ocrx_word' id='word_1_304' title='bbox 789 4456 986 4515; x_wconf 69' lang='lat' dir='ltr'><strong>objecta</strong></span> <span class='ocrx_word' id='word_1_305' title='bbox 1021 4456 1296 4517; x_wconf 87' lang='lat' dir='ltr'><strong>depended</strong></span> <span class='ocrx_word' id='word_1_306' title='bbox 1322 4472 1389 4504; x_wconf 92' lang='lat' dir='ltr'><strong>on</strong></span> <span class='ocrx_word' id='word_1_307' title='bbox 1413 4471 1478 4504; x_wconf 79' lang='lat' dir='ltr'><strong>an</strong></span> <span class='ocrx_word' id='word_1_308' title='bbox 1503 4456 1732 4504; x_wconf 80' lang='lat' dir='ltr'><strong>increase</strong></span> <span class='ocrx_word' id='word_1_309' title='bbox 1755 4456 1808 4504; x_wconf 90' lang='lat' dir='ltr'><strong>in</strong></span> <span class='ocrx_word' id='word_1_310' title='bbox 1834 4456 1923 4504; x_wconf 88' lang='lat' dir='ltr'><strong>the</strong></span> <span class='ocrx_word' id='word_1_311' title='bbox 1947 4462 2220 4504; x_wconf 83' lang='lat' dir='ltr'><strong>curvature</strong></span> <span class='ocrx_word' id='word_1_312' title='bbox 2242 4455 2302 4504; x_wconf 86' lang='lat' dir='ltr'><strong>of</strong></span> <span class='ocrx_word' id='word_1_313' title='bbox 2328 4455 2419 4503; x_wconf 83' lang='lat' dir='ltr'><strong>the</strong></span> <span class='ocrx_word' id='word_1_314' title='bbox 2442 4455 2555 4502; x_wconf 90' lang='lat' dir='ltr'><strong>lens</strong></span> <span class='ocrx_word' id='word_1_315' title='bbox 2581 4453 2845 4515; x_wconf 87' lang='lat' dir='ltr'><strong>produced</strong></span> <span class='ocrx_word' id='word_1_316' title='bbox 2875 4454 2944 4514; x_wconf 85' lang='lat' dir='ltr'><strong>by</strong></span> <span class='ocrx_word' id='word_1_317' title='bbox 2975 4469 3097 4502; x_wconf 90' lang='lat' dir='ltr'><strong>con·</strong></span> 
     </span>
     <span class='ocr_line' id='line_1_42' title="bbox 788 4532 3103 4595; baseline 0 -15"><span class='ocrx_word' id='word_1_318' title='bbox 788 4533 1008 4582; x_wconf 81' lang='lat' dir='ltr'><strong>traction</strong></span> <span class='ocrx_word' id='word_1_319' title='bbox 1033 4533 1093 4583; x_wconf 84' lang='lat' dir='ltr'><strong>os</strong></span> <span class='ocrx_word' id='word_1_320' title='bbox 1121 4534 1208 4582; x_wconf 87' lang='lat' dir='ltr'><strong>the</strong></span> <span class='ocrx_word' id='word_1_321' title='bbox 1242 4534 1423 4595; x_wconf 82' lang='lat' dir='ltr'><strong>ciliary</strong></span> <span class='ocrx_word' id='word_1_322' title='bbox 1445 4534 1668 4590; x_wconf 70' lang='lat' dir='ltr'><strong>tanecle:</strong></span> <span class='ocrx_word' id='word_1_323' title='bbox 1703 4534 1805 4582; x_wconf 85' lang='lat' dir='ltr'><strong>and</strong></span> <span class='ocrx_word' id='word_1_324' title='bbox 1831 4534 1940 4582; x_wconf 84' lang='lat' dir='ltr'><strong>that</strong></span> <span class='ocrx_word' id='word_1_325' title='bbox 1962 4532 2235 4583; x_wconf 61' lang='lat' dir='ltr'><strong>weaknoes</strong></span> <span class='ocrx_word' id='word_1_326' title='bbox 2258 4532 2319 4582; x_wconf 86' lang='lat' dir='ltr'><strong>of</strong></span> <span class='ocrx_word' id='word_1_327' title='bbox 2344 4533 2434 4581; x_wconf 84' lang='lat' dir='ltr'><strong>the</strong></span> <span class='ocrx_word' id='word_1_328' title='bbox 2457 4533 2651 4581; x_wconf 82' lang='lat' dir='ltr'><strong>muscle</strong></span> <span class='ocrx_word' id='word_1_329' title='bbox 2683 4532 2783 4580; x_wconf 83' lang='lat' dir='ltr'><strong>and</strong></span> <span class='ocrx_word' id='word_1_330' title='bbox 2813 4533 3022 4594; x_wconf 82' lang='lat' dir='ltr'><strong>rigidity</strong></span> <span class='ocrx_word' id='word_1_331' title='bbox 3043 4532 3103 4581; x_wconf 84' lang='lat' dir='ltr'><strong>os</strong></span> 
     </span>
     <span class='ocr_line' id='line_1_43' title="bbox 788 4609 3098 4674; baseline 0.001 -16"><span class='ocrx_word' id='word_1_332' title='bbox 788 4611 878 4658; x_wconf 85' lang='lat' dir='ltr'><strong>the</strong></span> <span class='ocrx_word' id='word_1_333' title='bbox 902 4611 1017 4660; x_wconf 82' lang='lat' dir='ltr'><strong>lens</strong></span> <span class='ocrx_word' id='word_1_334' title='bbox 1039 4627 1183 4660; x_wconf 83' lang='lat' dir='ltr'><strong>came</strong></span> <span class='ocrx_word' id='word_1_335' title='bbox 1208 4626 1275 4660; x_wconf 88' lang='lat' dir='ltr'><strong>on</strong></span> <span class='ocrx_word' id='word_1_336' title='bbox 1299 4612 1428 4661; x_wconf 84' lang='lat' dir='ltr'><strong>with</strong></span> <span class='ocrx_word' id='word_1_337' title='bbox 1451 4627 1571 4673; x_wconf 78' lang='lat' dir='ltr'><strong>age.</strong></span> <span class='ocrx_word' id='word_1_338' title='bbox 1639 4611 1972 4674; x_wconf 79' lang='lat' dir='ltr'><strong>Knowledge</strong></span> <span class='ocrx_word' id='word_1_339' title='bbox 2004 4611 2065 4660; x_wconf 87' lang='lat' dir='ltr'><strong>of</strong></span> <span class='ocrx_word' id='word_1_340' title='bbox 2088 4611 2179 4660; x_wconf 84' lang='lat' dir='ltr'><strong>the</strong></span> <span class='ocrx_word' id='word_1_341' title='bbox 2211 4611 2410 4673; x_wconf 82' lang='lat' dir='ltr'><strong>precise</strong></span> <span class='ocrx_word' id='word_1_342' title='bbox 2444 4609 2760 4660; x_wconf 77' lang='lat' dir='ltr'><strong>mechanism</strong></span> <span class='ocrx_word' id='word_1_343' title='bbox 2782 4609 2843 4659; x_wconf 87' lang='lat' dir='ltr'><strong>of</strong></span> <span class='ocrx_word' id='word_1_344' title='bbox 2867 4610 2957 4659; x_wconf 84' lang='lat' dir='ltr'><strong>the</strong></span> <span class='ocrx_word' id='word_1_345' title='bbox 2982 4625 3098 4673; x_wconf 86' lang='lat' dir='ltr'><strong>pro·</strong></span> 
     </span>
     <span class='ocr_line' id='line_1_44' title="bbox 789 4690 1830 4740; baseline 0.002 -3"><span class='ocrx_word' id='word_1_346' title='bbox 789 4703 904 4737; x_wconf 79' lang='lat' dir='ltr'><strong>cess</strong></span> <span class='ocrx_word' id='word_1_347' title='bbox 925 4703 1036 4738; x_wconf 79' lang='lat' dir='ltr'><strong>was</strong></span> <span class='ocrx_word' id='word_1_348' title='bbox 1059 4691 1300 4740; x_wconf 67' lang='lat' dir='ltr'><strong>merved</strong></span> <span class='ocrx_word' id='word_1_349' title='bbox 1323 4690 1405 4739; x_wconf 79' lang='lat' dir='ltr'><strong>for</strong></span> <span class='ocrx_word' id='word_1_350' title='bbox 1427 4705 1524 4739; x_wconf 88' lang='lat' dir='ltr'><strong>our</strong></span> <span class='ocrx_word' id='word_1_351' title='bbox 1544 4705 1665 4739; x_wconf 85' lang='lat' dir='ltr'><strong>own</strong></span> <span class='ocrx_word' id='word_1_352' title='bbox 1690 4691 1830 4740; x_wconf 84' lang='lat' dir='ltr'><strong>time.</strong></span> 
     </span>
    </p>
   </div>
  </div>
 </body>
</html>
