3542 5359
705 603 825 666 312
1130 586 1442 646 OPERIS
1486 586 1865 658 MAJORJS
1911 587 2143 647 PARS
2190 585 2588 647 SEPTIMA.

709 751 845 833 egit
881 744 1159 838 [rerum]
1194 760 1429 816 natura
1466 761 1540 816 ut
1570 750 1657 816 ad
1678 750 1848 815 bene
1866 751 2221 816 vivendum
2256 770 2390 814 non
2415 770 2660 834 magno
2690 760 3012 833 apparatu

712 874 881 937 opus
938 863 1128 918 esset.
1223 855 1696 938 Unusquisque
1756 854 1971 918 facere
2031 876 2103 920 se
2162 854 2434 919 beatum
2498 863 2742 936 potest.
2837 853 3013 917 Leve

716 969 1127 1022 momentum
1161 959 1225 1022 in
1250 960 1635 1023 adventiciis
1667 961 1863 1024 rebus
1896 968 1998 1023 est
2027 968 2095 1023 et
2115 960 2294 1041 quod
2329 959 2396 1023 in
2426 968 2727 1023 neutram
2760 967 3010 1041 partem

715 1083 995 1145 magnas
1044 1063 1218 1127 vires
1279 1063 1563 1140 habeat;
1624 1084 1745 1128 nec
1805 1065 2094 1128 secunda
2146 1064 2515 1146 sapientem
2567 1063 2851 1126 evehunt
2899 1080 3013 1125 nec

711 1168 988 1231 adversa
1012 1167 1396 1231 demittunt.
1488 1166 1854 1233 Laboravit
1876 1168 2053 1231 enim
2086 1188 2346 1250 semper
2365 1178 2436 1231 ut
2467 1167 2531 1231 in
2558 1189 2630 1232 se
2661 1166 3013 1250 plurimum

715 1279 1013 1353 poneret,
1088 1271 1260 1334 intra
1336 1291 1409 1335 se
1482 1291 1682 1335 omne
1762 1272 2078 1354 gaudium
2155 1282 2431 1354 peteret.
2550 1270 2731 1354 Quid
2811 1273 3017 1353 ergo?

715 1375 1084 1456 sapientem
1116 1395 1261 1439 esse
1292 1394 1399 1438 me
1430 1375 1627 1438 dico?
1718 1375 2016 1440 Minime.
2109 1376 2289 1441 Nam
2335 1375 2402 1440 id
2450 1375 2721 1457 quidem
2766 1374 2820 1438 si
2863 1394 3019 1457 pro-

717 1476 885 1543 fiteri
947 1499 1238 1562 possum,
1282 1499 1413 1544 non
1475 1489 1739 1545 tantum
1800 1500 2113 1563 negarem
2175 1480 2483 1543 miserum
2531 1498 2675 1542 esse
2724 1498 2853 1557 me,
2900 1478 3019 1542 sed

716 1583 1013 1646 omnium
1048 1582 1637 1648 fortunatissimum
1683 1593 1750 1648 et
1782 1584 1849 1647 in
1879 1585 2167 1647 vicinum
2202 1584 2357 1648 Deo
2396 1585 2790 1667 perductum
2833 1601 3021 1666 prae-

718 1687 1051 1764 dicarem;
1095 1708 1285 1766 nunc,
1330 1690 1508 1771 quod
1553 1689 1714 1753 satis
1759 1697 1861 1752 est
1903 1689 1990 1751 ad
2037 1708 2273 1753 omnes
2318 1688 2614 1753 miserias
2666 1688 3024 1760 leniendas,

719 1792 1129 1875 sapientibus
1162 1812 1270 1856 me
1298 1793 1453 1856 viris
1486 1793 1659 1867 dedi,
1689 1802 1756 1856 et
1799 1792 2092 1857 nondum
2127 1793 2193 1855 in
2224 1791 2550 1855 auxilium
2599 1792 2730 1855 mei
2761 1792 3024 1855 validus

724 1895 790 1958 in
834 1894 1051 1958 aliena
1094 1905 1309 1959 castra
1354 1896 1639 1982 confugi,
1670 1916 1897 1961 eorum
1944 1896 2212 1974 scilicet,
2242 1897 2354 1980 qui
2390 1895 2580 1961 facile
2625 1916 2699 1961 se
2741 1916 2820 1958 ac
2865 1915 3024 1959 suos

718 2009 1003 2064 tuentur.
1096 1999 1201 2064 Illi
1248 2020 1354 2063 me
1408 1999 1743 2083 jusserunt
1789 2010 1965 2065 stare
2010 2001 2272 2065 assidue
2338 2001 2520 2065 velut
2582 2001 2646 2064 in
2691 2001 3025 2082 praesidio

722 2104 1031 2186 positum,
1075 2115 1143 2168 et
1190 2124 1424 2168 omnes
1469 2115 1745 2169 conatus
1793 2103 2094 2169 fortunae
2139 2115 2207 2168 et
2252 2123 2488 2168 omnes
2534 2105 2823 2188 impetus
2873 2124 3026 2187 pro-

721 2207 971 2290 spicere
1019 2206 1229 2271 multo
1287 2218 1442 2272 ante
1485 2229 1685 2290 quam
1734 2209 2086 2272 incurrant.
2178 2206 2318 2271 Illis
2361 2208 2582 2291 gravis
2635 2218 2737 2271 est
2782 2209 3025 2289 quibus

722 2312 1066 2393 repentina
1095 2320 1237 2389 est;
1282 2311 1470 2376 facile
1501 2333 1649 2376 eam
1681 2314 1962 2377 sustinet
1985 2311 2102 2394 qui
2129 2331 2392 2394 semper
2420 2322 2753 2394 expectat.
2843 2311 3025 2375 Nam

725 2426 792 2478 et
822 2415 1109 2479 hostium
1134 2415 1459 2480 adventus
1490 2436 1604 2480 eos
1626 2417 1985 2498 prosternit
2003 2436 2173 2498 quos
2198 2416 2619 2498 inopinantes
2636 2415 3025 2497 occupavit:

722 2527 794 2583 at
838 2519 951 2601 qui
997 2518 1219 2582 futuro
1262 2540 1333 2583 se
1378 2519 1557 2584 bello
1599 2529 1753 2584 ante
1797 2519 2044 2584 bellum
2097 2529 2513 2602 paraverunt,
2558 2519 2914 2602 compositi
2958 2529 3031 2584 et

723 2622 935 2705 aptati
983 2622 1286 2706 primum,
1313 2623 1427 2707 qui
1477 2622 2150 2688 tumultuosissimus¹
2201 2635 2319 2698 est,
2353 2624 2557 2688 ictum
2605 2623 2796 2688 facile
2842 2624 3029 2688 exci-

725 2727 933 2809 piunt.
1026 2726 1387 2811 Nunquam
1432 2749 1559 2811 ego
1607 2728 1909 2792 fortunae
1952 2729 2222 2804 credidi,
2257 2728 2457 2793 etiam
2500 2748 2651 2792 cum
2699 2729 3034 2793 videretur

723 2851 955 2914 pacem
1001 2851 1218 2915 agere.
1309 2831 1556 2896 Omnia
1603 2832 1713 2895 illa
1757 2852 1930 2914 quae
1976 2832 2040 2895 in
2088 2852 2197 2896 me
2243 2831 2814 2914 indulgentissime
2875 2852 3032 2895 con·

724 2933 995 3011 ferebat,
1027 2935 1375 3018 pecuniam
1406 2935 1691 3000 honores
1721 2936 2005 3018 gratiam
2050 2957 2131 2999 eo
2162 2936 2309 3001 loco
2350 2936 2562 3018 posui,
2594 2937 2772 3000 unde
2804 2946 3035 3019 posset

726 3038 869 3102 sine
900 3048 1088 3102 motu
1122 3059 1273 3103 meo
1296 3050 1613 3122 repetere.
1692 3039 2122 3104 Intervallum
2149 3041 2316 3104 inter
2337 3039 2449 3103 illa
2480 3051 2548 3104 et
2574 3060 2682 3103 me
2712 3059 3033 3121 magnum

727 3141 949 3206 habui.
1044 3142 1280 3224 Itaque
1327 3143 1600 3208 abstulit
1647 3143 1777 3220 illa,
1817 3163 1948 3207 non
1998 3144 2256 3208 avulsit.
2350 3144 2705 3208 Neminem
2754 3145 3036 3208 adversa

729 3243 992 3309 fortuna
1051 3246 1445 3310 comminuit
1519 3247 1641 3311 nisi
1716 3268 1916 3330 quem
1992 3251 2282 3314 secunda
2354 3249 2638 3332 decepit.
2732 3247 2841 3311 Illi
2916 3249 3033 3331 qui

730 3367 1003 3413 munera
1031 3349 1175 3432 ejus
1203 3350 1387 3414 velut
1424 3371 1545 3413 sua
1586 3359 1654 3414 et
1701 3361 2023 3436 perpetua
2067 3361 2475 3431 amaverunt,
2506 3353 2620 3434 qui
2669 3373 2743 3416 se
2786 3352 3035 3435 suspici

729 3461 1001 3535 propter
1059 3452 1173 3516 illa
1244 3453 1611 3530 voluerunt,
1680 3455 1909 3537 jacent
1974 3466 2042 3520 et
2108 3466 2423 3531 moerent,
2483 3476 2635 3520 cum
2696 3475 2906 3519 vanos
2965 3467 3036 3519 et

731 3557 1012 3638 pueriles
1068 3557 1327 3622 animos
1385 3559 1601 3622 omnis
1666 3559 1922 3623 solidae
1979 3559 2338 3642 voluptatis
2415 3559 2679 3642 ignaros
2739 3558 2907 3623 falsa
2966 3570 3037 3624 et

735 3661 1004 3726 mobilia
1049 3660 1536 3726 oblectamenta
1581 3663 1971 3728 destituunt.
2062 3664 2163 3728 At
2201 3663 2310 3727 ille
2354 3665 2468 3748 qui
2502 3685 2575 3728 se
2613 3662 2804 3727 laetis
2841 3664 3037 3728 rebus

733 3785 866 3831 non
903 3764 1158 3830 inflavit
1192 3786 1315 3829 nec
1348 3768 1620 3832 mutatis
1661 3767 2013 3844 contrahit,
2041 3769 2355 3832 adversus
2402 3777 2759 3851 utrumque
2787 3776 3038 3832 statum

733 3871 1051 3935 invictum
1104 3871 1398 3934 animum
1451 3879 1636 3935 tenet
1683 3872 2075 3954 exploratae
2123 3871 2264 3954 jam
2321 3869 2691 3935 firmitatis:
2758 3891 2916 3934 nam
2971 3872 3039 3935 in

735 3977 878 4060 ipsa
921 3973 1234 4039 felicitate
1278 3974 1440 4056 quid
1484 3985 1714 4039 contra
1758 3973 2211 4040 infelicitatem
2254 3975 2505 4039 valeret
2550 3984 2871 4057 expertus
2918 3987 3040 4040 est.

736 4079 970 4162 ltaque
1006 4100 1132 4158 <sygo
1170 4080 1236 4142 in
1268 4078 1396 4142 illis
1425 4097 1597 4162 quae
1626 4099 1861 4144 omnes
1891 4088 2129 4161 optant
2169 4079 2547 4144 existimavi
2581 4098 2846 4162 semper
2875 4079 3044 4144 nihil

738 4190 866 4246 rit-ri
906 4186 1054 4246 lii-rui
1090 4184 1338 4247 inesse:
1384 4194 1529 4249 tum
1576 4183 1798 4248 inania
1839 4193 1908 4247 et
1940 4231 1954 4245 .
1989 4233 2001 4244 .
2034 4230 2049 4244 .
2079 4184 2442 4267 decepturo
2482 4183 2635 4247 fuco
2671 4182 3043 4248 circumlita

742 4294 970 4357 ime-eni,
1006 4294 1169 4352 intra
1198 4286 1359 4350 nihil
1390 4286 1701 4351 habentia
1729 4286 1925 4350 fronti
1956 4307 2114 4352 suae
2142 4286 2394 4352 simile-⁸

830 4397 914 4454 lit
974 4402 1205 4474 postea
1262 4392 1599 4456 descendit
1657 4391 1745 4455 ad
1809 4390 1985 4455 mala
2043 4391 2377 4475 specialia,
2436 4390 2690 4455 scilicet
2739 4391 3044 4471 exilium,

738 4510 1219 4578 paupssr‘la‘item,
1256 4494 1744 4573 contumeliam,
1785 4495 2047 4560 dicens:
2096 4500 2112 4528 ‘
2137 4496 2334 4560 Nunc
2382 4497 2448 4559 in
2492 4495 2599 4560 his
2643 4515 2816 4579 quae
2865 4496 3048 4561 mala

1512 4622 1526 4652 ⁸
1561 4622 2042 4687 impetun-sissimus,
2072 4622 2181 4673 MS
