3542 5359
355 636 416 699 374
569 624 723 684 OPERIS
747 623 935 694 MAJORIS
960 622 1073 682 PARS
1097 621 1297 682 SEPTIMA.

188 784 210 830 is
222 783 300 832 rothe
358 768 630 851 proportionales
650 771 709 834 sed
731 770 794 833 hoc
815 790 882 834 non
904 770 1052 853 expedit.
1097 768 1185 833 Nam
1203 767 1323 850 vulgus
1343 777 1394 831 est
1413 763 1513 828 nimis

189 865 306 964 {Q}
359 872 600 957 imperfectum,
621 883 654 938 et
677 873 754 938 ideo
778 875 948 958 persuasio
969 873 1045 937 lidei
1067 893 1153 955 quae
1170 871 1271 955 vulgo
1294 871 1434 935 debetur
1459 878 1513 933 est

189 989 305 1044 amongst
361 978 453 1041 rudis
475 988 509 1042 et
530 978 693 1062 indigesta
713 988 747 1042 et
769 978 903 1062 indigna
923 978 1135 1060 sapientibus.
1180 975 1268 1040 Volo
1287 976 1388 1057 igitur
1413 974 1514 1037 altius

188 1047 265 1096 rhem.
361 1082 552 1165 procedere,
574 1092 609 1146 et
636 1083 715 1146 dare
743 1083 986 1164 persuasionem
1018 1084 1060 1145 de
1091 1101 1156 1163 qua
1192 1081 1357 1163 sapientes
1386 1077 1513 1141 habent

357 1185 517 1266 judicare.
565 1187 604 1249 ln
620 1186 710 1250 omni
731 1186 819 1249 enim
837 1187 973 1249 natione
996 1194 1073 1248 sunt
1093 1184 1195 1267 aliqui
1219 1183 1369 1248 industrii
1388 1193 1423 1246 et
1442 1182 1514 1265 apti

359 1289 403 1353 ad
430 1291 636 1372 sapientiam,
662 1290 781 1372 quibus
812 1289 1054 1353 rationabiliter
1080 1288 1270 1371 persuaderi
1298 1296 1430 1371 potest3
1464 1297 1512 1356 ut,

361 1393 442 1477 ipsis
466 1393 660 1472 informatis,
682 1393 740 1458 fiat
761 1393 863 1476 vulgo
886 1414 945 1476 per
966 1414 1024 1457 eos
1048 1392 1217 1476 persuasio
1239 1391 1372 1456 facilior.

192 1509 268 1555 Some
406 1497 569 1581 Suppono
590 1519 669 1561 vero
691 1499 724 1562 in
749 1499 909 1582 principio
932 1507 998 1561 tres
1022 1517 1092 1560 esse
1115 1496 1344 1580 cognitiones;
1373 1515 1437 1559 una
1463 1503 1517 1557 est

192 1571 341 1686 ζ’ᾞζζιῇἶμ
362 1622 421 1686 per
436 1602 583 1664 studium
599 1603 796 1685 inuentionis
811 1603 965 1686 propriae
980 1602 1137 1686 perviam
1153 1601 1389 1685 experientiae.
1437 1597 1518 1662 Alia

363 1716 413 1770 est
428 1727 487 1791 per
502 1707 701 1770 doctrinam.
748 1707 861 1771 Tertia
882 1716 933 1771 est
952 1715 1028 1770 ante
1049 1707 1138 1784 istas,
1164 1716 1197 1770 et
1218 1705 1273 1768 via
1292 1705 1324 1767 in
1343 1723 1410 1781 eas,
1429 1722 1518 1785 quae

362 1821 498 1874 vocatur
520 1811 666 1894 cognitio
686 1809 866 1887 naturalis3
898 1821 932 1875 et
959 1810 1022 1873 hoc
1045 1811 1121 1873 ideo
1144 1810 1221 1892 quia
1252 1820 1301 1874 est
1328 1807 1519 1871 communis

363 1914 528 1978 omnibus.
575 1913 661 1978 lllud
685 1914 773 1978 enim
807 1915 957 1979 naturale
979 1923 1031 1977 est
1061 1915 1150 1996 quod
1182 1915 1336 1977 omnibus
1367 1911 1518 1994 ejusdem

364 2018 485 2104 speciei
508 2028 558 2082 est
581 2040 767 2092 commune,
792 2030 828 2083 ut
851 2020 1048 2082 comburere
1071 2027 1122 2082 est
1144 2017 1296 2082 naturale
1326 2016 1404 2100 igni,
1431 2014 1520 2078 sicut

365 2121 565 2187 Aristoteles
587 2121 814 2205 exemplificat
836 2124 953 2205 quinto
986 2122 1203 2198 Ethicorum;
1235 2132 1268 2186 et
1298 2120 1429 2184 Tullius
1451 2119 1520 2182 hoc

365 2226 453 2290 idem
491 2227 570 2291 dicit
599 2229 633 2290 in
665 2227 826 2310 principio
865 2227 907 2290 de
947 2225 1204 2308 Quaestionibus
1242 2223 1451 2300 Tusculanis,
1484 2233 1522 2286 et

364 2331 515 2394 videmus
531 2351 589 2413 per
608 2330 764 2412 exempla
783 2330 920 2394 infinita.
966 2331 1055 2394 Nam
1076 2330 1216 2393 dicimus
1233 2349 1330 2393 voces
1346 2329 1521 2391 brutorum

365 2431 549 2516 significare
571 2434 773 2512 naturaliter,
803 2436 882 2516 quia
912 2445 990 2498 sunt
1015 2454 1209 2498 communes
1236 2433 1414 2496 individuis
1440 2451 1523 2495 suae

366 2537 505 2620 speciei3
536 2548 570 2601 et
599 2537 788 2621 hujusmodi
820 2539 1014 2602 naturaliter
1043 2559 1062 2601 a
1092 2538 1188 2601 nobis
1217 2538 1353 2620 cognita
1383 2547 1460 2600 sunt
1487 2537 1523 2598 in

367 2641 486 2724 quibus
508 2663 625 2705 omnes
648 2644 894 2720 concordamus,
911 2652 947 2706 ut
967 2643 1056 2724 quod
1081 2662 1180 2706 omne
1203 2650 1312 2705 totum
1335 2641 1444 2722 majus
1470 2649 1525 2703 est

366 2765 426 2808 sua
455 2756 560 2827 parte,
584 2758 616 2808 et
639 2746 838 2827 hujusmodi,
861 2756 931 2808 tam
963 2745 1174 2827 incomplexe
1196 2765 1298 2827 quam
1330 2743 1524 2826 complexa.

369 2842 500 2908 Scimus
530 2846 631 2910 etiam
669 2847 759 2928 quod
798 2847 912 2908 anima
951 2844 1119 2909 rationalis
1151 2856 1229 2908 nata
1266 2853 1317 2909 est
1346 2846 1525 2909 veritatem

369 2968 569 3030 cognoscere
590 2959 624 3012 et
648 2970 759 3014 amare
782 2970 868 3026 eam,
889 2948 984 3030 cujus
1008 2951 1130 3013 amoris
1157 2949 1310 3032 probatio
1337 2958 1387 3012 est
1412 2949 1527 3030 operis

370 3049 544 3126 exhibitio,
567 3054 751 3116 secundum
776 3053 973 3137 Gregorium
1002 3063 1035 3116 et
1060 3073 1178 3116 omnes
1203 3063 1335 3117 sanctos
1359 3063 1392 3116 et
1415 3051 1526 3135 philo-

369 3153 503 3236 sophos.
548 3154 695 3237 Quidam
716 3168 828 3222 autem
850 3158 1027 3221 aestimant
1045 3157 1135 3238 quod
1152 3158 1239 3220 duae
1260 3165 1371 3240 partes
1391 3165 1469 3219 sunt
1492 3155 1528 3218 in

371 3257 482 3320 anima
505 3259 661 3337 diversae,
687 3281 744 3325 seu
771 3261 857 3325 duae
890 3261 1068 3344 potentiae,
1093 3271 1128 3324 ut
1155 3281 1222 3324 una
1252 3261 1295 3325 sit
1319 3282 1386 3343 qua
1410 3280 1528 3323 verum

372 3373 564 3444 cognoscat,
581 3362 645 3426 alia
660 3384 726 3445 qua
741 3363 820 3428 velit
835 3366 949 3428 audire
962 3365 1136 3429 veritatem
1153 3367 1330 3448 cognitam.
1377 3363 1529 3447 Quidam

371 3483 450 3526 vero
472 3466 610 3529 credunt
633 3468 722 3548 quod
746 3489 812 3532 una
833 3480 883 3533 est
908 3469 1094 3533 substantia
1117 3468 1357 3550 animaequae
1383 3476 1530 3550 utraque

373 3565 459 3639 iacit,
477 3568 554 3649 quia
570 3569 623 3631 isti
638 3580 732 3635 actus
749 3582 826 3635 sunt
841 3573 984 3636 ordinati
995 3573 1039 3635 ad
1053 3573 1204 3647 invicem,
1216 3592 1257 3634 eo
1272 3573 1364 3654 quod
1375 3571 1530 3636 veritatis

372 3671 518 3754 cognitio
530 3681 580 3736 est
592 3684 727 3757 propter
736 3675 807 3756 ejus
818 3695 966 3738 amorem
982 3698 989 3752 ;
1012 3695 1077 3738 una
1090 3675 1177 3739 enim
1193 3684 1226 3737 et
1236 3677 1353 3738 eadem
1364 3677 1530 3757 potentia.

374 3773 564 3839 Secundum
588 3797 645 3842 eos
669 3780 776 3860 primo
802 3779 1023 3862 apprehendit
1044 3779 1232 3856 veritatem,
1255 3789 1289 3842 et
1312 3791 1431 3862 postea
1453 3800 1530 3842 eam

373 3880 541 3960 cognitam
566 3880 675 3963 diligit
693 3891 726 3944 et
750 3881 897 3965 complet
913 3883 946 3944 in
968 3904 1062 3965 opus.
1108 3882 1208 3947 Unde
1231 3882 1435 3947 Aristoteles
1456 3882 1532 3946 vult

373 3982 493 4046 tertiol
514 3985 556 4048 de
578 3983 704 4047 Anima
726 3986 816 4066 quod
841 3986 1027 4050 intellectus
1052 3987 1275 4069 speculativus
1299 3987 1447 4050 veritatis
1472 4007 1535 4070 per

373 4087 604 4151 extensionem
635 4089 678 4152 ad
709 4089 780 4170 ejus
810 4109 960 4153 amorem
988 4088 1026 4153 lit
1057 4091 1229 4173 practicus
1276 4091 1350 4155 Nec
1381 4111 1534 4174 unquam

375 4186 451 4251 lacit
467 4187 686 4253 differentiam
703 4190 892 4274 specificam
910 4193 995 4256 inter
1011 4193 1217 4258 intellectum
1234 4193 1481 4277 speculativum
1499 4206 1536 4258 et

376 4292 567 4370 practicum,
581 4293 666 4358 sicut
690 4295 769 4358 facit
789 4295 875 4359 inter
894 4293 1096 4360 intellectum
1118 4307 1151 4361 et
1170 4317 1302 4362 sensum
1323 4308 1358 4362 et
1380 4300 1536 4363 animam

409 4487 415 4514 ¹
435 4489 587 4552 DeAm'ma‚
596 4492 629 4540 iii.
641 4507 696 4552 cap.
706 4507 728 4552 7.
762 4493 818 4541 The
827 4493 914 4542 whole
924 4494 1031 4555 chapter
1043 4495 1065 4543 is
1077 4502 1104 4544 to
1111 4497 1156 4544 the
1168 4497 1251 4558 point,
1263 4497 1315 4546 und
1326 4499 1472 4561 especially
1482 4503 1495 4557 5
1504 4502 1539 4550 6:

376 4565 418 4613 καὶ
429 4563 459 4612 τὸ
470 4565 527 4614 tro
539 4567 564 4616 bl
581 4567 685 4629 πράξεως
694 4570 725 4616 τὸ
740 4569 830 4631 ἀληθὲς
840 4572 882 4620 ml
898 4571 927 4618 τὸ
939 4572 1024 4634 ψεῦδος
1035 4573 1062 4620 lv
1079 4574 1114 4635 τῷ
1125 4575 1190 4637 αὐτῷ
1201 4575 1267 4637 γένει
1280 4574 1335 4624 luri
1348 4577 1384 4639 τᾷ
1395 4577 1483 4642 ἀγαθῷ
1495 4579 1540 4628 ml

376 4643 451 4704 κακᾷ,
461 4641 528 4690 ἀλλὰ
538 4647 574 4709 τῷ
583 4645 609 4708 γ’
619 4645 701 4695 ἁπλῶς
712 4646 816 4710 διαφέρει
828 4647 869 4697 aeul
880 4665 934 4699 τινι.
