3542 5359
391 605 586 666 MORALIS
609 607 928 666 PHILOSOPHIA:
960 607 1075 666 PARS
1103 607 1267 665 TERTIA.
1345 621 1405 686 317

254 790 323 852 quo
346 779 479 852 pectore
502 768 647 836 metum’
672 772 787 837 mortis
803 771 967 854 ‘ejeceris
983 773 1015 837 in
1040 774 1074 837 id
1098 773 1220 837 nullius
1241 775 1286 837 rei
1306 774 1406 837 timor

255 872 393 938 audebit
420 875 551 940 intrare.
600 874 637 940 Si
662 877 789 959 cogitas
811 877 984 941 libidinem
1008 899 1075 943 non
1100 878 1283 961 voluptatis
1307 898 1405 944 causa

255 975 384 1042 homini
407 981 521 1045 datam
544 983 605 1044 sed
628 982 833 1066 propagandi
856 983 997 1064 generis,
1018 1002 1119 1066 quem
1144 1003 1212 1048 non
1234 982 1405 1049 violaverit

256 1081 320 1147 hoc
340 1095 504 1149 secretum
525 1096 560 1151 et
583 1084 722 1150 infixum
741 1087 922 1151 visceribus
945 1088 1023 1170 ipsis
1044 1088 1195 1161 exitium,
1211 1088 1320 1152 omnis
1342 1087 1405 1152 alia

255 1189 419 1271 cupiditas
443 1191 605 1254 intactum
631 1191 835 1274 praeteribit.
881 1190 959 1255 Non
982 1190 1111 1276 singula
1132 1192 1213 1256 vitia
1240 1192 1322 1256 ratio
1346 1192 1406 1254 sed

257 1295 379 1375 pariter
401 1295 515 1357 omnia
537 1296 738 1377 prosternit3
771 1296 804 1358 in
828 1295 1016 1360 universum
1039 1296 1142 1360 semel
1165 1294 1324 1361 vincitur.'
1363 1295 1407 1359 Et

257 1396 355 1461 infert
367 1399 410 1462 de
420 1398 619 1482 ignominia;
640 1399 843 1480 ‘Ignominia
852 1407 889 1462 tu
900 1410 997 1482 putas
1007 1421 1208 1485 quemquam
1220 1401 1405 1485 sapientem

258 1503 380 1565 moveri
404 1524 504 1586 posse
527 1505 584 1586 qui
610 1505 723 1567 omnia
746 1504 837 1567 inse
860 1504 1017 1588 reposuit,
1041 1505 1097 1588 qui
1124 1505 1167 1568 ab
1194 1505 1406 1587 opinionibus

257 1607 347 1692 vulgi
373 1609 533 1674 secessit?
566 1609 641 1693 plus
667 1608 768 1673 etiam
794 1630 895 1691 quarn
923 1609 1102 1693 ignominia
1124 1619 1174 1674 est
1198 1630 1288 1674 mors
1312 1611 1406 1692 igno-

257 1712 406 1777 miniosa
462 1712 618 1778 Socrates
650 1723 764 1777 tamen
800 1715 919 1778 eodem
954 1713 1010 1778 illo
1040 1714 1134 1779 vultu
1168 1735 1235 1798 quo
1269 1714 1407 1798 triginta

257 1827 416 1898 tyrannos
448 1816 538 1882 solus
567 1817 749 1900 aliquando
780 1818 812 1881 in
846 1819 996 1884 ordinem
1026 1821 1210 1902 redegerat,
1242 1840 1407 1884 carcerem

258 1920 401 1998 intravit,
430 1922 644 2005 ignominiam
676 1922 737 2006 ipsi
773 1921 849 1986 loco
889 1924 1105 1988 detracturus.
1165 1924 1286 2006 Neque
1320 1925 1406 1988 enim

259 2035 390 2107 poterat
413 2046 524 2089 carcer
541 2027 646 2090 videri
668 2027 701 2089 in
723 2047 790 2109 quo
814 2026 966 2094 Socrates
987 2037 1058 2092 erat
1073 2075 1081 2090 .
1098 2077 1105 2091 .
1122 2075 1129 2090 .
1146 2029 1258 2094 Nemo
1278 2030 1322 2092 ab
1343 2029 1408 2092 alio

259 2130 493 2207 contemnitur,
524 2131 584 2194 nisi
614 2151 635 2193 a
664 2151 701 2193 se
730 2141 810 2195 ante
839 2141 1052 2214 contemptus
1083 2144 1142 2197 est.
1200 2132 1345 2195 Humilis
1375 2143 1408 2196 et

261 2234 428 2317 projectus
448 2235 578 2298 animus
601 2235 645 2300 sit
667 2235 721 2299 isti
743 2235 965 2300 contumeliae
987 2246 1217 2318 opportunus3
1249 2237 1306 2319 qui
1329 2257 1408 2299 vero

259 2339 418 2402 adversus
433 2339 641 2402 saevissimos
663 2359 758 2404 casus
779 2359 816 2402 se
840 2339 973 2404 extollit
994 2351 1028 2404 et
1047 2361 1087 2403 ea
1106 2340 1193 2405 mala
1212 2340 1331 2424 quibus
1351 2340 1407 2403 alii

259 2443 490 2526 opprimuntur
516 2444 634 2508 evertit
665 2445 752 2526 ipsas
783 2444 930 2506 miserias
958 2443 1157 2508 infularum¹
1184 2445 1258 2508 loco
1283 2445 1407 2522 habct;

259 2546 410 2628 quando’
436 2547 561 2612 scilicet
584 2547 649 2611 ‘ita
672 2547 782 2611 affecti
805 2568 919 2611 sumus
949 2559 987 2613 ut
1016 2547 1096 2612 nihil
1120 2569 1224 2632 acque
1253 2569 1407 2632 magnam

260 2651 348 2730 apud
371 2670 432 2713 nos
454 2651 707 2716 admirationem
731 2661 872 2732 occupet
896 2672 997 2732 quam
1021 2653 1125 2716 homo
1146 2652 1274 2717 sortiter
1298 2654 1407 2716 miser.

260 2752 455 2818 Ducebatur
488 2755 634 2820 Athenis
664 2756 708 2820 ad
738 2754 936 2838 supplicium
966 2754 1142 2834 Aristides,
1178 2757 1229 2821 cui
1259 2757 1409 2838 quisquis

261 2869 450 2924 occurrerat
469 2861 648 2942 dejiciebat
669 2857 783 2923 oculos
801 2870 835 2923 et
853 2859 1099 2941 ingemiscebat,
1115 2879 1181 2923 non
1199 2870 1358 2942 tanquam
1375 2861 1408 2924 in

260 2962 429 3026 hominem
448 2961 587 3045 justum,
602 2964 660 3028 sed
677 2973 839 3046 tanquam
854 2963 887 3026 in
903 2963 1009 3045 ipsam
1024 2963 1186 3046 justitiam
1204 2964 1408 3028 animadver·

259 3077 394 3132 teretur.
441 3070 600 3134 Inventus
615 3080 666 3133 est
685 3078 799 3133 tamen
819 3069 876 3150 qui
897 3069 929 3131 in
948 3067 1065 3132 faciem
1081 3067 1151 3151 ejus
1166 3069 1357 3152 inspueret.
1374 3117 1381 3132 .
1399 3117 1406 3133 .

258 3182 294 3237 at
320 3172 377 3238 ille
401 3174 557 3238 abstersit
581 3174 697 3239 faciem
725 3183 760 3238 et
788 3172 962 3238 subridens
983 3174 1031 3237 ait
1054 3173 1226 3238 comitanti
1248 3195 1284 3238 se
1307 3174 1408 3258 magi-

260 3279 402 3353 stratui3
424 3279 568 3343 admone
585 3279 686 3343 istum
709 3298 751 3340 ne
770 3287 889 3362 postea
908 3286 977 3341 tam
993 3278 1144 3359 improbe
1162 3279 1280 3343 oscitet
1298 3327 1305 3342 .
1322 3325 1330 3344 .
1347 3327 1353 3341 .
1371 3278 1409 3342 Si

260 3401 402 3463 magnus
420 3384 471 3446 vir
492 3384 623 3460 cecidit,
638 3402 780 3464 magnus
798 3380 925 3464 jacuit;
950 3402 1016 3445 non
1039 3381 1146 3465 magis
1170 3382 1260 3446 illum
1280 3377 1408 3470 [putes]

260 3487 427 3550 contemni
447 3507 548 3569 quam
567 3507 642 3551 cum
665 3486 797 3550 aedium
819 3505 985 3550 sacrarum
1004 3486 1116 3550 ruinae
1136 3485 1311 3559 calcantur,
1327 3506 1410 3568 quas

260 3589 405 3671 religiosi
420 3610 527 3672 aeque
541 3611 579 3654 ac
596 3600 723 3654 stantes
738 3586 897 3653 adorant.’

305 3695 450 3758 Etcum
472 3694 600 3759 dederit
622 3693 720 3758 matri
745 3693 827 3758 haec
851 3695 1065 3759 adversorum
1093 3695 1250 3772 remedia,
1273 3695 1410 3760 resumit

261 3800 374 3863 omnia
390 3799 477 3863 mala
492 3819 578 3881 quae
595 3798 625 3861 ei
643 3798 855 3880 contigerunt
876 3808 914 3861 ut
934 3799 1052 3862 doceat
1068 3819 1143 3861 earn
1158 3798 1265 3862 virum
1281 3799 1410 3864 vincere

261 3905 318 3986 qui
334 3913 387 3968 tot
401 3903 514 3967 animo
528 3902 611 3967 virili
626 3902 813 3985 prostravit.
859 3902 950 3965 Dicit
974 3903 1082 3982 igitur,
1096 3901 1185 3965 ‘Sed
1206 3911 1331 3984 quanto
1347 3903 1411 3965 ista
1423 3909 1488 3973 Cap.
1506 3921 1543 3970 15·

261 4009 396 4073 duriora
418 4017 504 4084 sunt,
518 4018 615 4072 tanto
638 4005 745 4088 major
766 4005 828 4069 tibi
847 4007 951 4070 virtus
974 4006 1166 4069 advocanda
1188 4015 1249 4082 est,
1272 4018 1305 4071 et
1321 4007 1411 4070 velut

262 4131 338 4176 cum
354 4111 450 4176 hoste
465 4121 545 4175 noto
559 4131 599 4174 ac
614 4130 714 4193 saepe
729 4109 799 4192 jam
815 4109 904 4174 victo
925 4111 1031 4174 acrius
1046 4120 1096 4174 est
1120 4111 1410 4191 congrediendum.

262 4216 342 4279 Non
367 4237 413 4278 ex
439 4216 566 4280 intacto
592 4234 730 4298 corpore
759 4222 819 4278 tuo
844 4214 977 4297 sanguis
1006 4214 1058 4277 hic
1089 4213 1205 4277 fluxit:
1237 4234 1295 4297 per
1325 4215 1412 4297 ipsas

262 4321 431 4384 cicatrices
445 4340 602 4404 percussa
617 4318 671 4383 es.‘

704 4472 712 4503 ¹
728 4475 756 4522 io
766 4472 915 4531 fabularum,
928 4471 1004 4523 MSS.
