3542 5359
552 565 667 626 rans
691 567 891 630 securior
904 593 915 628 .·
952 573 1041 636 car.
1069 577 1128 638 111.
1356 584 1418 663 467

265 720 434 789 fractionis
459 737 494 792 et
519 729 632 812 anguli
658 734 837 813 quantitas,
863 739 1044 804 secundum
1068 742 1159 822 quod
1189 763 1310 830 corpus
1339 751 1417 814 sub·

263 828 354 891 tilius
376 840 427 894 est
448 831 558 895 minus
579 844 613 897 et
635 837 743 918 magis
765 839 893 904 subtile

308 932 476 1014 Figurabo
501 936 600 1019 igitur
625 939 658 1002 in
688 940 795 1022 planis
824 953 858 1009 et
888 944 1067 1028 sphaericis
1097 954 1268 1032 quomodo
1296 955 1415 1020 intelli·
1429 959 1583 1013 lunanum

260 1046 384 1118 guntur
398 1040 483 1102 radii
498 1040 591 1105 fracti
608 1051 642 1106 et
656 1065 724 1109 non
739 1045 843 1112 fracti.
890 1049 1002 1115 Primo
1024 1052 1057 1116 in
1080 1052 1187 1137 planis
1201 1079 1210 1132 ;
1240 1067 1274 1121 et
1297 1059 1414 1142 loquor
1425 1026 1525 1156 {322}

262 1140 305 1203 de
356 1163 493 1224 corpore
540 1147 686 1212 secundo

261 1244 382 1324 planae
398 1248 594 1331 superficiei,
608 1252 687 1331 quia

260 1348 303 1411 de
326 1350 395 1432 ejus
418 1349 524 1434 figura
544 1365 596 1418 est
613 1365 686 1420 tota

258 1453 318 1517 vis.
379 1453 414 1528 Si
452 1476 533 1538 ergo
566 1478 686 1543 corpus

259 1559 441 1623 secundum
483 1561 526 1625 sit
565 1562 686 1646 planae

257 1663 451 1743 superficiei,
466 1675 545 1728 tunc
573 1667 686 1730 radius

257 1767 391 1830 ueniens
407 1769 684 1850 perpendiculari-

257 1879 308 1933 ter
349 1891 415 1934 non
448 1872 609 1957 frangitur
646 1885 684 1940 ut

256 1974 383 2038 dictum
399 1986 471 2052 est;
493 1979 551 2042 sed
567 1999 683 2044 omnes

256 2099 330 2141 nou
392 2083 682 2164 perpendiculares

255 2181 461 2266 franguntur.
527 2185 564 2251 Si
601 2206 682 2269 ergo

254 2307 376 2372 corpus
397 2291 576 2353 secundum
599 2291 690 2372 quod
713 2301 764 2354 est
787 2288 923 2372 planum
951 2292 1084 2357 densius
1107 2303 1167 2372 est,
1189 2301 1268 2358 tuuc
1290 2293 1408 2358 fractio

253 2401 313 2467 est,
328 2399 364 2453 ut
379 2392 505 2455 dictum
522 2403 582 2471 est,
597 2393 683 2458 inter
697 2394 859 2460 incessum
880 2405 1006 2460 rectum
1030 2408 1064 2461 et
1084 2398 1169 2462 inter
1192 2398 1407 2482 perpendicu-

254 2493 355 2557 larem
380 2496 567 2560 ducendam
590 2519 610 2562 a
632 2497 708 2562 loco
730 2498 899 2564 fractionis
922 2501 955 2563 in
978 2501 1059 2566 illud
1082 2521 1201 2586 corpus
1223 2504 1405 2568 secuudum

242 4079 306 4143 hoc
344 4080 452 4142 modo.
502 4075 538 4141 Si
568 4095 648 4139 vero
676 4096 796 4158 corpus
825 4076 1008 4140 secundum
1042 4085 1092 4141 est
1125 4075 1285 4154 subtilius,
1315 4088 1394 4144 tunc

241 4183 386 4247 incessus
401 4191 509 4246 rectus
525 4179 563 4244 fit
579 4181 664 4245 inter
677 4180 867 4245 fractionem
889 4191 923 4245 et
943 4180 1246 4264 perpendicularem
1268 4182 1393 4246 ducen-

241 4289 318 4351 dam
335 4308 355 4349 a
372 4287 445 4350 loco
460 4285 638 4360 fractionis,
654 4285 745 4348 verbi
760 4286 876 4367 gratia.
924 4284 960 4350 Si
980 4305 1058 4348 vero
1074 4304 1194 4367 corpus
1209 4288 1391 4351 secundum

240 4394 329 4474 quod
356 4390 399 4454 sit
425 4389 634 4471 sphaericum
661 4399 712 4454 est
737 4389 871 4454 densius
894 4389 1003 4471 priori,
1030 4398 1107 4454 tunc
1132 4387 1188 4452 fiet
1215 4390 1329 4455 fractio
1360 4392 1391 4455 in

239 4494 410 4579 superficie
432 4495 503 4575 ejus
525 4495 610 4557 inter
630 4493 792 4557 incessum
816 4503 944 4558 rectum
967 4503 1000 4558 et
1027 4493 1333 4578 perpendicularem
1357 4495 1390 4559 in

238 4610 387 4663 centrum
403 4596 475 4681 ejus
494 4597 680 4662 ducendam
698 4620 718 4662 a
736 4597 811 4661 loco
831 4597 1000 4663 fractionis
1018 4597 1082 4661 hoc
1102 4598 1213 4661 mod0.
1259 4597 1296 4664 Si
1311 4619 1390 4666 vero

762 4714 788 4764 u
804 4700 864 4764 ha
