3542 5359
184 758 282 836 similar
293 766 320 808 to

183 832 218 874 rts
229 840 323 878 source.

352 610 414 672 414
620 598 958 658 MULTIPLICATIO
982 598 1238 659 SPECIERUM.

353 758 424 823 Alii
448 771 586 842 possunt
608 781 679 826 esse
709 761 820 845 plures
850 771 884 826 et
907 771 1067 828 vocantur
1089 762 1250 845 equivoci,
1274 773 1308 826 et
1340 763 1510 845 generatio

353 885 468 928 eorum
491 865 610 930 dicitur
632 867 801 949 equivoco,
818 877 855 930 ut
878 866 969 930 calor
990 876 1025 931 et
1047 867 1243 950 putrefactio
1266 876 1299 931 et
1323 887 1412 930 mors
1431 877 1510 932 sunt

354 967 491 1032 effectus
508 969 616 1053 plures
632 971 732 1049 lucis;
762 973 822 1036 sed
842 971 1004 1054 equivoci,
1020 992 1086 1036 nou
1105 972 1244 1035 univoci.
1283 970 1402 1036 Solum
1419 972 1509 1036 enim

354 1071 466 1136 lumen
484 1076 516 1138 in
533 1076 652 1149 medio,
662 1075 715 1140 vel
733 1075 793 1139 lux
809 1076 842 1138 in
858 1096 997 1160 corpore
1011 1075 1127 1141 stellae
1142 1076 1307 1159 producta
1323 1097 1381 1159 per
1396 1076 1509 1139 lumen

353 1178 432 1242 solis
443 1177 465 1252 ¹,
481 1180 602 1243 dicitur
617 1181 753 1246 effectus
768 1181 928 1246 univocus
943 1180 1025 1244 lucis
1042 1181 1167 1243 solaris.
1202 1179 1271 1244 Sed
1285 1181 1318 1242 in
1336 1180 1509 1263 principio,

353 1281 435 1346 dum
459 1293 511 1346 est
534 1283 672 1349 effectus
692 1283 925 1366 incompletus,
942 1284 1132 1348 nominatur
1152 1284 1280 1368 species
1295 1293 1329 1348 et
1345 1285 1458 1359 virtus,
1473 1296 1509 1349 et

353 1388 543 1451 nominibus
558 1389 753 1472 praedictis;
775 1399 809 1454 et
824 1388 888 1453 hoc
903 1399 954 1453 est
969 1390 1050 1453 dum
1065 1390 1196 1470 patiens
1212 1398 1324 1452 manet
1340 1388 1373 1451 in
1389 1398 1508 1453 natura

353 1511 415 1554 sua
432 1491 595 1575 specifica,
610 1493 828 1557 assimilatum
845 1501 959 1556 tamen
981 1493 1092 1576 agenti
1112 1512 1171 1577 per
1189 1493 1335 1576 speciem
1359 1493 1449 1557 illam
1473 1503 1508 1557 et

353 1595 508 1658 virtutem
521 1622 530 1674 3
553 1606 590 1660 ut
606 1598 790 1681 lignacum
808 1598 840 1659 in
853 1597 1015 1680 principio
1029 1599 1208 1681 igniuntur,
1223 1596 1349 1662 habent
1363 1600 1507 1680 speciem

354 1707 388 1761 et
418 1700 583 1788 virtutem?
596 1701 680 1784 ignis
703 1703 784 1767 dum
815 1702 925 1766 adhuc
948 1703 1037 1785 ligna
1069 1712 1202 1766 manent
1237 1703 1269 1765 in
1299 1722 1359 1766 sua
1388 1712 1507 1768 natura

353 1802 514 1884 specifica,
530 1805 607 1869 licet
627 1806 851 1872 assimilentur
872 1807 938 1888 igni
956 1826 1014 1888 per
1032 1807 1177 1888 speciem
1194 1816 1372 1888 receptam.
1418 1805 1506 1870 Cum

351 1916 464 1971 autem
494 1929 598 1991 agens
635 1909 805 1975 invalescit
844 1931 944 1992 super
981 1911 1120 1992 patiens,
1152 1921 1188 1974 ut
1224 1909 1321 1973 tollat
1353 1919 1506 1973 naturam

350 2011 538 2094 specificam
554 2013 709 2096 patientis
724 2025 758 2078 et
772 2025 964 2098 corrumpat
985 2036 1068 2089 eam,
1089 2026 1125 2078 ut
1147 2015 1280 2080 inducat
1303 2013 1506 2096 completum

352 2116 505 2180 effectum
527 2139 624 2184 suum
646 2119 680 2182 in
704 2121 876 2184 materiam
901 2120 1151 2184 convenientem
1181 2119 1212 2182 ei
1242 2128 1276 2182 et
1298 2119 1446 2202 patienti,
1469 2129 1539 2182 ut»

351 2222 471 2287 accidit
495 2223 529 2286 in
552 2223 649 2288 rebus
670 2224 915 2308 generabilibus
939 2234 974 2289 et
995 2223 1275 2308 corruptibilibus,
1298 2232 1376 2288 tunc
1399 2232 1506 2286 cessat

351 2327 488 2392 effectus
507 2328 616 2394 vocari
639 2330 767 2413 species
787 2340 821 2394 et
839 2331 951 2408 virtus,
971 2338 1006 2393 et
1024 2329 1162 2393 caeteris
1188 2327 1376 2391 nominibus
1398 2327 1506 2405 dictis,

352 2443 387 2495 et
407 2442 547 2496 vocatur
567 2435 704 2498 nomine
726 2435 827 2518 ipsius
850 2435 990 2518 agentis.
1037 2433 1087 2498 Ut
1110 2453 1187 2495 cum
1218 2433 1305 2514 ignis
1336 2431 1506 2495 invalescit

351 2555 451 2618 super
466 2536 564 2618 ligna,
574 2548 607 2600 et
623 2540 803 2623 corrumpit
814 2550 964 2603 naturam
978 2536 1166 2622 specificam
1182 2537 1337 2620 ligneam,
1347 2537 1506 2599 inducens

351 2640 552 2724 completam
572 2642 656 2725 ignis
671 2643 858 2719 essentiam,
872 2653 952 2707 tunc
969 2642 1058 2725 quod
1080 2652 1275 2724 generatum
1295 2651 1345 2705 est
1368 2651 1506 2704 vocatur·

350 2744 444 2827 ignis,
459 2756 494 2809 et
509 2765 574 2810 non
590 2747 726 2828 species
742 2768 802 2811 nec
822 2747 936 2826 virtus,
956 2747 1014 2811 sed
1032 2745 1070 2810 fit
1085 2747 1185 2810 carbo
1201 2745 1254 2808 vel
1271 2741 1446 2821 flamma²;
1471 2755 1507 2809 et

353 2850 428 2914 ideo
442 2851 567 2933 species
583 2849 667 2932 ignis
689 2860 723 2914 et
747 2852 832 2935 ignis
852 2851 1039 2934 completus
1060 2870 1126 2913 non
1148 2849 1314 2925 differunt,
1333 2848 1393 2912 nisi
1418 2849 1505 2913 sicut

352 2954 591 3036 incompletum
608 2963 641 3018 et
655 2955 868 3037 completum.
915 2956 961 3019 Et
976 2964 1111 3038 propter
1126 2953 1190 3017 hoc
1212 2973 1296 3018 unus
1316 2951 1454 3016 effectus
1469 2963 1505 3018 et

350 3057 438 3122 idem
466 3079 604 3123 numero
624 3069 675 3124 est
696 3061 752 3143 qui
773 3061 881 3143 primo
904 3070 1042 3123 vocatur
1062 3059 1197 3140 species,
1212 3057 1292 3122 dum
1313 3057 1414 3121 habet
1431 3078 1504 3121 esse

351 3161 598 3246 incompletum,
623 3174 657 3228 et
682 3165 801 3229 deinde
827 3163 963 3228 sortitur
991 3162 1124 3246 plenum
1154 3182 1276 3226 nomen
1306 3161 1436 3244 agentis
1468 3170 1504 3224 et

351 3267 548 3348 generantis,
563 3269 697 3349 quando
718 3268 906 3351 completur
923 3267 955 3330 in
973 3287 1054 3343 esse,
1073 3277 1109 3330 et
1128 3268 1296 3330 destructa
1313 3275 1364 3330 est
1383 3275 1504 3330 natura

351 3369 464 3434 totalis
478 3371 632 3453 specifica
653 3372 817 3455 patientis.
865 3371 933 3435 Sed
954 3370 1017 3434 hoc
1035 3382 1087 3436 est
1104 3371 1355 3454 intelligendum
1378 3370 1410 3434 in
1432 3370 1504 3434 istis

350 3474 450 3537 rebus
474 3472 680 3541 inferioribus
703 3475 979 3558 corruptibilibus.
1027 3475 1065 3538 In
1087 3476 1185 3540 rebus
1204 3495 1282 3540 vero
1307 3475 1502 3555 incorrupti-

350 3577 472 3644 bilibus
487 3588 599 3662 potest
617 3580 702 3643 bene
719 3581 845 3662 species
870 3579 981 3663 aliqua
1000 3579 1157 3664 compleri
1179 3580 1212 3641 in
1233 3579 1387 3644 effectum
1410 3597 1504 3642 com-

349 3684 479 3767 pletum
494 3684 565 3746 sine
580 3684 803 3750 destructione
818 3684 985 3768 patientis,
998 3685 1077 3766 quia
1092 3684 1221 3766 patiens
1241 3693 1356 3747 natum
1382 3693 1433 3747 est
1457 3684 1503 3748 ad

349 3787 540 3869 hujusmodi
564 3789 717 3852 effectum
739 3790 781 3853 de
802 3798 921 3853 natura
940 3809 1000 3854 sua
1012 3814 1020 3864 ;
1053 3800 1090 3852 ut
1113 3787 1228 3852 stellae
1249 3798 1283 3850 et
1304 3787 1379 3850 luna
1403 3795 1503 3850 natae

347 3901 425 3957 sunt
447 3892 569 3956 habere
592 3893 699 3957 lucem
722 3891 901 3976 perfectam
925 3902 1087 3976 quantum
1109 3893 1215 3975 exigit
1237 3911 1348 3955 earum
1373 3901 1502 3966 natura,

349 3997 425 4062 licet
443 3998 491 4060 sol
511 3997 586 4082 plus
606 3998 727 4061 habeat
745 3998 788 4061 de
804 3997 896 4072 luce3
919 4007 952 4061 et
971 4008 1084 4061 tamen
1104 3998 1136 4059 in
1148 3997 1310 4080 principio
1324 3994 1360 4058 fit
1373 3996 1503 4077 species

346 4102 430 4165 lucis
441 4123 544 4185 usque
555 4103 599 4166 ad
612 4101 723 4165 lunam
735 4110 770 4164 et
779 4101 901 4178 stellas,
911 4114 943 4165 et
956 4113 1072 4184 postea
1085 4100 1270 4184 completur
1284 4099 1316 4163 in
1332 4101 1400 4176 eis;
1414 4100 1503 4163 sicut

347 4204 409 4268 fuit
423 4229 443 4271 a
459 4206 565 4288 prima
579 4207 755 4280 creatione,
770 4216 804 4269 et
825 4206 910 4269 sicut
930 4215 1005 4287 post
1026 4205 1164 4289 eclipses
1185 4204 1354 4268 stellarum
1371 4204 1502 4268 accidit.

349 4309 438 4373 Nam
452 4311 560 4393 primo
575 4309 727 4374 debiliter
740 4309 865 4374 habent
887 4309 1002 4385 lucem,
1020 4320 1180 4393 tanquam
1198 4307 1449 4371 similitudinem
1467 4317 1503 4371 et

345 4415 500 4497 speciem,
515 4423 550 4478 et
572 4426 689 4496 postea
711 4413 843 4490 claram,
862 4423 896 4476 et
919 4413 1130 4497 completam.
1170 4410 1274 4494 Cujus
1292 4411 1425 4494 signum
1449 4423 1503 4477 est

443 4593 454 4697 ζ
470 4593 509 4643 Cf.
521 4594 566 4642 the
578 4594 745 4656 explanation
758 4594 788 4642 os
795 4594 869 4643 lunar
880 4594 931 4643 and
943 4593 1033 4642 stellar
1043 4593 1108 4654 light
1119 4593 1145 4641 in
1158 4593 1207 4642 vol.
1221 4593 1237 4643 i.
1249 4609 1274 4655 p.
1287 4607 1342 4655 129.

469 4672 580 4732 flamina,
592 4672 618 4731 J.
