3542 5359
411 608 606 667 MORALIS
630 608 949 667 PHILOSOPHIA:
975 609 1088 668 PARS
1117 607 1281 668 TERTIA.
1361 603 1419 684 361

271 779 393 833 terram
410 790 452 833 arr
469 770 552 833 inira
570 782 769 853 putrescam.
815 770 928 834 Canus
948 770 1056 851 Julius
1071 772 1121 834 vir
1136 820 1144 834 .
1161 819 1168 834 .
1186 821 1192 835 .
1210 791 1371 854 magnus.
1388 816 1396 830 .
1413 817 1421 831 .

272 894 347 938 cum
370 873 454 939 Caio
478 874 620 940 Caesare
642 876 700 939 diu
722 875 910 953 altercatus,
932 923 940 937 .
964 923 971 938 .
996 923 1002 938 .
1026 877 1123 939 morti
1147 876 1301 940 addictus
1323 874 1420 948 dixit,

272 979 405 1041 Gratias
437 979 499 1042 tibi
531 1000 596 1064 ago
633 981 760 1063 optime
796 979 958 1062 princeps.
985 1026 993 1041 .
1022 1027 1029 1042 .
1065 1027 1072 1041 .
1105 979 1258 1044 Ludebat
1288 998 1421 1060 quoque

273 1082 472 1159 latrunculis,
494 1103 570 1147 cum
595 1086 744 1148 centurio
773 1103 893 1164 agmen
924 1087 1143 1166 periturorum
1170 1084 1303 1147 trahens
1329 1083 1420 1145 illurn

271 1204 405 1268 quoque
435 1188 574 1250 excitari
604 1187 744 1269 juberet.
798 1187 948 1252 Vocatus
983 1189 1169 1252 numeravit
1204 1186 1356 1262 calculos,
1387 1197 1422 1250 et

271 1291 378 1354 sodali
399 1310 470 1368 suo,
486 1290 584 1367 Vide,
606 1292 720 1373 inquit,
744 1311 785 1355 ne
807 1301 884 1374 post
906 1303 1046 1356 mortem
1066 1312 1173 1356 meam
1198 1289 1365 1355 mentiaris
1388 1301 1422 1354 te

271 1394 397 1458 vicisse.
442 1396 530 1459 Tum
546 1396 694 1459 adnuens
713 1395 906 1470 centurioni,
923 1396 1042 1472 Testis,
1064 1397 1179 1478 inquit,
1196 1397 1260 1458 eris
1281 1414 1347 1458 uno
1368 1414 1422 1457 me

271 1500 372 1562 istum
386 1501 627 1563 antecedere..
641 1547 648 1562 .
661 1500 786 1564 Tristes
802 1511 896 1564 erant
912 1501 1011 1563 amici
1022 1501 1123 1563 talem
1136 1499 1287 1563 amissuri
1297 1500 1420 1563 virum:

272 1602 362 1684 Quid
373 1605 501 1679 moesti,
514 1605 631 1686 inquit,
641 1605 744 1668 estis?
774 1603 846 1666 Vos
857 1585 1016 1684 quaeritis
1027 1625 1068 1668 an
1082 1603 1284 1668 immortales
1293 1603 1422 1668 animae

272 1708 357 1770 sint:
381 1726 445 1789 ego
457 1707 527 1789 jam
543 1710 657 1771 sciam.
703 1709 774 1772 Nec
794 1708 892 1771 desiit
908 1709 1081 1772 veritatem
1102 1709 1227 1790 inipso
1249 1707 1312 1771 fine
1332 1727 1421 1773 scru-

272 1813 345 1888 tari,
361 1822 395 1875 et
410 1832 454 1874 ex
471 1824 577 1876 morte
592 1835 651 1878 sua
666 1813 896 1895 quaestionem
909 1812 1041 1878 habere.
1057 1860 1064 1875 .
1083 1860 1091 1875 .
1108 1860 1116 1875 .
1133 1813 1164 1876 N
1169 1833 1206 1876 ec
1218 1812 1289 1894 jam
1305 1812 1419 1896 procul

271 1928 343 1980 erat
369 1917 518 1980 tumulus
544 1918 577 1981 in
598 1937 666 1999 quo
689 1917 845 1981 Caesari.
868 1965 875 1980 .
897 1963 905 1980 .
925 1915 1027 1983 fiebat
1051 1918 1252 1982 cotidianum
1280 1937 1419 1981 sacrum.

273 2021 315 2095 ls,
329 2021 419 2102 quid,
434 2021 550 2102 inquit,
566 2020 667 2099 Cane,
683 2042 769 2085 nunc
788 2022 939 2105 cogitas?
968 2031 1027 2084 aut
1050 2042 1137 2104 quae
1154 2021 1215 2085 tibi
1232 2041 1325 2084 mens
1345 2026 1421 2085 est?

272 2123 468 2203 Observare,
485 2125 591 2207 inquit
614 2125 738 2202 Canus,
759 2127 917 2208 proposui
940 2125 996 2189 illo
1019 2125 1226 2190 velocissimo
1249 2135 1421 2190 momento

271 2248 313 2292 an
348 2248 503 2292 sensurus
539 2231 582 2292 sit
611 2230 741 2292 animus
771 2229 885 2293 exire¹
911 2250 956 2293 se.
1019 2229 1249 2311 Promisitque,
1278 2229 1305 2292 si
1339 2229 1419 2310 quid

271 2330 490 2415 explorasset,
512 2334 759 2398 circumiturum
785 2346 820 2398 et
851 2336 1069 2399 indicaturum
1099 2335 1172 2416 quis
1199 2345 1285 2397 esset
1314 2343 1420 2397 status

270 2439 464 2501 animarum.
512 2438 598 2503 Ecce
625 2439 658 2501 in
689 2440 799 2504 media
829 2449 1029 2520 tempestate
1057 2438 1286 2521 tranquillitas.
1332 2438 1422 2502 Ecce

271 2541 401 2603 animus
415 2543 611 2605 aeternitate
625 2542 754 2624 dignus,
771 2543 827 2625 qui
852 2544 1001 2607 statum²
1024 2563 1119 2606 suum
1139 2544 1172 2604 in
1188 2555 1420 2626 argumentum

271 2645 338 2708 veri
353 2655 461 2722 vocat,
475 2646 531 2727 qui
549 2645 581 2710 in
596 2645 714 2709 ultimo
730 2645 784 2709 illo
800 2647 905 2729 gradu
927 2649 1055 2730 positus
1076 2657 1255 2710 exeuntem
1271 2648 1420 2710 animum

272 2759 512 2832 percunctatur,
527 2771 587 2814 nec
607 2770 711 2831 usque
729 2752 772 2815 ad
789 2761 929 2815 mortem
945 2759 1086 2823 tantum,
1102 2750 1160 2813 sed
1175 2750 1301 2832 aliquid
1318 2752 1418 2815 etiam

273 2853 305 2915 in
322 2854 394 2936 ipsa
410 2864 518 2917 morte
532 2851 650 2917 discit.’

315 2953 401 3017 ‘Sed
421 2953 499 3016 nihil
520 2955 654 3036 prodest
678 2955 825 3036 privatae
847 2955 1000 3019 tristitiae
1020 2973 1135 3018 causas
1157 2952 1332 3036 abjecisse’
1357 2955 1419 3019 nisi
1433 2970 1497 3036 Cap.
1512 2983 1550 3034 15·

272 3057 422 3139 publicas
434 3060 613 3122 vincamus.
658 3058 831 3141 ‘Occupat
847 3059 935 3122 enim
954 3051 1043 3145 [nos]
1055 3079 1290 3142 nonnunquam
1306 3058 1419 3122 odium

270 3163 400 3246 generis
423 3161 569 3238 humani,
583 3173 618 3226 et
640 3165 780 3226 occurrit
802 3173 855 3226 tot
877 3163 1037 3228 scelerum
1058 3162 1202 3226 felicium
1225 3165 1341 3241 turba3
1362 3213 1369 3228 .
1387 3212 1420 3229 ..

272 3288 344 3331 rara
370 3267 586 3350 simplicitas.
604 3317 611 3331 .
629 3315 636 3328 .
654 3279 688 3331 et
712 3269 825 3350 ignota
848 3267 1097 3331 innocentia...
1120 3316 1127 3329 .
1152 3267 1190 3329 ln
1217 3267 1281 3331 hoc
1308 3267 1420 3350 itaque

270 3371 424 3436 flectendi
451 3392 575 3449 sumus,
598 3381 634 3434 ut
661 3373 774 3435 omnia
799 3372 890 3455 vulgi
915 3372 996 3435 vitia
1022 3392 1086 3435 non
1110 3371 1213 3436 invisa
1240 3372 1334 3437 nobis
1361 3376 1419 3438 sed

270 3476 409 3539 ridicula
438 3476 621 3552 videantur,
651 3486 685 3539 et
716 3477 946 3539 Democritum
977 3477 1088 3561 potius
1123 3479 1291 3541 imitemur
1319 3498 1420 3559 quam

275 3584 494 3647 Heraclitum.
557 3581 623 3644 Hic
653 3581 751 3659 enim,
779 3580 908 3662 quoties
939 3582 972 3644 in
1010 3581 1178 3663 publicum
1209 3593 1422 3666 processerat,

272 3689 384 3765 flebat,
411 3687 466 3749 ille
493 3686 630 3748 ridebat.
680 3685 769 3749 Huic
791 3686 903 3748 omnia
932 3706 1018 3767 quae
1047 3688 1176 3768 agimus
1200 3689 1358 3760 miseriae,
1375 3688 1420 3751 illi

272 3793 417 3876 ineptiae
426 3791 634 3854 videbantur.
647 3838 654 3852 .
671 3837 679 3852 .
697 3787 835 3871 ‚Adjice
847 3790 937 3871 quod
951 3791 993 3853 de
1006 3789 1151 3853 humano
1166 3810 1286 3873 genere
1303 3792 1420 3857 melius

271 3907 414 3960 meretur
438 3895 494 3977 qui
519 3895 602 3957 ridet
624 3894 716 3971 illud,
731 3913 831 3976 quam
858 3893 914 3976 qui
939 3894 1050 3976 luget;
1080 3894 1134 3957 ille
1159 3904 1192 3957 et
1215 3895 1286 3975 spei
1313 3896 1420 3960 borrae

269 4001 393 4082 aliquid
418 3999 591 4081 relinquit;
621 3998 675 4060 hic
696 4007 809 4061 autem
832 3999 935 4061 stulte
955 3997 1055 4062 deflet
1076 4017 1162 4079 quae
1183 3997 1300 4080 corrigi
1324 4021 1420 4082 posse

270 4107 434 4188 desperat.
490 4103 535 4165 Et
557 4102 709 4165 universa
731 4100 974 4184 contemplatus
1003 4101 1136 4183 majoris
1162 4102 1263 4166 animi
1290 4105 1419 4185 estqui

270 4211 371 4273 risum
388 4228 454 4271 norr
469 4217 561 4271 tenet
576 4225 677 4288 quam
698 4208 754 4287 qui
775 4204 935 4270 lacrimas.
951 4255 959 4272 .
975 4256 983 4270 .
1000 4256 1006 4270 .
1025 4205 1162 4290 Singula
1182 4219 1317 4288 propter
1334 4229 1420 4291 quae

270 4315 349 4379 laeti
371 4332 410 4376 ac
433 4312 543 4377 tristes
565 4331 678 4376 sumus
699 4311 763 4374 sibi
788 4312 930 4394 quisque
951 4321 1126 4395 proponat,
1148 4323 1182 4376 et
1204 4312 1284 4374 sciet
1306 4333 1419 4377 verum

269 4439 342 4483 esse
363 4419 453 4499 quod
479 4415 563 4480 Bion
578 4416 684 4492 dixit3
707 4417 819 4478 omnia
838 4415 1010 4480 hominum
1035 4417 1167 4498 negotia
1184 4416 1303 4480 similia
1319 4417 1420 4481 initiis

269 4541 350 4600 esse,
361 4542 420 4586 nec
436 4521 539 4585 vitam
556 4521 685 4585 illorum
703 4521 808 4605 magis
823 4531 972 4586 sanctam
992 4531 1049 4585 aut
1068 4539 1216 4584 severam
1231 4540 1419 4604 essequam

433 4666 734 4729 ¹exuerere,1>.e10.
1021 4665 1135 4721 ’latum
1148 4665 1255 4716 Seneca.
