3542 5359
361 593 423 674 246
576 593 732 653 OPERIS
756 591 945 661 MAJORIS
969 591 1084 650 PARS
1108 587 1307 649 SEPTIMA.

362 759 492 826 animae
507 756 686 823 aeternitas
695 778 781 841 quae
790 757 833 822 sit
845 754 1009 819 immobili
1019 755 1184 818 sententia
1200 764 1335 818 aeterno
1346 752 1511 835 supplicio

363 863 550 945 subjugata.
597 862 689 945 Ergo
719 882 761 925 ne
797 861 836 925 iis
874 860 1080 944 implicemur
1109 859 1289 922 verendum
1326 858 1514 921 timendum

363 967 616 1049 cavendumque
653 986 725 1030 esse
765 965 1003 1050 cognoscimus.
1063 962 1277 1027 incredibiles
1313 961 1401 1027 enim
1439 970 1516 1042 post

363 1071 484 1136 delicta
506 1081 666 1152 cogentur
689 1070 821 1134 credere
843 1090 910 1133 non
931 1068 1040 1132 verbis
1061 1067 1119 1131 sed
1143 1065 1315 1148 exemplis,
1330 1085 1395 1128 non
1419 1065 1516 1128 minis

364 1176 423 1240 sed
458 1175 530 1256 ipsa
559 1175 712 1256 passione
742 1194 935 1257 poenarum.
981 1172 1027 1235 Et
1063 1171 1204 1235 Ethicus
1234 1169 1459 1254 philosophus,
1482 1179 1516 1232 et

364 1278 542 1342 Alchimus
552 1277 574 1355 ¹,
598 1279 630 1342 in
655 1278 745 1342 libris
767 1277 835 1342 suis
861 1278 982 1342 docent
1004 1278 1095 1359 quod
1123 1275 1201 1338 mali
1228 1275 1356 1358 passuri
1383 1274 1516 1337 suntin

366 1382 493 1447 inferno
531 1403 607 1447 cum
645 1382 789 1459 diabolo,
823 1391 860 1446 ut
890 1379 1048 1446 cernanr²
1078 1380 1172 1462 impii
1202 1377 1517 1443 truculentissimum

364 1507 404 1550 ac
436 1487 648 1551 furibundum
679 1486 795 1550 mortis
831 1495 1000 1550 auctorem
1038 1505 1137 1568 quem
1175 1483 1279 1548 secuti
1317 1480 1448 1546 fuerunt
1485 1481 1519 1544 in

366 1591 531 1654 desideria
562 1589 667 1654 multa
690 1599 724 1654 et
747 1589 877 1654 inutilia
899 1598 933 1653 et
957 1589 1083 1653 nociva
1129 1587 1175 1651 Et
1195 1587 1276 1669 justi
1309 1585 1521 1649 merebuntur

367 1693 479 1759 videre
495 1694 677 1758 Dominum
695 1695 805 1758 Deum
821 1715 928 1771 suum,
943 1695 1029 1758 sicut
1045 1693 1236 1776 expositum
1251 1699 1302 1755 est
1317 1691 1475 1773 superius.

199 1817 319 1883 worship
413 1798 533 1863 Positis
569 1798 739 1882 principiis
777 1808 928 1882 respectu
966 1796 1247 1879 subsequentium,
1273 1794 1424 1878 quamvis
1454 1793 1519 1857 sint

198 1883 334 2016 {hiddila
368 1902 594 1968 conclusiones
611 1912 761 1984 respectu
781 1922 913 1966 suarum
935 1901 1195 1965 declarationum
1217 1908 1470 1980 praetactarum‚
1486 1910 1520 1962 et

200 2015 251 2065 laid
263 2015 338 2091 down
367 2007 561 2090 hujusmodi
583 2006 732 2084 aliarum,
763 2026 851 2070 nunc
881 2005 1108 2070 accedendum
1138 2017 1189 2069 est
1219 2005 1262 2069 ad
1293 2002 1383 2084 leges
1413 2001 1521 2066 cultus

200 2083 338 2196 Egnffind
368 2112 479 2186 divini,
507 2111 598 2195 prius
628 2130 729 2193 quam
756 2110 800 2173 ad
829 2109 896 2173 alia
924 2109 998 2191 jura
1021 2109 1107 2173 inter
1136 2107 1287 2172 homines
1310 2106 1444 2190 publica
1469 2105 1522 2170 vel

200 2213 291 2262 others.
369 2217 508 2298 privata.
555 2213 602 2277 Et
625 2223 718 2296 patet
744 2214 835 2297 quod
866 2224 1003 2296 propter
1032 2213 1251 2277 reverentiam
1283 2212 1347 2275 Dei
1377 2210 1522 2274 infinitus

370 2319 512 2384 debetur
541 2319 572 2382 ei
603 2317 710 2381 cultus
732 2318 874 2394 debitus,
896 2328 929 2382 et
960 2330 1096 2402 propter
1118 2315 1315 2382 beneficium
1339 2315 1521 2392 creationis,

370 2425 461 2507 quod
492 2432 543 2487 est
579 2421 748 2504 potentiae
772 2419 920 2485 infinitae
949 2421 1120 2501 effectus³,
1143 2432 1177 2485 et
1214 2430 1350 2504 propter
1380 2419 1522 2484 futuram

372 2527 574 2591 felicitatem.
621 2526 761 2608 Propter
789 2526 934 2608 primum
967 2527 1046 2591 dicit
1075 2525 1249 2589 Avicenna
1280 2525 1313 2588 in
1341 2523 1523 2587 llloralibus

374 2631 557 2696 Radicibus
577 2631 668 2714 quod
685 2631 727 2693 de
739 2629 813 2712 jure
833 2630 905 2713 ejus
920 2639 971 2693 est
988 2640 1024 2694 ut
1040 2631 1216 2694 obediatur
1230 2628 1302 2710 ejus
1318 2628 1523 2711 praeceptis;

372 2745 507 2820 propter
529 2736 710 2800 secundum
733 2755 811 2798 vero
833 2735 924 2812 dicit,
939 2735 1030 2816 quod
1051 2745 1185 2818 oportet
1209 2742 1245 2796 ut
1265 2733 1337 2816 ejus
1358 2731 1524 2796 mandatis

372 2841 549 2906 obediatur
578 2839 672 2922 cujus
702 2849 751 2902 est
782 2849 940 2904 creatura.
986 2839 1125 2922 Propter
1154 2838 1291 2902 tertium
1322 2837 1404 2901 dicit
1434 2835 1525 2919 quod

372 2945 606 3009 obedientibus
628 2943 691 3008 sibi
715 2943 904 3026 preparavit
927 2943 1179 3024 promissionem
1204 2940 1331 3006 felicem
1357 2950 1391 3005 et
1414 2940 1525 3005 inobe-

373 3047 540 3113 dientibus
558 3048 811 3132 promissionem
834 3046 1025 3111 terribilem.
1072 3047 1117 3111 Et
1136 3055 1272 3129 propter
1293 3045 1526 3128 purgationem

364 3152 511 3240 ¹humani
527 3151 656 3236 generis
674 3171 694 3213 a
716 3151 859 3233 peccatis
880 3171 940 3234 per
956 3151 1077 3214 Filium
1096 3150 1168 3224 Dei,
1184 3151 1228 3214 de
1243 3170 1309 3233 qua
1326 3148 1527 3232 Porphyrius

374 3256 502 3320 locutus
517 3266 577 3331 est,
595 3256 735 3319 debetur
753 3256 782 3318 ei
806 3255 935 3333 cultus3
959 3256 1037 3338 quia
1053 3254 1128 3338 plus
1144 3264 1194 3318 est
1209 3254 1274 3318 hoc
1289 3274 1390 3336 quarn
1406 3273 1527 3317 creare.

376 3359 422 3425 Et
431 3368 567 3444 propter
577 3359 805 3440 acceptionem
818 3358 1034 3423 humanitatis
1049 3369 1182 3423 nostrae
1192 3359 1225 3422 in
1242 3359 1370 3423 unitate
1383 3359 1528 3421 Divinae

374 3483 534 3546 personae
555 3463 599 3526 de
620 3482 687 3545 qua
703 3461 920 3541 Albumazar‚
941 3463 1036 3526 Plato
1066 3473 1101 3528 et
1131 3463 1272 3527 Ethicus
1293 3462 1396 3527 locuti
1427 3471 1528 3536 sunt3

374 3588 451 3631 nam
468 3566 532 3630 hoe
548 3567 649 3630 debet
664 3586 735 3630 esse
749 3567 909 3650 gaudium
927 3566 1109 3631 infinitum:
1131 3578 1233 3650 atque
1254 3575 1390 3650 propter
1405 3565 1530 3629 fixuras

375 3671 553 3750 clavorum,
582 3681 616 3736 et
653 3672 841 3754 passionem
877 3681 911 3735 et
947 3671 1210 3756 redemptionem
1246 3691 1327 3755 quas
1366 3670 1462 3734 Plato
1495 3679 1530 3733 et

377 3775 520 3840 Ethicus
536 3775 757 3839 firmaverunt.
797 3777 921 3841 Etnon
930 3776 1037 3840 solum
1049 3775 1190 3852 hoc,sed
1203 3783 1313 3838 totum
1328 3775 1420 3857 quod
1435 3794 1531 3857 prae-

376 3881 504 3944 dictum
528 3890 579 3944 est
602 3880 729 3945 excitat
751 3881 905 3946 homines
920 3882 963 3945 ad
979 3879 1104 3944 cultum
1120 3879 1268 3943 divinum
1282 3903 1290 3955 ;
1312 3888 1347 3943 et
1361 3879 1531 3944 concludit

376 3985 465 4050 hunc
482 3983 552 4048 lieri
573 3985 703 4050 debere.

330 4209 334 4218 ,
410 4155 553 4219 ¹Wuttlre,
574 4157 600 4204 in
621 4173 672 4205 one
692 4157 723 4206 ol
737 4159 782 4207 tbe
804 4157 893 4206 works
914 4173 948 4206 on
970 4157 1077 4206 Ethicus
1095 4155 1210 4205 referred
1230 4163 1258 4203 to
1276 4170 1302 4218 p.
1321 4170 1378 4216 231,
1401 4155 1533 4203 identifies

376 4235 510 4284 Alchimus
520 4235 585 4284 with
597 4234 712 4284 Alcimus
721 4235 821 4296 Avitus,
830 4235 930 4299 Bisbop
942 4236 972 4284 of
979 4235 1159 4296 Vienne,who
1170 4240 1254 4284 wrote
1265 4250 1281 4282 a
1292 4248 1369 4296 poem
1380 4233 1419 4282 De
1430 4232 1535 4296 On'gine

377 4312 478 4373 Mundi,
491 4318 541 4372 etc„
553 4314 638 4364 which
656 4330 711 4364 was
728 4315 832 4377 printed
848 4323 876 4366 at
893 4315 970 4365 noste
987 4316 1015 4364 in
1035 4328 1105 4376 ¹54⁵
1141 4314 1257 4363 Alcimus
1272 4313 1333 4362 died
1350 4328 1423 4361 more
1438 4313 1500 4360 than
1517 4328 1534 4360 a

377 4391 495 4442 hundred
507 4407 584 4456 years
595 4392 663 4444 after
671 4393 786 4454 Jerome,
798 4395 850 4444 and
862 4394 931 4443 heis
947 4394 1025 4443 twice
1037 4393 1186 4443 mentioned
1197 4393 1225 4441 in
1237 4392 1283 4440 the
1298 4391 1495 4454 cosmographia
1506 4391 1538 4440 of

378 4470 494 4520 Ethicus.
528 4471 584 4519 The
602 4473 763 4535 personality
779 4473 810 4522 of
823 4471 930 4522 Ethicus
947 4475 970 4523 is
987 4474 1111 4536 wrapped
1128 4474 1155 4522 in
1172 4479 1242 4520 utter
1258 4471 1397 4532 obscurity,
1407 4470 1498 4520 where
1513 4470 1535 4520 it

378 4563 437 4610 may
448 4548 510 4598 well
521 4549 553 4597 be
565 4549 619 4599 lest.

411 4625 421 4655 ¹
437 4635 553 4688 cernant,
567 4627 616 4690 0.;
633 4637 766 4693 quaerant,
779 4629 813 4684 lt.
1119 4631 1129 4659 ⁸
1146 4629 1262 4690 effeetus,
1274 4644 1325 4678 om.
1339 4628 1372 4676 0.
1383 4636 1411 4676 et
1422 4628 1455 4677 D.
