3542 5359
419 629 614 688 MORALIS
641 630 936 690 PHILoSOPHIA
949 653 959 688 :
984 631 1099 690 PARS
1127 632 1293 691 TERTIA.
1369 631 1429 710 283

277 784 499 857 nobilitatem
518 794 714 859 clementiae
741 806 777 859 ut
804 795 987 879 principale
1016 797 1224 879 propositum
1255 797 1429 874 elucescat,
1442 813 1480 877 (α)
1499 816 1585 877 Anger

275 896 400 961 scilicet
421 897 546 962 insania
565 900 762 975 iracundiae,
777 920 864 982 quae
885 900 971 964 hanc
990 901 1147 964 virtutem
1166 900 1344 983 gloriosam
1370 901 1426 965 de·
1441 881 1537 1011 ffle

276 1001 383 1080 struit,
398 1013 433 1067 et
452 1003 485 1066 in
507 1004 736 1069 crudelitatem
755 1006 927 1068 convertit.
974 1003 1072 1069 Nunc
1087 1005 1166 1069 volo
1183 1003 1302 1069 inferre
1316 1006 1428 1089 aliqua
1441 1012 1504 1090 will}
1515 1028 1585 1090 uffae·

276 1107 376 1169 verba
401 1109 443 1170 de
466 1108 540 1171 aliis
562 1109 739 1172 virtutibus
761 1129 836 1172 cum
863 1107 1040 1173 clementia
1064 1110 1213 1190 superius
1237 1112 1427 1187 numeratis,
1441 1087 1568 1141 nmmuy.

275 1231 360 1292 quas
380 1231 497 1274 omnes
519 1212 614 1275 elidit
637 1214 806 1277 iracundia
833 1211 965 1276 furiosa.
1012 1214 1058 1278 Et
1085 1214 1141 1277 illa
1165 1234 1252 1296 quae
1280 1215 1427 1278 maxime

275 1324 326 1378 est
340 1336 472 1379 annexa
487 1317 685 1381 clementiae
703 1328 753 1381 est
774 1318 1041 1402 magnanimitas,
1058 1337 1156 1400 quae,
1171 1328 1208 1381 ut
1224 1317 1427 1382 Aristoteles

275 1419 374 1482 docet
393 1430 513 1501 quarto
533 1422 740 1501 Ethicorum‚
755 1432 806 1486 est
827 1431 964 1486 omatus
986 1423 1135 1486 omnium
1156 1424 1326 1486 virtutum.
1373 1423 1427 1486 De

275 1522 367 1604 cujus
384 1525 587 1609 proprietate
601 1538 651 1591 est
667 1537 704 1590 ut
723 1525 850 1589 habens
870 1547 944 1590 eam
965 1525 1156 1608 injuriarum
1176 1527 1220 1591 sit
1241 1527 1427 1604 immemor,

274 1639 309 1691 et
325 1628 471 1713 negligat
486 1650 551 1706 eas,
565 1630 650 1694 sicut
671 1630 823 1712 superius
842 1639 893 1694 est
909 1641 1116 1709 annotatum,
1132 1640 1166 1694 et
1183 1652 1249 1695 non
1271 1631 1428 1712 dignetur

276 1731 371 1796 irasci
402 1753 463 1796 nec
495 1744 625 1816 reputet
655 1734 798 1818 aliquem
830 1755 889 1799 sua
920 1735 1091 1798 iracundia
1124 1736 1272 1818 dignum.
1327 1735 1427 1800 Unde
1490 1757 1494 1762 ’

277 1835 405 1901 Seneca
426 1837 507 1900 dicit
522 1837 607 1901 libro
625 1838 771 1902 secundo
786 1838 829 1902 de
845 1839 907 1913 lra,
930 1838 1088 1922 ‘Magni¹
1104 1840 1206 1902 animi
1221 1849 1273 1904 est
1291 1839 1427 1922 injurias

276 1939 466 2024 despicere;
496 1941 632 2006 ultionis
658 1942 1027 2006 contumeliosissimum
1055 1963 1159 2025 genus
1184 1953 1235 2008 est
1261 1964 1327 2007 non
1354 1964 1427 2008 esse

275 2044 382 2107 visum
398 2045 535 2128 dignum
552 2066 596 2108 ex
612 2067 679 2128 quo
692 2057 860 2128 peteretur
874 2046 978 2111 ultio?
1017 2047 1061 2110 Et
1078 2047 1110 2110 in
1127 2046 1211 2111 libro
1227 2049 1270 2111 de
1284 2057 1428 2129 quatuor

275 2147 497 2213 cardinalibus
511 2151 689 2213 virtutibus
704 2150 785 2215 dicit
802 2149 947 2226 Seneca3
974 2149 1031 2214 ‘Si
1048 2150 1280 2243 magnanimus
1296 2147 1425 2226 sueris²,

276 2272 445 2334 nunquam
458 2254 623 2336 judicabis
638 2254 701 2318 tibi
724 2255 791 2318 lieri
810 2255 1056 2319 contumeliam.
1103 2255 1156 2318 De
1176 2255 1311 2319 inimico
1326 2255 1426 2333 dices,

276 2355 354 2420 Non
370 2359 481 2422 nocuit
502 2359 595 2436 mihi,
609 2360 667 2423 sed
689 2361 836 2423 animum
856 2360 996 2424 nocendi
1014 2358 1152 2422 habuit:
1179 2370 1213 2424 et
1233 2379 1309 2422 cum
1332 2358 1425 2424 illum

276 2459 308 2522 in
325 2473 490 2544 potestate
511 2473 567 2526 tua
587 2463 718 2540 videris,
732 2463 914 2527 vindictam
933 2463 1067 2548 putabis
1087 2463 1253 2528 vindicare
1268 2464 1426 2546 potuisse.

276 2563 369 2628 Scias
398 2568 487 2629 enim
518 2567 787 2631 honestissimum
818 2577 852 2631 et
886 2567 993 2650 majus
1021 2588 1127 2651 genus
1156 2569 1325 2633 vindictae
1353 2589 1428 2631 esse

276 2667 467 2752 ignoscere.’
530 2669 576 2735 Et
606 2673 639 2735 in
676 2671 762 2735 libro
799 2674 947 2737 secundo
984 2673 1027 2736 de
1065 2672 1118 2737 lra
1155 2673 1245 2750 dicit,
1285 2671 1424 2737 ‘Pusilli

275 2773 443 2838 hominis³
467 2786 517 2839 est
542 2786 577 2840 et
604 2776 715 2839 miseri
738 2786 887 2858 repetere
909 2777 1128 2839 mordentem.
1174 2777 1289 2841 Mures
1311 2776 1423 2839 lormi-

275 2897 407 2960 caeque,
431 2879 458 2942 si
481 2900 615 2944 manum
645 2881 842 2957 admoveris,
864 2900 924 2944 ora
948 2889 1163 2956 convertunt;
1188 2879 1364 2944 imbecillia
1390 2902 1426 2945 se

275 2981 362 3046 laedi
385 2994 513 3066 putant,
532 2984 561 3049 si
585 2983 784 3068 tanguntur?
829 2983 1020 3048 Secundum
1041 2985 1131 3066 quod
1151 2985 1183 3046 in
1205 2985 1315 3066 primo
1341 2982 1426 3048 libro

275 3088 365 3161 dicit,
388 3087 679 3153 ‘Iracundissimi⁴
701 3099 780 3152 sunt
803 3087 953 3166 infantes,
969 3107 1131 3170 senesque
1146 3097 1180 3152 et
1196 3088 1304 3171 aegri:
1328 3098 1362 3152 et
1377 3089 1425 3151 in-

275 3191 422 3255 validum
440 3213 539 3256 omne
558 3204 676 3257 natura
696 3194 872 3277 querulum
893 3192 961 3257 est!
1009 3192 1054 3256 Et
1071 3194 1104 3256 in
1120 3193 1218 3256 tertio
1235 3191 1320 3256 libro
1334 3192 1425 3266 dicit,

275 3295 570 3378 ‘Nunquam⁵sine
581 3297 716 3380 querela
726 3297 816 3380 aegn'
826 3306 1013 3381 tanguntur.
1041 3297 1094 3361 Ira
1105 3296 1226 3382 pusilla
1238 3304 1272 3360 et
1283 3306 1425 3382 angusta

274 3409 332 3464 est·
380 3401 490 3464 Nemo
505 3403 591 3465 enim
607 3421 675 3466 non
692 3423 733 3466 eo
747 3422 851 3484 aquo
865 3423 902 3466 se
920 3411 1151 3490 contemptum
1164 3400 1303 3484 judicat,
1318 3402 1426 3465 minor

274 3515 335 3569 est.
367 3504 419 3568 At
435 3505 489 3568 ille
503 3508 619 3590 ingens
633 3507 765 3570 animus
779 3517 813 3570 et
826 3513 905 3571 ‘vere
920 3507 1114 3572 aestimator
1128 3507 1178 3569 sui
1195 3526 1260 3569 non
1278 3507 1425 3572 vindicat

274 3609 426 3689 injuriam
451 3609 528 3690 quia
552 3630 619 3672 non
643 3611 752 3674 sentit.
798 3610 849 3675 Ut
871 3611 939 3674 tela
963 3632 983 3675 a
1007 3612 1090 3675 duro
1112 3609 1270 3688 resiliunt,
1292 3620 1424 3675 etcum

275 3712 390 3776 dolore
402 3714 570 3776 caedentis
585 3713 693 3777 solida
704 3714 872 3791 feriuntur,
883 3717 929 3778 ita
941 3714 1031 3778 nulla
1044 3734 1202 3796 magnum
1214 3714 1363 3777 animum
1373 3715 1423 3776 in-

271 3815 358 3896 juria
372 3816 416 3878 ad
432 3838 565 3880 sensum
580 3819 630 3881 sui
646 3818 793 3896 adducit,
808 3817 957 3901 fragilior
973 3839 1013 3882 eo
1027 3839 1127 3900 quem
1147 3819 1240 3902 petit.
1285 3817 1423 3900 Quanto

274 3919 419 4004 pulcrius
444 3921 535 3985 velut
558 3922 641 3985 nulli
667 3922 907 4004 penetrabilem
938 3922 1006 3986 telo
1032 3942 1148 3986 omnes
1179 3921 1315 4002 injurias
1345 3941 1423 3984 con-

273 4025 495 4107 tumeliasque
510 4026 682 4109 respuerel
729 4025 825 4091 Ultio
842 4027 931 4089 enim
948 4026 1070 4090 doloris
1086 4025 1247 4088 confessio
1266 4034 1336 4099 est;
1359 4045 1424 4088 non

274 4142 326 4193 ert
353 4149 494 4213 magnus
520 4131 659 4207 animus,
684 4149 785 4211 quem
812 4129 963 4194 incurvat
986 4129 1112 4212 injuria.
1158 4128 1230 4192 Aut
1257 4128 1424 4210 potentior

272 4244 316 4312 te,
326 4243 385 4297 aut
401 4233 597 4298 imbecillior
610 4234 726 4300 laesit:
746 4235 775 4299 si
792 4234 997 4311 imbecillior,
1009 4253 1107 4317 parce
1122 4232 1186 4312 illi;
1204 4233 1231 4296 si
1248 4235 1423 4316 potentior,

273 4339 345 4401 tibi.
389 4337 529 4401 Nullum
555 4349 607 4402 est
636 4349 869 4422 argumentum
902 4336 1139 4421 magnitudinis
1168 4336 1290 4402 certius
1320 4356 1423 4419 quam

306 4523 314 4551 ι
451 4523 468 4534 ..

306 4599 316 4628 ¹
332 4521 547 4649 bqrbrlnnllrilbaotk
558 4602 698 4652 otherwise
711 4603 793 4652 called
803 4602 964 4666 Desomula
975 4601 1089 4651 honestae
1097 4601 1166 4650 miae.

304 4679 315 4709 ⁸
331 4679 372 4729 De
382 4679 439 4739 Ira,
451 4679 477 4728 ii.
487 4694 528 4742 34.
742 4681 752 4711 ¹
768 4682 799 4731 it.
811 4683 827 4730 i.
843 4697 881 4744 13.
1178 4678 1189 4708 ⁸
1205 4677 1236 4728 rb.
1248 4678 1282 4728 iii.
1294 4693 1318 4740 5,
1331 4679 1354 4728 6.
