3542 5359
358 580 419 642 208
601 583 757 643 OPERIS
780 583 969 653 MAJORIS
993 583 1109 643 PARS
1133 583 1282 643 SEXTA.

358 741 527 824 regiminis
544 741 694 806 sanitatis
713 743 944 821 attendentes3
967 752 1001 806 et
1028 741 1091 805 hoc
1115 763 1180 805 uon
1203 752 1240 806 ut
1262 752 1397 824 oportet
1420 741 1510 805 suffi-

358 846 481 911 cienter
502 847 545 910 de
567 846 701 910 senibus
725 855 759 909 et
780 847 974 920 senioribus,
999 842 1066 933 [ut]
1091 846 1230 928 estjam
1255 847 1391 910 dictum.
1441 845 1509 910 Sed

358 951 524 1034 sapientes
539 951 645 1013 dediti
660 950 913 1032 experimentali
929 951 1087 1014 scientiae
1102 951 1145 1014 de
1161 950 1212 1014 his
1227 951 1510 1034 excogitaverunt,

358 1074 424 1128 non
440 1055 547 1119 solum
568 1054 650 1118 moti
669 1064 803 1137 propter
819 1054 1007 1133 utilitatem,
1022 1055 1080 1118 sed
1096 1055 1233 1118 excitati
1257 1075 1315 1137 per
1336 1054 1509 1118 brutorum

357 1156 548 1224 animalium
565 1157 768 1231 industriam,
784 1179 871 1241 quae
886 1158 1001 1223 multis
1022 1158 1130 1222 modis
1152 1158 1289 1222 obviant
1307 1155 1509 1221 festinationi

268 1323 272 1331 .
357 1263 529 1341 moriendi,
545 1273 581 1327 ut
604 1284 718 1327 cervus
740 1274 773 1328 et
792 1262 904 1345 aquila
926 1273 961 1327 et
983 1283 1128 1345 serpens,
1143 1273 1176 1326 et
1199 1263 1305 1326 multa
1326 1262 1394 1326 alia
1415 1281 1509 1326 suam

356 1367 459 1431 vitam
484 1367 713 1449 prolongantia
735 1387 794 1449 per
816 1367 1013 1430 industriam
1036 1365 1229 1442 naturalem,
1253 1367 1337 1429 sicut
1359 1376 1510 1430 auctores

356 1470 503 1535 scribunt
533 1481 568 1536 et
597 1471 800 1554 experientia
829 1470 951 1535 docuit.
1007 1469 1159 1553 Quorum
1184 1469 1346 1554 exemplis
1373 1470 1509 1534 excitati
1625 1492 1628 1495 ·

356 1574 575 1650 crediderunt,
590 1575 680 1656 quod
701 1575 793 1637 Deus
817 1574 888 1658 ipse
909 1573 1013 1637 brutis
1035 1574 1098 1637 hoc
1121 1573 1284 1638 concessit
1306 1573 1350 1636 ad
1372 1574 1510 1636 instruc·

356 1678 483 1741 tionem
506 1677 648 1741 hominis
670 1678 828 1743 mortalis.
875 1678 922 1742 Et
947 1679 1023 1742 ideo
1045 1677 1190 1742 insidiati
1213 1686 1291 1741 sunt
1311 1676 1508 1741 animalibus

358 1781 463 1846 brutis
489 1791 527 1846 ut
550 1783 669 1847 scirent
694 1783 779 1846 vires
803 1781 979 1845 herbarum
1007 1793 1041 1846 et
1065 1781 1213 1863 lapidum
1239 1790 1274 1845 et
1301 1780 1509 1845 metallorum

356 1898 391 1951 et
418 1887 556 1951 aliarum
580 1891 698 1968 rerum,
723 1888 844 1971 quibus
868 1909 927 1952 sua
961 1906 1101 1968 corpora
1136 1885 1364 1951 rectificabant
1398 1886 1509 1950 multis

357 1991 463 2055 modis
493 2001 652 2073 tanquam
685 1991 899 2064 miraculosis,
930 1992 1015 2055 sicut
1047 2011 1091 2054 ex
1129 1989 1222 2054 libris
1254 1989 1361 2064 Plinii,
1392 1989 1509 2067 Solini,

356 2093 548 2160 Avicennae
574 2095 617 2159 de
643 2095 863 2171 Animalibus,
886 2106 920 2161 et
950 2093 1051 2158 Tullii
1082 2096 1125 2158 de
1156 2094 1286 2159 Natura
1309 2095 1441 2169 Divina,
1465 2116 1509 2157 ex

356 2199 566 2282 philosophia
589 2199 753 2284 Artephii,
777 2210 811 2265 et
833 2198 923 2263 libris
946 2200 1019 2263 aliis
1042 2209 1076 2262 et
1099 2197 1286 2264 auctoribus
1307 2199 1415 2279 variis,
1438 2219 1507 2262 cer-

356 2304 483 2366 tissime
501 2303 676 2386 colligitur,
691 2313 725 2367 et
741 2305 870 2386 experti
889 2313 965 2367 sunt
982 2303 1088 2366 multi.
1135 2303 1223 2366 Nam
1243 2303 1387 2368 Parisius
1405 2323 1509 2386 nuper

357 2406 419 2471 luit
434 2427 519 2472 unus
534 2409 674 2492 sapiens,
689 2409 746 2490 qui
768 2418 937 2490 serpentes
955 2407 1117 2490 quaesivit
1139 2417 1173 2471 et
1196 2427 1299 2471 unum
1322 2408 1452 2489 accepit
1475 2416 1509 2470 et

356 2510 454 2574 scidit
469 2531 545 2575 eum
562 2512 595 2574 in
612 2533 712 2595 parva
727 2511 839 2592 frusta,
855 2511 918 2575 nisi
933 2512 1023 2594 quod
1040 2511 1134 2595 pellis
1148 2512 1279 2590 ventris,
1293 2531 1508 2594 superquam

357 2613 510 2698 reperet¹‚
521 2617 676 2680 remansit
692 2617 828 2698 integra,
840 2625 874 2680 et
890 2616 951 2679 iste
967 2636 1102 2697 serpens
1117 2616 1253 2698 repebat
1270 2626 1306 2680 ut
1322 2626 1453 2697 poterat
1464 2617 1507 2680 ad

356 2718 493 2783 herbam
516 2720 695 2802 quandam,
711 2720 803 2802 cujus
826 2729 918 2784 tactu
940 2720 1054 2784 statim
1077 2720 1263 2784 sanabatur.
1309 2720 1355 2784 Et
1378 2721 1507 2802 experi-

356 2833 523 2890 mentator
547 2825 681 2909 collegit
707 2824 844 2888 herbam
872 2823 1088 2888 admirandae
1112 2823 1298 2888 viriditatis.
1353 2824 1400 2889 Et
1430 2823 1508 2906 quia

354 2936 465 3010 potest
498 2928 644 2993 humana
679 2931 762 2994 ratio
792 2949 892 3013 supra
922 2949 1055 2992 omnem
1085 2928 1295 3011 prudentiam
1326 2928 1507 3005 bestialem,

354 3031 430 3096 ideo
453 3033 498 3095 sic
521 3033 658 3098 excitati
682 3054 741 3116 per
763 3031 921 3115 exempla
946 3035 1118 3097 brutorum
1141 3033 1415 3116 excogitaverunt
1438 3032 1507 3097 vias

355 3135 508 3199 meliores
531 3147 565 3199 et
588 3137 740 3218 majores.
1327 3111 1336 3135 ⁸

400 3237 445 3303 Et
461 3239 635 3322 praecipue
650 3239 731 3305 haec
746 3240 907 3323 sapientia
922 3242 1047 3305 mundo
1066 3260 1221 3305 concessa
1236 3249 1286 3305 est
1301 3260 1361 3322 per
1375 3241 1506 3323 primos,

354 3341 478 3407 scilicet
500 3365 558 3426 per
574 3344 686 3409 Adam
710 3354 744 3408 et
766 3343 851 3408 filios
873 3345 953 3427 ejus,
975 3345 1031 3427 qui
1053 3355 1247 3430 receperunt
1270 3345 1314 3407 ab
1336 3345 1409 3427 ipso
1432 3345 1506 3408 Deo

354 3447 529 3530 specialem
559 3448 779 3533 cognitionem
811 3450 842 3512 in
869 3450 932 3515 hac
960 3460 1066 3532 parte,
1090 3461 1253 3532 quatenus
1277 3449 1382 3512 vitam
1412 3470 1505 3513 suam

354 3551 484 3633 longius
506 3555 751 3634 protenderent.
798 3553 851 3618 Sic
874 3555 1053 3618 videndum
1079 3563 1130 3617 est
1156 3574 1215 3636 per
1233 3552 1447 3618 Aristotelem
1471 3553 1506 3616 in

355 3656 438 3720 libro
463 3656 684 3735 Secretorum,
705 3659 760 3721 ubi
785 3659 864 3722 dicit
886 3659 977 3742 quod
1004 3658 1097 3721 Deus
1119 3655 1270 3722 excelsus
1286 3667 1320 3721 et
1343 3656 1506 3740 gloriosus

354 3761 516 3825 ordinavit
542 3763 679 3824 modum
707 3771 742 3827 et
768 3763 949 3826 remedium
977 3763 1020 3827 ad
1050 3762 1304 3844 temperantiam
1331 3761 1505 3825 humorum

354 3874 388 3929 et
413 3865 695 3930 conservationem
722 3866 881 3941 sanitatis,
906 3877 940 3931 et
966 3867 1009 3930 ad
1037 3865 1131 3949 plura
1157 3866 1361 3949 adquirenda
1384 3865 1505 3929 scilicet

354 3968 396 4033 ad
417 3969 620 4034 obviandum
640 3971 850 4051 passionibus
869 3969 1049 4034 senectutis
1068 3979 1102 4034 et
1122 3971 1165 4034 ad
1186 3971 1420 4034 retardandum
1441 3991 1505 4048 eas,

352 4082 387 4137 et
403 4073 621 4158 mitigandum
639 4073 849 4156 hujusmodi3
870 4085 904 4139 et
920 4074 1076 4138 revelavit
1091 4095 1131 4138 ea
1148 4075 1270 4139 sanctis
1285 4083 1320 4138 et
1334 4074 1505 4157 prophetis

353 4177 429 4252 suis,
451 4187 483 4241 et
506 4179 704 4260 quibusdam
728 4177 809 4255 aliis,
830 4179 915 4244 sicut
938 4178 1144 4262 patriarchis,
1161 4199 1245 4260 quos
1268 4178 1448 4261 praeelegit
1470 4188 1505 4242 et

354 4279 526 4346 illustravit
541 4282 659 4366 spiritu
674 4283 807 4348 divinae
825 4283 1015 4367 sapientiae,
1031 4281 1090 4347 &c
1137 4283 1182 4346 Et
1199 4280 1284 4345 inira
1298 4279 1398 4346 dicit²
1412 4281 1505 4365 quod

353 4396 402 4448 est
436 4387 608 4465 medicina,
637 4407 723 4469 quae
753 4397 889 4451 vocatur
918 4385 1022 4468 gloria
1055 4386 1231 4450 ineffabilis
1264 4395 1298 4450 et
1332 4385 1505 4449 thesaurus

352 4487 635 4572 philosophorum,
659 4512 743 4574 quae
766 4500 875 4556 totum
907 4510 1027 4572 corpus
1058 4490 1241 4554 humanum
1272 4489 1431 4555 rectificat
1461 4490 1504 4553 ad

483 4625 491 4654 ¹
507 4625 533 4685 J.
547 4627 623 4688 repit.
1116 4625 1126 4655 ¹
1141 4626 1168 4688 J.
1179 4626 1228 4677 has
1239 4626 1340 4676 inludit.
