3542 5359
382 630 577 689 MORALIS
602 625 919 686 PHILOSOPHIA:
946 623 1060 682 PARS
1089 619 1252 682 TERTIA.
1335 635 1395 698 353

245 795 440 878 Numquam
470 795 558 859 enim
589 814 694 876 usque
723 811 764 855 eo
793 789 971 854 interclusa
1000 798 1077 852 sunt
1106 787 1219 852 omnia
1248 795 1285 850 ut
1315 781 1396 848 nulli

244 901 365 964 actioni
388 899 482 963 locus
503 899 663 962 honestae
681 898 734 962 sit.

288 1003 480 1085 ‘Numquid
503 1012 599 1084 potes
623 1002 767 1066 invenire
789 1001 906 1065 urbem
934 1000 1134 1063 miseriorem
1159 1017 1260 1080 quam
1290 995 1473 1072 Athe-cap.
1484 1023 1507 1071 5·

245 1108 408 1171 niensium
428 1107 499 1186 luit,
521 1127 597 1173 cum
619 1106 710 1169 illam
732 1106 868 1191 triginta
891 1107 1023 1189 tyranni
1046 1105 1262 1170 divellerent?
1302 1100 1396 1164 Mille

245 1225 409 1278 trecentos
424 1215 520 1288 cives,
535 1215 701 1296 optimum
721 1235 888 1297 quemque
907 1214 1104 1294 occiderant,
1120 1233 1180 1278 nec
1201 1211 1300 1276 finem
1321 1210 1395 1274 ideo

245 1318 420 1391 faciebant,
438 1319 496 1381 sed
513 1319 664 1382 irritabat
682 1338 719 1381 se
738 1318 810 1400 ipsa
824 1320 972 1384 saevitia.
989 1371 995 1384 .
1014 1369 1020 1384 .
1036 1368 1043 1382 .
1062 1319 1214 1385 Socrates
1230 1329 1343 1383 tamen
1362 1315 1395 1376 in

247 1423 358 1485 medio
380 1433 459 1499 erat,
482 1433 516 1485 et
543 1422 695 1504 lugentes
719 1430 831 1504 patres
856 1423 1100 1496 consolabatur,
1123 1433 1157 1488 et
1183 1425 1396 1505 desperantes

246 1528 288 1591 de
303 1525 472 1609 republica
486 1527 737 1599 exhortabatur,
753 1536 788 1591 et
805 1528 964 1592 divitibus
984 1549 1065 1610 opes
1080 1549 1156 1592 suas
1172 1526 1397 1592 metuentibus

247 1631 520 1713 exprobrabat..
539 1679 546 1693 .
562 1640 596 1695 et
616 1631 738 1695 imitari
753 1632 944 1697 volentibus
967 1653 1125 1716 magnum
1148 1630 1397 1698 circumferebat

247 1736 419 1817 exemplar
435 1756 511 1800 cum
533 1736 617 1800 iuter
638 1737 774 1818 triginta
792 1747 951 1818 tyrannos
977 1737 1059 1800 liber
1075 1737 1249 1801 incederet.
1297 1736 1397 1798 Hunc

248 1851 362 1904 tamen
376 1839 532 1905 Athenae
553 1840 645 1923 ipsae
665 1842 699 1905 in
719 1862 848 1906 carcere
867 1843 1068 1918 occiderunt,
1083 1851 1117 1906 et
1133 1842 1191 1923 qui
1207 1852 1283 1905 tuto
1299 1838 1398 1904 insul-

247 1954 376 2009 taverat
404 1945 528 2028 agmini
559 1956 774 2027 tyrannorum
805 1948 884 2012 civis
911 1947 1001 2025 liber,
1030 1957 1144 2012 tamen
1169 1947 1241 2029 ipsa
1265 1945 1400 2009 libertas

248 2068 315 2111 non
329 2047 408 2114 tulit
418 2047 451 2112 ¹.’

292 2153 475 2236 ‘Inspicere
497 2165 609 2219 autem
633 2156 794 2221 debemus
818 2157 961 2242 primum
984 2169 1115 2222 nosmet
1138 2155 1247 2240 ipsos3
1278 2154 1397 2218 deinde
1410 2159 1510 2224 Cap-6·

248 2279 289 2322 ea
310 2279 396 2341 quae
418 2259 630 2342 aggredimur
652 2262 807 2343 negotia;
835 2263 958 2328 deinde
979 2283 1037 2326 eos
1056 2281 1198 2344 quorum
1220 2281 1320 2322 causa
1340 2267 1398 2322 aut

248 2383 325 2427 cum
355 2364 485 2445 quibus.
546 2362 638 2427 Ante
675 2367 818 2430 omnia.
843 2414 850 2428 .
875 2414 882 2429 .
907 2387 1040 2430 necesse
1069 2376 1120 2429 est
1150 2375 1279 2429 nosmet
1310 2363 1399 2446 ipsos

249 2468 433 2538 aestimare,
457 2467 535 2549 quia
561 2467 628 2531 sere
660 2470 734 2550 plus
765 2470 860 2534 nobis
886 2472 1037 2534 videmur
1068 2490 1164 2552 posse
1193 2489 1295 2551 quam
1324 2488 1400 2549 pos-

250 2593 384 2648 sumus;
413 2573 496 2636 alius
515 2573 724 2656 eloquentiae
742 2574 862 2639 fiducia
884 2574 1075 2660 prolabitur,
1095 2573 1178 2638 alius
1201 2573 1400 2657 patrimonio

250 2696 311 2740 suo
331 2677 405 2760 plus
425 2678 601 2760 imperavit
616 2700 718 2761 quam
733 2678 817 2743 ferre
838 2691 969 2761 posset3
992 2679 1076 2743 alius
1094 2679 1259 2742 infirmum
1280 2697 1400 2759 corpus

250 2781 417 2845 laborioso
437 2783 557 2866 pressit
576 2781 695 2846 officio.
730 2781 949 2865 Quorundam
971 2803 1087 2866 parum
1109 2783 1227 2846 idonea
1243 2792 1294 2846 est
1309 2800 1401 2843 vere·

249 2885 370 2949 cundia
406 2886 505 2950 rebus
542 2886 701 2961 civilibus,
734 2906 820 2969 quae
849 2889 991 2970 primam
1025 2886 1166 2950 frontem
1204 2885 1400 2949 desiderant.

251 2988 469 3071 Quorundam
499 2992 707 3055 coutumacia
730 3012 796 3055 non
821 2991 902 3055 lacit
926 2993 969 3055 ad
996 2989 1114 3055 aulam.
1160 2990 1307 3073 Quidam
1335 3009 1402 3052 non

250 3095 376 3160 habent
391 3097 474 3158 iram
490 3094 524 3158 in
539 3105 713 3178 potestate,
728 3105 762 3159 et
777 3095 851 3160 illos
867 3096 909 3158 ad
929 3097 1104 3160 temeraria
1118 3097 1219 3158 verba
1233 3093 1401 3177 quaelibet

251 3199 437 3282 indignatio
457 3199 563 3264 ofi'ert.
610 3198 756 3281 Quidam
772 3198 1015 3265 urbanitatem'
1040 3201 1073 3262 in
1095 3198 1403 3282 reprehensionibus

251 3304 422 3368 ‘nesciunt
434 3303 612 3377 continere,
621 3323 681 3367 nec
694 3303 885 3386 periculosis
897 3304 1064 3368 abstinent
1073 3302 1205 3367 salibus
1236 3300 1404 3366 Omnibus

251 3408 302 3472 his
316 3409 429 3473 utilior
443 3409 579 3491 negotio
594 3409 687 3492 quies
702 3417 762 3472 est
779 3457 786 3469 .
803 3456 811 3470 .
828 3407 1076 3473 ,Aestimanda
1095 3419 1173 3472 sunt
1193 3407 1313 3472 deinde
1332 3407 1404 3488 ipsa

251 3533 338 3595 quae
352 3513 573 3596 aggredimur,
588 3524 622 3578 et
638 3514 723 3576 vires
738 3523 871 3577 nostrae
892 3533 968 3576 cum
988 3513 1086 3578 rebus
1106 3533 1189 3595 quas
1210 3509 1404 3595 temptaturi

252 3637 366 3681 sumus
388 3618 641 3699 comparandae.
687 3617 798 3681 Debet
824 3619 911 3681 enim
938 3638 1069 3700 semper
1092 3616 1165 3699 plus
1190 3636 1262 3681 esse
1285 3614 1403 3678 virium

253 3722 285 3784 in
301 3731 413 3786 actore
428 3742 528 3804 quam
549 3722 580 3784 in
601 3741 712 3785 onere.
757 3721 903 3785 Necesse
925 3731 975 3786 est
993 3721 1183 3804 opprimant
1203 3740 1304 3801 opera
1319 3738 1405 3802 quae

252 3827 378 3890 serente
405 3825 531 3907 majora
557 3836 642 3889 sunt.
688 3824 864 3907 Quaedam
893 3836 1062 3909 praeterea
1089 3845 1156 3888 non
1182 3834 1251 3887 tam
1283 3841 1405 3903 magna

252 3940 329 3993 sunt
351 3930 485 4012 negotia
506 3949 607 4011 quam
631 3930 800 4008 saecunda,
824 3928 1034 4011 multumque
1055 3931 1264 4006 negotiorum
1287 3928 1405 3989 lerunt.

254 4033 300 4097 Et
326 4033 407 4097 haec
433 4031 626 4114 refugienda
651 4042 729 4096 sunt
754 4054 799 4096 ex
826 4032 947 4115 quibus
972 4051 1059 4095 nova
1085 4031 1262 4114 occupatio
1295 4028 1405 4092 multi·

253 4136 400 4219 plexque
422 4147 582 4202 nascetur.
627 4137 700 4200 Nec
723 4136 949 4200 accedendum
970 4157 1010 4200 eo
1031 4137 1120 4200 unde
1142 4135 1225 4199 liber
1240 4153 1406 4218 regressus

252 4261 319 4306 non
339 4242 402 4316 sit3
433 4241 473 4305 iis
494 4241 705 4305 admovenda
726 4260 845 4304 manus
862 4251 914 4305 est
936 4259 1077 4323 quorum
1099 4237 1198 4303 finem
1219 4247 1278 4303 aut
1299 4236 1406 4302 iacere

252 4355 310 4410 aut
347 4356 437 4410 certe
472 4366 606 4427 sperare
643 4345 760 4430 possis.
820 4344 1052 4427 Relinquenda
1081 4363 1168 4425 quae
1203 4343 1301 4406 latius
1329 4351 1406 4404 actu

253 4451 438 4533 procedunt
460 4469 521 4514 nec
543 4450 601 4513 ubi
624 4449 835 4532 proposueris
858 4450 1022 4513 desinunt.

297 4553 502 4618 ‘Hominum
534 4554 647 4635 itaque
678 4553 820 4617 dilectus
848 4553 1021 4617 habendus
1051 4561 1111 4627 est,
1140 4571 1182 4616 an
1214 4549 1306 4633 digni
1341 4548 1519 4627 sintcap.7.

540 4688 549 4718 ¹
565 4689 724 4738 ‘libertatem
735 4688 840 4737 libertas
852 4703 905 4736 non
917 4687 992 4748 tulit,'
1005 4687 1113 4738 Seneca.

298 4781 381 4832 VOL.
394 4781 433 4832 ΙΙ.
794 4782 820 4830 A
836 4789 857 4832 a
