3542 5359
395 624 590 682 MORALIS
615 624 931 683 PHILOSOPHIA:
964 624 1079 684 PARS
1103 626 1252 685 PRIMA.
1338 644 1401 702 249

133 851 139 860 ,
252 794 327 848 runt
352 807 373 849 a
403 787 629 851 sacerdotibus
666 787 747 870 legis
778 786 1019 849 Hebraeorum.
1080 787 1180 851 Unde
1202 788 1303 852 etiam
1336 788 1398 871 ipsi
1411 794 1521 861 philost>

251 890 438 973 philosophi
461 891 584 955 talibus
599 893 762 956 vacabant
786 901 923 974 propter
940 899 1066 954 statuta
1088 891 1196 956 civilia
1215 902 1249 956 et
1264 902 1399 975 propter
1411 859 1552 989 Ξξῗξὲἶῗιγ

252 993 504 1067 multitudinem,
531 1015 596 1059 non
622 1006 759 1078 propter
788 995 972 1072 veritatem,
996 995 1080 1058 sicut
1108 994 1235 1059 Seneca
1261 998 1342 1060 dicit
1366 997 1398 1060 in
1411 992 1529 1058 grounds.

251 1097 333 1162 libro
348 1120 449 1182 quam
467 1101 654 1182 composuit
672 1110 786 1163 contra
807 1101 1067 1180 superstitiones.
1112 1100 1201 1164 Nam
1221 1101 1308 1179 licet,
1322 1102 1401 1184 quia

253 1201 395 1268 Senator
410 1214 489 1279 erat,
504 1213 629 1267 statuta
645 1203 780 1285 publica
795 1204 944 1286 oportuit
965 1223 1041 1267 eum
1056 1204 1272 1281 dissimulare,
1287 1215 1401 1268 tamen

251 1307 531 1388 dicithujusmodi
547 1308 763 1371 caerimonias
778 1328 843 1370 non
860 1308 902 1370 ad
920 1327 988 1369 rem
1001 1308 1173 1390 pertinere,
1186 1309 1243 1372 sed
1262 1310 1305 1372 ad
1322 1329 1401 1373 con-

253 1413 461 1475 suetudinem
478 1411 588 1494 vulgi3
612 1421 645 1474 et
660 1411 751 1494 quod
771 1411 879 1474 nullus
901 1413 1032 1492 sapiens
1054 1412 1189 1476 deberet
1205 1434 1245 1477 ea
1260 1415 1348 1496 apud
1365 1434 1401 1477 se

253 1527 413 1598 reputare.
460 1516 573 1579 Etiam
584 1515 829 1579 observationes
840 1515 1045 1597 Judaeorum
1062 1518 1226 1599 reputavit
1241 1517 1402 1582 absurdas

253 1632 286 1685 et
302 1622 455 1704 indignas
470 1620 596 1684 homini
618 1620 767 1702 sapienti,
784 1621 869 1685 sicut
891 1630 926 1684 et
942 1620 1034 1684 Deus
1057 1621 1162 1704 magis
1177 1622 1340 1687 concessit
1355 1623 1404 1686 eis

253 1723 443 1805 hujusmodi
468 1723 685 1788 caerimonias
708 1745 750 1790 ne
773 1723 888 1787 fierent
913 1724 1125 1801 idololatrae,
1145 1745 1245 1808 quam
1269 1736 1405 1808 propter

253 1831 434 1906 veritatem,
449 1829 535 1892 sicut
550 1827 664 1892 Sancti
685 1837 858 1892 testantur.
905 1828 951 1893 Et
972 1828 1018 1893 sic
1038 1831 1254 1894 terminantur
1277 1830 1404 1893 radices

254 1934 379 2016 primae
395 1935 497 2017 partis
514 1932 748 2016 Philosophiae
764 1932 912 1996 Moralis.
