3542 5359
396 631 723 693 PERSPECTIVAE
746 631 861 692 PARS
885 633 1048 692 PRIMA:
1081 636 1192 695 DIST.
1224 636 1273 695 VI.
1370 650 1410 713 45

253 796 463 879 spirituales:
485 795 544 859 sed
558 794 641 860 haec
656 794 870 879 spiritualitas
885 818 952 861 non
970 799 1166 863 contradicit
1185 799 1410 881 corporalitati

252 920 317 964 nec
333 899 558 965 materialitati
574 901 607 963 in
622 900 719 963 rebus
735 902 959 966 materialibus
973 913 1008 966 et
1022 902 1256 986 corporalibus.

301 1003 402 1087 Quod
425 1006 526 1068 etiam
549 1005 675 1087 species
697 1017 894 1083 concurrant
916 1007 949 1069 in
971 1027 1081 1083 unam,
1095 1016 1130 1070 et
1146 1008 1237 1088 quod
1252 1027 1329 1070 vere
1351 1006 1410 1070 fiat
1423 1020 1490 1071 true

254 1129 324 1171 una
346 1130 391 1173 ex
413 1106 571 1191 pluribus,
592 1118 685 1193 patet
707 1130 766 1192 per
786 1120 954 1174 auctorem
978 1110 1202 1194 perspectivae
1225 1110 1376 1175 Alhazen
1387 1109 1410 1188 ¹,
1422 1087 1543 1217 ξέᾞὲ

254 1223 290 1276 et
310 1235 369 1297 per
384 1213 621 1289 Ptolemaeum,
635 1214 691 1296 qui
712 1212 776 1277 hoc
796 1214 919 1289 dicunt,
933 1224 968 1279 et
987 1235 1047 1296 per
1061 1235 1101 1277 ea
1118 1236 1203 1297 quae
1223 1216 1314 1279 dicta
1334 1226 1410 1279 sunt

254 1318 300 1381 de
324 1318 431 1401 primo
455 1319 625 1382 sentiente.
670 1318 760 1381 Nam
784 1328 916 1401 oportet
937 1320 1028 1401 quod
1052 1320 1086 1382 in
1110 1340 1151 1383 eo
1175 1320 1260 1383 duae
1285 1321 1411 1402 species

254 1422 426 1486 venientes
440 1424 485 1487 ab
499 1422 603 1485 oculis
619 1421 701 1485 fiant
718 1443 792 1497 una,
810 1434 846 1487 ut
861 1444 914 1487 res
927 1422 1000 1487 visa
1018 1433 1178 1505 appareat
1197 1443 1272 1501 urra,
1287 1433 1322 1485 et
1342 1443 1410 1487 non

254 1528 351 1591 duae.
397 1527 443 1591 Et
457 1528 539 1592 dicit
552 1526 706 1591 Alhazen
726 1528 761 1592 in
779 1530 888 1611 primo
905 1527 988 1592 libro
1010 1531 1100 1611 quod
1122 1527 1211 1593 luces
1233 1530 1411 1593 miscentur

256 1632 389 1711 medio;
411 1642 445 1696 ct
466 1633 674 1696 Ptolemaeus
686 1631 867 1697 manifeste
887 1635 986 1697 docet
1007 1634 1205 1700 mixtionem
1226 1633 1409 1716 specierum

253 1738 289 1799 in
321 1736 407 1800 libro
435 1738 543 1800 tertio.
588 1735 688 1819 Quod
714 1745 826 1800 autern
853 1736 1007 1800 Alhazen
1037 1758 1097 1819 per
1121 1737 1410 1821 experimentum²

254 1841 329 1904 ruit
354 1840 503 1925 probare,
525 1841 615 1904 luces
640 1860 707 1905 non
735 1841 864 1906 misceri
890 1842 924 1904 irr
950 1861 1034 1918 aere,
1057 1862 1134 1905 cum
1159 1854 1225 1906 tres
1252 1842 1410 1907 candelae

254 1956 471 2029 opponuntur
495 1948 551 2009 uni
582 1945 754 2023 foramini;
788 1966 866 2009 narn
897 1956 976 2009 tunc
1005 1945 1094 2010 luces
1126 1958 1289 2029 apparent
1322 1947 1409 2011 ultra

254 2050 404 2115 foramen
431 2051 616 2129 distinctae,
640 2071 719 2132 ergo
748 2060 783 2114 et
813 2050 846 2112 irr
877 2048 1045 2129 foramine,
1068 2061 1106 2115 ut
1128 2053 1256 2115 videtur
1283 2052 1409 2117 dicere:

254 2155 433 2218 dicendum
451 2165 511 2229 est,
525 2155 614 2236 quod
631 2174 698 2217 uno
719 2156 821 2218 modo
840 2154 1032 2237 intelligitur
1046 2175 1124 2219 vera
1145 2156 1274 2232 mixtio,
1289 2166 1323 2219 et
1343 2155 1409 2220 alio

255 2261 360 2323 modo
381 2258 503 2324 dicitur
524 2280 595 2322 esse
619 2259 797 2323 distinctio.
842 2260 933 2323 Nam
955 2259 990 2321 in
1012 2260 1151 2324 veritate
1174 2261 1353 2324 miscentur
1374 2262 1408 2325 in

255 2361 435 2438 foramine3
459 2364 517 2427 sed
533 2364 613 2446 quia
626 2363 686 2426 lux
697 2364 826 2429 incedit
845 2362 973 2427 directo
987 2364 1126 2440 incessu,
1139 2365 1220 2427 dum
1237 2365 1270 2427 in
1288 2363 1406 2428 eodem

255 2467 369 2532 medio
385 2466 629 2550 multiplicatur,
639 2469 715 2534 ideo
730 2477 863 2551 oportet
873 2469 964 2550 quod
977 2467 1037 2531 lux
1052 2466 1226 2550 cujuslibet
1240 2468 1409 2545 candelae,

254 2573 342 2634 sicut
357 2581 436 2635 ante
450 2571 596 2637 toramen
608 2592 668 2655 per
682 2572 827 2637 diversas
843 2572 948 2637 lineas
963 2581 1069 2637 rectas
1084 2573 1243 2647 transivit,
1259 2573 1307 2637 sic
1321 2574 1409 2638 ultra

256 2674 407 2739 foramen
430 2686 592 2759 quantum
617 2678 661 2741 ad
688 2676 995 2759 multiplicationem
1017 2676 1250 2759 principalem,
1273 2691 1308 2742 et
1333 2679 1409 2743 ideo

253 2780 400 2843 incessus
423 2781 521 2865 primi
545 2792 579 2844 et
602 2781 799 2863 principales
815 2781 1018 2845 dividuntur
1039 2780 1126 2843 ultra
1145 2779 1300 2845 toramen
1323 2782 1409 2849 sicut

254 2894 345 2947 ante.
394 2883 463 2949 Sed
500 2884 733 2969 multiplicatio
771 2884 983 2950 accidentalis
1019 2884 1158 2949 duarum
1195 2884 1407 2950 candelarum

254 2988 401 3052 decurrit
430 3009 507 3053 cum
538 2989 809 3073 multiplicatione
838 2989 1012 3073 principali
1040 2989 1157 3052 tertiae
1184 2987 1351 3066 candelae,
1374 3000 1409 3055 et

253 3092 303 3154 sic
324 3102 375 3155 est
395 3092 515 3157 mixtio
530 3094 616 3157 ultra
631 3093 787 3157 foramen.
826 3093 895 3158 Sed
911 3094 989 3175 quia
1005 3092 1237 3176 multiplicatio
1256 3093 1408 3158 acciden-

253 3194 332 3259 talis
355 3216 421 3259 non
444 3198 576 3281 ponitur
596 3198 629 3261 in
653 3218 789 3262 nervum
813 3219 888 3261 curn
907 3198 1092 3282 principali,
1107 3218 1167 3262 nec
1181 3199 1271 3263 visus
1294 3200 1337 3263 de
1353 3197 1409 3263 illa

249 3300 390 3382 judicat,
415 3303 493 3385 quia
522 3301 706 3367 occultatur
732 3324 791 3387 per
816 3302 1040 3386 principalem,
1065 3302 1141 3366 ideo
1170 3322 1237 3366 non
1269 3313 1409 3386 apparet

252 3406 351 3468 nobis
368 3406 527 3485 conlusio,
541 3426 602 3471 nec
625 3408 745 3472 mixtio
768 3408 801 3469 irr
821 3408 905 3471 locis
923 3408 980 3471 ubi
1000 3407 1125 3471 cedunt
1143 3407 1268 3470 lumina
1286 3409 1408 3472 cande·

252 3508 372 3573 larum.
418 3510 482 3575 Est
497 3532 575 3594 ergo
591 3512 710 3577 mixtio
727 3514 758 3577 in
774 3512 1039 3590 casu'luminum,
1053 3512 1181 3577 scilicet
1195 3512 1408 3577 accidentalis

251 3614 337 3678 lucis
358 3634 433 3679 cum
455 3616 647 3700 principali3
668 3625 703 3681 et
724 3628 840 3682 auctor
853 3626 953 3700 negat
975 3617 1202 3700 apparentiam
1225 3617 1408 3694 mixtionis,

288 3792 442 3851 'Albuem
459 3792 476 3844 i.
493 3808 547 3855 cap
562 3808 586 3855 5,
601 3798 614 3853 t
627 3796 668 3843 28.
712 3794 750 3845 Cr'.
765 3795 831 3845 Ptol.
845 3796 901 3859 Ope.
914 3810 939 3857 p.
952 3810 991 3857 79.
1002 3794 1054 3858 (ed
1069 3795 1156 3857 Govi).
1198 3793 1320 3857 Ptolemy
1336 3794 1409 3845 deels

252 3870 382 3933 specially
392 3871 457 3919 with
470 3871 515 3919 tbe
527 3872 606 3920 union
618 3872 649 3920 ol
657 3872 702 3921 the
714 3880 768 3923 two
773 3873 876 3935 sor-anae
887 3872 1044 3936 (nspeties,
1055 3889 1085 3921 or
1096 3873 1275 3935 impressions)
1288 3874 1408 3922 received

251 3950 291 4011 by
310 3950 355 3997 the
374 3957 429 3997 nvo
446 3964 516 4010 eyes.
553 3948 679 4013 Albuen,
700 3950 725 3999 in
744 3952 789 4000 the
806 3966 917 4013 passage
938 3952 1055 4001 referred
1078 3960 1113 4015 to,
1134 3952 1157 4000 is
1173 3953 1300 4015 speaking
1317 3952 1348 4001 oi
1361 3953 1407 4003 the

252 4030 365 4077 mixture
377 4028 407 4075 ol
406 4027 511 4089 somnae
522 4028 547 4075 in
560 4030 605 4077 the
618 4028 736 4078 medium.
771 4029 822 4079 His
834 4037 944 4079 account
957 4031 987 4079 ol
997 4031 1042 4080 the
1055 4038 1149 4080 matter
1160 4031 1182 4079 is
1194 4032 1247 4080 less
1264 4033 1334 4080 clear
1344 4032 1407 4081 than

253 4104 374 4157 Baton's.
410 4105 575 4168 ‘Proprietas
591 4107 686 4156 coloris
702 4114 729 4156 et
745 4108 810 4157 lucis
827 4106 883 4167 est,¹
896 4110 931 4158 be
947 4124 1016 4171 says,
1034 4112 1080 4158 ‘ut
1096 4109 1194 4158 ior-urae
1210 4125 1299 4158 eorum
1317 4116 1408 4158 exten·

251 4188 347 4235 (hatur
357 4186 500 4233 secundum
511 4185 693 4235 verticationes
707 4187 809 4236 rectas'
844 4187 933 4236 Bacon
948 4188 1041 4237 admits
1057 4190 1102 4238 the
1119 4189 1239 4248 mixture,
1249 4190 1296 4236 but
1311 4195 1409 4237 asserts

252 4264 300 4313 tbe
310 4264 526 4327 preponderrrnce
542 4265 573 4313 oi
591 4265 636 4313 tbe
648 4266 755 4314 vertical
768 4266 904 4318 radiation.
937 4266 1013 4315 With
1029 4268 1121 4329 regard
1138 4274 1165 4315 to
1182 4268 1227 4315 tbe
1245 4266 1408 4327 experimeut

250 4342 317 4393 with
329 4343 374 4391 the
386 4342 501 4405 andree,
515 4342 561 4391 the
577 4343 640 4404 only
651 4342 790 4393 difference
805 4344 928 4394 between
939 4345 1056 4394 Albueu
1071 4346 1123 4395 rurd
1139 4345 1227 4394 Bacon
1239 4359 1325 4392 seems
1335 4351 1363 4392 to
1374 4344 1407 4395 be

250 4422 308 4471 rlret
326 4422 371 4469 the
390 4420 469 4469 latter
486 4421 603 4469 asserted
615 4422 817 4472 thstamixture
829 4424 859 4471 os
874 4440 936 4487 ruys
950 4425 1014 4473 took
1025 4424 1100 4486 place
1110 4424 1137 4472 in
1149 4424 1195 4472 the
1207 4421 1330 4484 opening,
1338 4422 1406 4473 from

250 4500 339 4549 which
351 4500 499 4561 mndsry
510 4514 571 4561 mys
588 4502 741 4562 proceeded.
773 4502 830 4551 Tbe
847 4501 1024 4564 distinctnees,
1035 4504 1168 4562 however,
1181 4501 1211 4550 ol
1223 4501 1269 4549 the
1286 4501 1369 4563 image
1380 4502 1412 4555 ot·

250 4580 316 4629 each
335 4578 427 4628 candle
440 4578 462 4627 is
474 4578 583 4627 obvious
595 4585 622 4627 to
633 4594 685 4642 arry
697 4596 749 4631 one
759 4582 822 4631 who
833 4582 897 4631 tries
907 4583 953 4631 the
964 4580 1133 4644 experiment-

283 4656 295 4689 ¹
310 4657 441 4719 Albam,
453 4656 471 4707 l·
483 4672 539 4721 αὶ)-
553 4670 577 4719 ⁵2
592 4661 604 4717 i
618 4672 657 4723 ο9·
