<?xml version="1.0" encoding="UTF-8"?>
<!DOCTYPE html PUBLIC "-//W3C//DTD XHTML 1.0 Transitional//EN"
    "http://www.w3.org/TR/xhtml1/DTD/xhtml1-transitional.dtd">
<html xmlns="http://www.w3.org/1999/xhtml" xml:lang="en" lang="en">
 <head>
  <title>
</title>
<meta http-equiv="Content-Type" content="text/html;charset=utf-8" />
  <meta name='ocr-system' content='tesseract 3.04.00' />
  <meta name='ocr-capabilities' content='ocr_page ocr_carea ocr_par ocr_line ocrx_word'/>
</head>
<body>
  <div class='ocr_page' id='page_1' title='image "./opusmajusrogerb02bridgoog/opusmajusrogerb02bridgoog_0187.png"; bbox 0 0 3542 5359; ppageno 0'>
   <div class='ocr_carea' id='block_1_1' title="bbox 352 572 1274 643">
    <p class='ocr_par' dir='ltr' id='par_1_1' title="bbox 352 572 1274 643">
     <span class='ocr_line' id='line_1_1' title="bbox 352 572 1274 643; baseline 0.001 -12"><span class='ocrx_word' id='word_1_1' title='bbox 352 572 410 632; x_wconf 85' lang='lat'>168</span> <span class='ocrx_word' id='word_1_2' title='bbox 590 574 746 633; x_wconf 83' lang='lat' dir='ltr'><em>OPERIS</em></span> <span class='ocrx_word' id='word_1_3' title='bbox 770 572 959 643; x_wconf 81' lang='lat' dir='ltr'><em>MAJORIS</em></span> <span class='ocrx_word' id='word_1_4' title='bbox 984 574 1099 633; x_wconf 83' lang='lat' dir='ltr'><em>PARS</em></span> <span class='ocrx_word' id='word_1_5' title='bbox 1123 573 1274 633; x_wconf 77' lang='lat' dir='ltr'>SEXTA.</span> 
     </span>
    </p>
   </div>
   <div class='ocr_carea' id='block_1_2' title="bbox 182 733 1516 4254">
    <p class='ocr_par' dir='ltr' id='par_1_2' title="bbox 350 733 1505 1028">
     <span class='ocr_line' id='line_1_2' title="bbox 350 733 1505 820; baseline -0.003 -20"><span class='ocrx_word' id='word_1_6' title='bbox 350 746 582 820; x_wconf 83' lang='lat' dir='ltr'>argumentum</span> <span class='ocrx_word' id='word_1_7' title='bbox 607 737 780 801; x_wconf 85' lang='lat' dir='ltr'>edocebat.</span> <span class='ocrx_word' id='word_1_8' title='bbox 824 733 893 801; x_wconf 90' lang='lat' dir='ltr'>Sed</span> <span class='ocrx_word' id='word_1_9' title='bbox 919 745 1091 818; x_wconf 87' lang='lat' dir='ltr'>assumpta</span> <span class='ocrx_word' id='word_1_10' title='bbox 1121 735 1327 820; x_wconf 84' lang='lat' dir='ltr'>experientia</span> <span class='ocrx_word' id='word_1_11' title='bbox 1349 735 1505 797; x_wconf 88' lang='lat' dir='ltr'>cornbus·</span> 
     </span>
     <span class='ocr_line' id='line_1_3' title="bbox 352 835 1503 924; baseline -0.003 -20"><span class='ocrx_word' id='word_1_12' title='bbox 352 840 453 904; x_wconf 89' lang='lat' dir='ltr'>tionis</span> <span class='ocrx_word' id='word_1_13' title='bbox 469 841 668 906; x_wconf 87' lang='lat' dir='ltr'>certificatur</span> <span class='ocrx_word' id='word_1_14' title='bbox 682 841 811 904; x_wconf 90' lang='lat' dir='ltr'>animus</span> <span class='ocrx_word' id='word_1_15' title='bbox 823 851 857 906; x_wconf 91' lang='lat' dir='ltr'>et</span> <span class='ocrx_word' id='word_1_16' title='bbox 868 841 1007 924; x_wconf 81' lang='lat' dir='ltr'>quiescit</span> <span class='ocrx_word' id='word_1_17' title='bbox 1019 842 1053 903; x_wconf 93' lang='lat' dir='ltr'>in</span> <span class='ocrx_word' id='word_1_18' title='bbox 1063 838 1191 924; x_wconf 80' lang='lat' dir='ltr'>fulgore</span> <span class='ocrx_word' id='word_1_19' title='bbox 1201 840 1355 905; x_wconf 84' lang='lat' dir='ltr'>veritatis</span> <span class='ocrx_word' id='word_1_20' title='bbox 1388 835 1503 920; x_wconf 84' lang='lat' dir='ltr'>Ergo¹</span> 
     </span>
     <span class='ocr_line' id='line_1_4' title="bbox 354 945 1121 1028; baseline -0.001 -20"><span class='ocrx_word' id='word_1_21' title='bbox 354 956 585 1028; x_wconf 86' lang='lat' dir='ltr'>argumentum</span> <span class='ocrx_word' id='word_1_22' title='bbox 601 967 668 1009; x_wconf 91' lang='lat' dir='ltr'>non</span> <span class='ocrx_word' id='word_1_23' title='bbox 682 945 813 1022; x_wconf 86' lang='lat' dir='ltr'>sufficit,</span> <span class='ocrx_word' id='word_1_24' title='bbox 828 947 889 1009; x_wconf 91' lang='lat' dir='ltr'>sed</span> <span class='ocrx_word' id='word_1_25' title='bbox 905 945 1121 1027; x_wconf 83' lang='lat' dir='ltr'>experientia</span> 
     </span>
    </p>

    <p class='ocr_par' dir='ltr' id='par_1_3' title="bbox 182 1047 1505 1132">
     <span class='ocr_line' id='line_1_5' title="bbox 182 1047 1505 1132; baseline -0.006 -16"><span class='ocrx_word' id='word_1_26' title='bbox 182 1050 343 1125; x_wconf 54' lang='lat' dir='ltr'>armenem</span> <span class='ocrx_word' id='word_1_27' title='bbox 401 1049 446 1112; x_wconf 90' lang='lat' dir='ltr'>Et</span> <span class='ocrx_word' id='word_1_28' title='bbox 468 1049 533 1114; x_wconf 94' lang='lat' dir='ltr'>hoc</span> <span class='ocrx_word' id='word_1_29' title='bbox 556 1059 649 1132; x_wconf 90' lang='lat' dir='ltr'>patet</span> <span class='ocrx_word' id='word_1_30' title='bbox 676 1049 710 1111; x_wconf 90' lang='lat' dir='ltr'>in</span> <span class='ocrx_word' id='word_1_31' title='bbox 735 1048 990 1122; x_wconf 82' lang='lat' dir='ltr'>mathematicis,</span> <span class='ocrx_word' id='word_1_32' title='bbox 1016 1048 1073 1112; x_wconf 93' lang='lat' dir='ltr'>ubi</span> <span class='ocrx_word' id='word_1_33' title='bbox 1093 1059 1145 1113; x_wconf 90' lang='lat' dir='ltr'>est</span> <span class='ocrx_word' id='word_1_34' title='bbox 1168 1047 1343 1130; x_wconf 90' lang='lat' dir='ltr'>potissima</span> <span class='ocrx_word' id='word_1_35' title='bbox 1365 1047 1505 1110; x_wconf 90' lang='lat' dir='ltr'>demon·</span> 
     </span>
    </p>

    <p class='ocr_par' dir='ltr' id='par_1_4' title="bbox 184 1114 1511 2788">
     <span class='ocr_line' id='line_1_6' title="bbox 184 1114 1506 1235; baseline -0.001 -22"><span class='ocrx_word' id='word_1_36' title='bbox 184 1114 317 1231; x_wconf 38' lang='lat' dir='ltr'>affine·</span> <span class='ocrx_word' id='word_1_37' title='bbox 354 1152 481 1216; x_wconf 88' lang='lat' dir='ltr'>stratio.</span> <span class='ocrx_word' id='word_1_38' title='bbox 527 1151 595 1235; x_wconf 85' lang='lat' dir='ltr'>Qui</span> <span class='ocrx_word' id='word_1_39' title='bbox 626 1172 705 1215; x_wconf 93' lang='lat' dir='ltr'>vero</span> <span class='ocrx_word' id='word_1_40' title='bbox 738 1151 841 1216; x_wconf 91' lang='lat' dir='ltr'>habet</span> <span class='ocrx_word' id='word_1_41' title='bbox 874 1152 1193 1216; x_wconf 86' lang='lat' dir='ltr'>demonstrationem</span> <span class='ocrx_word' id='word_1_42' title='bbox 1228 1151 1435 1233; x_wconf 89' lang='lat' dir='ltr'>potissimam</span> <span class='ocrx_word' id='word_1_43' title='bbox 1463 1152 1506 1213; x_wconf 88' lang='lat' dir='ltr'>de</span> 
     </span>
     <span class='ocr_line' id='line_1_7' title="bbox 352 1253 1507 1338; baseline -0.004 -18"><span class='ocrx_word' id='word_1_44' title='bbox 352 1256 521 1338; x_wconf 88' lang='lat' dir='ltr'>triangulo</span> <span class='ocrx_word' id='word_1_45' title='bbox 550 1254 752 1338; x_wconf 87' lang='lat' dir='ltr'>aequilatero</span> <span class='ocrx_word' id='word_1_46' title='bbox 781 1257 852 1320; x_wconf 91' lang='lat' dir='ltr'>sine</span> <span class='ocrx_word' id='word_1_47' title='bbox 882 1257 1088 1338; x_wconf 87' lang='lat' dir='ltr'>experientia</span> <span class='ocrx_word' id='word_1_48' title='bbox 1117 1274 1286 1337; x_wconf 90' lang='lat' dir='ltr'>nunquam</span> <span class='ocrx_word' id='word_1_49' title='bbox 1312 1253 1507 1317; x_wconf 90' lang='lat' dir='ltr'>adhaerebit</span> 
     </span>
     <span class='ocr_line' id='line_1_8' title="bbox 353 1359 1507 1443; baseline -0.002 -21"><span class='ocrx_word' id='word_1_50' title='bbox 353 1361 483 1424; x_wconf 87' lang='lat' dir='ltr'>animus</span> <span class='ocrx_word' id='word_1_51' title='bbox 519 1361 721 1425; x_wconf 88' lang='lat' dir='ltr'>conclusioni</span> <span class='ocrx_word' id='word_1_52' title='bbox 731 1359 751 1435; x_wconf 84' lang='lat'>²,</span> <span class='ocrx_word' id='word_1_53' title='bbox 790 1381 852 1424; x_wconf 89' lang='lat' dir='ltr'>nec</span> <span class='ocrx_word' id='word_1_54' title='bbox 888 1361 1027 1438; x_wconf 88' lang='lat' dir='ltr'>curabit,</span> <span class='ocrx_word' id='word_1_55' title='bbox 1060 1361 1119 1424; x_wconf 88' lang='lat' dir='ltr'>sed</span> <span class='ocrx_word' id='word_1_56' title='bbox 1158 1359 1304 1443; x_wconf 84' lang='lat' dir='ltr'>negliget</span> <span class='ocrx_word' id='word_1_57' title='bbox 1334 1378 1507 1441; x_wconf 89' lang='lat' dir='ltr'>usquequo</span> 
     </span>
     <span class='ocr_line' id='line_1_9' title="bbox 353 1463 1507 1547; baseline -0.003 -20"><span class='ocrx_word' id='word_1_58' title='bbox 353 1463 453 1528; x_wconf 92' lang='lat' dir='ltr'>detur</span> <span class='ocrx_word' id='word_1_59' title='bbox 471 1465 502 1528; x_wconf 93' lang='lat' dir='ltr'>ei</span> <span class='ocrx_word' id='word_1_60' title='bbox 520 1464 728 1546; x_wconf 85' lang='lat' dir='ltr'>experientia</span> <span class='ocrx_word' id='word_1_61' title='bbox 743 1485 802 1547; x_wconf 94' lang='lat' dir='ltr'>per</span> <span class='ocrx_word' id='word_1_62' title='bbox 823 1465 1091 1529; x_wconf 88' lang='lat' dir='ltr'>intersectionem</span> <span class='ocrx_word' id='word_1_63' title='bbox 1107 1465 1248 1528; x_wconf 88' lang='lat' dir='ltr'>duorum</span> <span class='ocrx_word' id='word_1_64' title='bbox 1266 1463 1472 1538; x_wconf 90' lang='lat' dir='ltr'>circulorum,</span> <span class='ocrx_word' id='word_1_65' title='bbox 1486 1483 1507 1524; x_wconf 94' lang='lat' dir='ltr'>a</span> 
     </span>
     <span class='ocr_line' id='line_1_10' title="bbox 352 1566 1508 1650; baseline -0.003 -18"><span class='ocrx_word' id='word_1_66' title='bbox 352 1587 495 1650; x_wconf 91' lang='lat' dir='ltr'>quorum</span> <span class='ocrx_word' id='word_1_67' title='bbox 508 1568 665 1633; x_wconf 88' lang='lat' dir='ltr'>alterutra</span> <span class='ocrx_word' id='word_1_68' title='bbox 674 1569 822 1632; x_wconf 87' lang='lat' dir='ltr'>sectione</span> <span class='ocrx_word' id='word_1_69' title='bbox 833 1569 996 1632; x_wconf 88' lang='lat' dir='ltr'>ducantur</span> <span class='ocrx_word' id='word_1_70' title='bbox 1007 1568 1094 1632; x_wconf 89' lang='lat' dir='ltr'>duae</span> <span class='ocrx_word' id='word_1_71' title='bbox 1106 1567 1212 1632; x_wconf 88' lang='lat' dir='ltr'>lineae</span> <span class='ocrx_word' id='word_1_72' title='bbox 1222 1568 1266 1630; x_wconf 92' lang='lat' dir='ltr'>ad</span> <span class='ocrx_word' id='word_1_73' title='bbox 1277 1566 1508 1630; x_wconf 87' lang='lat' dir='ltr'>extremitates</span> 
     </span>
     <span class='ocr_line' id='line_1_11' title="bbox 353 1670 1507 1754; baseline -0.002 -20"><span class='ocrx_word' id='word_1_74' title='bbox 353 1671 459 1736; x_wconf 90' lang='lat' dir='ltr'>lineae</span> <span class='ocrx_word' id='word_1_75' title='bbox 475 1672 595 1750; x_wconf 89' lang='lat' dir='ltr'>datae;</span> <span class='ocrx_word' id='word_1_76' title='bbox 621 1675 678 1736; x_wconf 91' lang='lat' dir='ltr'>sed</span> <span class='ocrx_word' id='word_1_77' title='bbox 699 1682 777 1737; x_wconf 90' lang='lat' dir='ltr'>tunc</span> <span class='ocrx_word' id='word_1_78' title='bbox 792 1673 910 1754; x_wconf 90' lang='lat' dir='ltr'>recipit</span> <span class='ocrx_word' id='word_1_79' title='bbox 924 1671 1028 1736; x_wconf 91' lang='lat' dir='ltr'>homo</span> <span class='ocrx_word' id='word_1_80' title='bbox 1050 1671 1296 1737; x_wconf 87' lang='lat' dir='ltr'>conclusionem</span> <span class='ocrx_word' id='word_1_81' title='bbox 1318 1691 1393 1733; x_wconf 91' lang='lat' dir='ltr'>cum</span> <span class='ocrx_word' id='word_1_82' title='bbox 1415 1670 1507 1733; x_wconf 90' lang='lat' dir='ltr'>omni</span> 
     </span>
     <span class='ocr_line' id='line_1_12' title="bbox 352 1774 1509 1859; baseline -0.003 -21"><span class='ocrx_word' id='word_1_83' title='bbox 352 1776 475 1858; x_wconf 89' lang='lat' dir='ltr'>quiete.</span> <span class='ocrx_word' id='word_1_84' title='bbox 530 1775 630 1859; x_wconf 85' lang='lat' dir='ltr'>Quod</span> <span class='ocrx_word' id='word_1_85' title='bbox 665 1798 745 1859; x_wconf 86' lang='lat' dir='ltr'>ergo</span> <span class='ocrx_word' id='word_1_86' title='bbox 782 1777 864 1841; x_wconf 91' lang='lat' dir='ltr'>dicit</span> <span class='ocrx_word' id='word_1_87' title='bbox 902 1774 1102 1840; x_wconf 85' lang='lat' dir='ltr'>Aristoteles</span> <span class='ocrx_word' id='word_1_88' title='bbox 1138 1776 1230 1857; x_wconf 92' lang='lat' dir='ltr'>quod</span> <span class='ocrx_word' id='word_1_89' title='bbox 1267 1775 1509 1840; x_wconf 88' lang='lat' dir='ltr'>demonstratio</span> 
     </span>
     <span class='ocr_line' id='line_1_13' title="bbox 354 1877 1509 1964; baseline -0.003 -21"><span class='ocrx_word' id='word_1_90' title='bbox 354 1877 589 1962; x_wconf 82' lang='lat' dir='ltr'>syllogismus³</span> <span class='ocrx_word' id='word_1_91' title='bbox 603 1891 654 1943; x_wconf 89' lang='lat' dir='ltr'>est</span> <span class='ocrx_word' id='word_1_92' title='bbox 670 1880 793 1943; x_wconf 92' lang='lat' dir='ltr'>faciens</span> <span class='ocrx_word' id='word_1_93' title='bbox 813 1880 906 1953; x_wconf 91' lang='lat' dir='ltr'>scire,</span> <span class='ocrx_word' id='word_1_94' title='bbox 923 1880 1175 1964; x_wconf 87' lang='lat' dir='ltr'>intelligendum</span> <span class='ocrx_word' id='word_1_95' title='bbox 1192 1890 1243 1942; x_wconf 91' lang='lat' dir='ltr'>est</span> <span class='ocrx_word' id='word_1_96' title='bbox 1258 1880 1286 1940; x_wconf 92' lang='lat' dir='ltr'>si</span> <span class='ocrx_word' id='word_1_97' title='bbox 1302 1878 1509 1961; x_wconf 91' lang='lat' dir='ltr'>experientia</span> 
     </span>
     <span class='ocr_line' id='line_1_14' title="bbox 355 1981 1509 2066; baseline -0.002 -19"><span class='ocrx_word' id='word_1_98' title='bbox 355 1983 540 2060; x_wconf 84' lang='lat' dir='ltr'>comitetur,</span> <span class='ocrx_word' id='word_1_99' title='bbox 557 1995 590 2048; x_wconf 90' lang='lat' dir='ltr'>et</span> <span class='ocrx_word' id='word_1_100' title='bbox 607 2004 673 2049; x_wconf 91' lang='lat' dir='ltr'>non</span> <span class='ocrx_word' id='word_1_101' title='bbox 689 1985 732 2048; x_wconf 89' lang='lat' dir='ltr'>de</span> <span class='ocrx_word' id='word_1_102' title='bbox 748 1986 838 2048; x_wconf 90' lang='lat' dir='ltr'>nuda</span> <span class='ocrx_word' id='word_1_103' title='bbox 853 1984 1146 2048; x_wconf 83' lang='lat' dir='ltr'>demonstratione</span> <span class='ocrx_word' id='word_1_104' title='bbox 1192 1983 1293 2066; x_wconf 88' lang='lat' dir='ltr'>Quod</span> <span class='ocrx_word' id='word_1_105' title='bbox 1308 1984 1409 2047; x_wconf 89' lang='lat' dir='ltr'>etiarn</span> <span class='ocrx_word' id='word_1_106' title='bbox 1427 1981 1509 2046; x_wconf 91' lang='lat' dir='ltr'>dicit</span> 
     </span>
     <span class='ocr_line' id='line_1_15' title="bbox 355 2087 1510 2170; baseline -0.001 -21"><span class='ocrx_word' id='word_1_107' title='bbox 355 2087 464 2170; x_wconf 92' lang='lat' dir='ltr'>primo</span> <span class='ocrx_word' id='word_1_108' title='bbox 477 2087 739 2169; x_wconf 89' lang='lat' dir='ltr'>Metaphysicae,</span> <span class='ocrx_word' id='word_1_109' title='bbox 757 2090 848 2170; x_wconf 90' lang='lat' dir='ltr'>quod</span> <span class='ocrx_word' id='word_1_110' title='bbox 865 2087 1027 2152; x_wconf 89' lang='lat' dir='ltr'>habentes</span> <span class='ocrx_word' id='word_1_111' title='bbox 1043 2090 1205 2151; x_wconf 89' lang='lat' dir='ltr'>rationem</span> <span class='ocrx_word' id='word_1_112' title='bbox 1226 2098 1261 2151; x_wconf 90' lang='lat' dir='ltr'>et</span> <span class='ocrx_word' id='word_1_113' title='bbox 1280 2107 1415 2150; x_wconf 88' lang='lat' dir='ltr'>causam</span> <span class='ocrx_word' id='word_1_114' title='bbox 1431 2095 1510 2149; x_wconf 89' lang='lat' dir='ltr'>sunt</span> 
     </span>
     <span class='ocr_line' id='line_1_16' title="bbox 355 2191 1510 2274; baseline -0.002 -18"><span class='ocrx_word' id='word_1_115' title='bbox 355 2192 570 2274; x_wconf 90' lang='lat' dir='ltr'>sapientiores</span> <span class='ocrx_word' id='word_1_116' title='bbox 585 2192 741 2274; x_wconf 88' lang='lat' dir='ltr'>expertis,</span> <span class='ocrx_word' id='word_1_117' title='bbox 757 2191 905 2273; x_wconf 90' lang='lat' dir='ltr'>loquitur</span> <span class='ocrx_word' id='word_1_118' title='bbox 926 2193 969 2256; x_wconf 93' lang='lat' dir='ltr'>de</span> <span class='ocrx_word' id='word_1_119' title='bbox 991 2193 1141 2274; x_wconf 90' lang='lat' dir='ltr'>expertis</span> <span class='ocrx_word' id='word_1_120' title='bbox 1164 2192 1222 2273; x_wconf 91' lang='lat' dir='ltr'>qui</span> <span class='ocrx_word' id='word_1_121' title='bbox 1243 2191 1351 2255; x_wconf 91' lang='lat' dir='ltr'>solum</span> <span class='ocrx_word' id='word_1_122' title='bbox 1368 2202 1510 2255; x_wconf 90' lang='lat' dir='ltr'>noscunt</span> 
     </span>
     <span class='ocr_line' id='line_1_17' title="bbox 356 2293 1509 2379; baseline -0.001 -21"><span class='ocrx_word' id='word_1_123' title='bbox 356 2297 480 2359; x_wconf 91' lang='lat' dir='ltr'>nudam</span> <span class='ocrx_word' id='word_1_124' title='bbox 498 2297 672 2360; x_wconf 89' lang='lat' dir='ltr'>veritatem</span> <span class='ocrx_word' id='word_1_125' title='bbox 687 2298 758 2360; x_wconf 90' lang='lat' dir='ltr'>sine</span> <span class='ocrx_word' id='word_1_126' title='bbox 774 2316 883 2360; x_wconf 88' lang='lat' dir='ltr'>causa.</span> <span class='ocrx_word' id='word_1_127' title='bbox 930 2295 998 2359; x_wconf 89' lang='lat' dir='ltr'>Sed</span> <span class='ocrx_word' id='word_1_128' title='bbox 1014 2296 1068 2360; x_wconf 92' lang='lat' dir='ltr'>hic</span> <span class='ocrx_word' id='word_1_129' title='bbox 1091 2296 1210 2379; x_wconf 89' lang='lat' dir='ltr'>loquor</span> <span class='ocrx_word' id='word_1_130' title='bbox 1230 2297 1272 2359; x_wconf 89' lang='lat' dir='ltr'>de</span> <span class='ocrx_word' id='word_1_131' title='bbox 1287 2307 1437 2378; x_wconf 87' lang='lat' dir='ltr'>experto,</span> <span class='ocrx_word' id='word_1_132' title='bbox 1452 2293 1509 2377; x_wconf 92' lang='lat' dir='ltr'>qui</span> 
     </span>
     <span class='ocr_line' id='line_1_18' title="bbox 356 2398 1509 2485; baseline -0.002 -23"><span class='ocrx_word' id='word_1_133' title='bbox 356 2399 518 2462; x_wconf 88' lang='lat' dir='ltr'>rationem</span> <span class='ocrx_word' id='word_1_134' title='bbox 535 2409 569 2462; x_wconf 91' lang='lat' dir='ltr'>et</span> <span class='ocrx_word' id='word_1_135' title='bbox 585 2420 718 2464; x_wconf 86' lang='lat' dir='ltr'>causam</span> <span class='ocrx_word' id='word_1_136' title='bbox 730 2401 820 2465; x_wconf 90' lang='lat' dir='ltr'>novit</span> <span class='ocrx_word' id='word_1_137' title='bbox 832 2423 891 2485; x_wconf 91' lang='lat' dir='ltr'>per</span> <span class='ocrx_word' id='word_1_138' title='bbox 901 2402 1151 2482; x_wconf 89' lang='lat' dir='ltr'>experientiam.</span> <span class='ocrx_word' id='word_1_139' title='bbox 1186 2401 1231 2463; x_wconf 90' lang='lat' dir='ltr'>Et</span> <span class='ocrx_word' id='word_1_140' title='bbox 1240 2400 1275 2463; x_wconf 95' lang='lat' dir='ltr'>hi</span> <span class='ocrx_word' id='word_1_141' title='bbox 1284 2410 1361 2464; x_wconf 89' lang='lat' dir='ltr'>sunt</span> <span class='ocrx_word' id='word_1_142' title='bbox 1372 2398 1509 2484; x_wconf 86' lang='lat' dir='ltr'>perfecti</span> 
     </span>
     <span class='ocr_line' id='line_1_19' title="bbox 357 2503 1508 2586; baseline 0.001 -21"><span class='ocrx_word' id='word_1_143' title='bbox 357 2503 391 2565; x_wconf 90' lang='lat' dir='ltr'>in</span> <span class='ocrx_word' id='word_1_144' title='bbox 414 2504 587 2586; x_wconf 89' lang='lat' dir='ltr'>sapientia,</span> <span class='ocrx_word' id='word_1_145' title='bbox 610 2514 647 2567; x_wconf 93' lang='lat' dir='ltr'>ut</span> <span class='ocrx_word' id='word_1_146' title='bbox 668 2505 872 2569; x_wconf 87' lang='lat' dir='ltr'>Aristoteles</span> <span class='ocrx_word' id='word_1_147' title='bbox 898 2505 971 2568; x_wconf 91' lang='lat' dir='ltr'>vult</span> <span class='ocrx_word' id='word_1_148' title='bbox 992 2517 1091 2569; x_wconf 91' lang='lat' dir='ltr'>sexto</span> <span class='ocrx_word' id='word_1_149' title='bbox 1115 2503 1346 2580; x_wconf 80' lang='lat' dir='ltr'>Ethicorum⁴,</span> <span class='ocrx_word' id='word_1_150' title='bbox 1368 2524 1508 2586; x_wconf 91' lang='lat' dir='ltr'>quorum</span> 
     </span>
     <span class='ocr_line' id='line_1_20' title="bbox 356 2608 1511 2691; baseline 0 -21"><span class='ocrx_word' id='word_1_151' title='bbox 356 2608 564 2671; x_wconf 91' lang='lat' dir='ltr'>sermonibus</span> <span class='ocrx_word' id='word_1_152' title='bbox 590 2608 795 2691; x_wconf 87' lang='lat' dir='ltr'>simplicibus</span> <span class='ocrx_word' id='word_1_153' title='bbox 821 2618 899 2672; x_wconf 88' lang='lat' dir='ltr'>tunc</span> <span class='ocrx_word' id='word_1_154' title='bbox 925 2610 1126 2675; x_wconf 90' lang='lat' dir='ltr'>credendum</span> <span class='ocrx_word' id='word_1_155' title='bbox 1152 2621 1203 2675; x_wconf 89' lang='lat' dir='ltr'>est</span> <span class='ocrx_word' id='word_1_156' title='bbox 1229 2609 1322 2672; x_wconf 86' lang='lat' dir='ltr'>acsi</span> <span class='ocrx_word' id='word_1_157' title='bbox 1355 2608 1511 2672; x_wconf 89' lang='lat' dir='ltr'>afferrent</span> 
     </span>
     <span class='ocr_line' id='line_1_21' title="bbox 358 2712 987 2788; baseline 0.003 -13"><span class='ocrx_word' id='word_1_158' title='bbox 358 2712 685 2788; x_wconf 90' lang='lat' dir='ltr'>demonstrationem,</span> <span class='ocrx_word' id='word_1_159' title='bbox 702 2723 738 2776; x_wconf 90' lang='lat' dir='ltr'>ut</span> <span class='ocrx_word' id='word_1_160' title='bbox 753 2712 835 2777; x_wconf 90' lang='lat' dir='ltr'>dicit</span> <span class='ocrx_word' id='word_1_161' title='bbox 851 2714 987 2777; x_wconf 88' lang='lat' dir='ltr'>ibidem.</span> 
     </span>
    </p>

    <p class='ocr_par' dir='ltr' id='par_1_5' title="bbox 357 2815 1516 4254">
     <span class='ocr_line' id='line_1_22' title="bbox 402 2815 1513 2900; baseline 0.002 -22"><span class='ocrx_word' id='word_1_162' title='bbox 402 2815 470 2899; x_wconf 89' lang='lat' dir='ltr'>Qui</span> <span class='ocrx_word' id='word_1_163' title='bbox 493 2837 572 2898; x_wconf 89' lang='lat' dir='ltr'>ergo</span> <span class='ocrx_word' id='word_1_164' title='bbox 591 2816 662 2881; x_wconf 92' lang='lat' dir='ltr'>vult</span> <span class='ocrx_word' id='word_1_165' title='bbox 685 2817 755 2881; x_wconf 90' lang='lat' dir='ltr'>sine</span> <span class='ocrx_word' id='word_1_166' title='bbox 776 2817 1063 2882; x_wconf 90' lang='lat' dir='ltr'>demonstratione</span> <span class='ocrx_word' id='word_1_167' title='bbox 1084 2818 1230 2900; x_wconf 89' lang='lat' dir='ltr'>gaudere</span> <span class='ocrx_word' id='word_1_168' title='bbox 1253 2818 1296 2880; x_wconf 88' lang='lat' dir='ltr'>de</span> <span class='ocrx_word' id='word_1_169' title='bbox 1317 2816 1513 2880; x_wconf 89' lang='lat' dir='ltr'>veritatibus</span> 
     </span>
     <span class='ocr_line' id='line_1_23' title="bbox 358 2921 1512 3004; baseline 0.003 -22"><span class='ocrx_word' id='word_1_170' title='bbox 358 2940 477 2998; x_wconf 90' lang='lat' dir='ltr'>rerum,</span> <span class='ocrx_word' id='word_1_171' title='bbox 492 2930 625 3002; x_wconf 88' lang='lat' dir='ltr'>oportet</span> <span class='ocrx_word' id='word_1_172' title='bbox 648 2922 738 3002; x_wconf 93' lang='lat' dir='ltr'>quod</span> <span class='ocrx_word' id='word_1_173' title='bbox 762 2923 988 3004; x_wconf 87' lang='lat' dir='ltr'>experientiae</span> <span class='ocrx_word' id='word_1_174' title='bbox 1008 2923 1093 2986; x_wconf 88' lang='lat' dir='ltr'>sciat</span> <span class='ocrx_word' id='word_1_175' title='bbox 1115 2942 1253 2999; x_wconf 90' lang='lat' dir='ltr'>vacare;</span> <span class='ocrx_word' id='word_1_176' title='bbox 1276 2931 1310 2985; x_wconf 93' lang='lat' dir='ltr'>et</span> <span class='ocrx_word' id='word_1_177' title='bbox 1332 2921 1396 2985; x_wconf 92' lang='lat' dir='ltr'>hoc</span> <span class='ocrx_word' id='word_1_178' title='bbox 1419 2931 1512 3004; x_wconf 86' lang='lat' dir='ltr'>patet</span> 
     </span>
     <span class='ocr_line' id='line_1_24' title="bbox 359 3025 1512 3109; baseline 0.002 -23"><span class='ocrx_word' id='word_1_179' title='bbox 359 3044 403 3087; x_wconf 90' lang='lat' dir='ltr'>ex</span> <span class='ocrx_word' id='word_1_180' title='bbox 420 3025 581 3109; x_wconf 87' lang='lat' dir='ltr'>exemplis</span> <span class='ocrx_word' id='word_1_181' title='bbox 593 3025 614 3089; x_wconf 78' lang='lat'>⁵.</span> <span class='ocrx_word' id='word_1_182' title='bbox 670 3026 701 3088; x_wconf 95' lang='lat' dir='ltr'>N</span> <span class='ocrx_word' id='word_1_183' title='bbox 704 3047 758 3090; x_wconf 91' lang='lat' dir='ltr'>am</span> <span class='ocrx_word' id='word_1_184' title='bbox 775 3026 880 3091; x_wconf 88' lang='lat' dir='ltr'>multa</span> <span class='ocrx_word' id='word_1_185' title='bbox 895 3026 1044 3091; x_wconf 89' lang='lat' dir='ltr'>scribunt</span> <span class='ocrx_word' id='word_1_186' title='bbox 1059 3036 1219 3104; x_wconf 91' lang='lat' dir='ltr'>auctores,</span> <span class='ocrx_word' id='word_1_187' title='bbox 1237 3035 1271 3090; x_wconf 89' lang='lat' dir='ltr'>et</span> <span class='ocrx_word' id='word_1_188' title='bbox 1285 3025 1405 3109; x_wconf 86' lang='lat' dir='ltr'>vulgus</span> <span class='ocrx_word' id='word_1_189' title='bbox 1420 3034 1512 3089; x_wconf 92' lang='lat' dir='ltr'>tenet</span> 
     </span>
     <span class='ocr_line' id='line_1_25' title="bbox 358 3129 1513 3214; baseline 0.003 -23"><span class='ocrx_word' id='word_1_190' title='bbox 358 3149 417 3212; x_wconf 88' lang='lat' dir='ltr'>per</span> <span class='ocrx_word' id='word_1_191' title='bbox 432 3139 627 3212; x_wconf 86' lang='lat' dir='ltr'>argumenta</span> <span class='ocrx_word' id='word_1_192' title='bbox 642 3149 727 3211; x_wconf 89' lang='lat' dir='ltr'>quae</span> <span class='ocrx_word' id='word_1_193' title='bbox 744 3129 841 3212; x_wconf 88' lang='lat' dir='ltr'>fingit</span> <span class='ocrx_word' id='word_1_194' title='bbox 855 3131 927 3193; x_wconf 91' lang='lat' dir='ltr'>sine</span> <span class='ocrx_word' id='word_1_195' title='bbox 943 3131 1159 3214; x_wconf 87' lang='lat' dir='ltr'>experientia,</span> <span class='ocrx_word' id='word_1_196' title='bbox 1174 3151 1260 3212; x_wconf 89' lang='lat' dir='ltr'>quae</span> <span class='ocrx_word' id='word_1_197' title='bbox 1279 3139 1357 3194; x_wconf 89' lang='lat' dir='ltr'>sunt</span> <span class='ocrx_word' id='word_1_198' title='bbox 1374 3131 1513 3194; x_wconf 91' lang='lat' dir='ltr'>omnino</span> 
     </span>
     <span class='ocr_line' id='line_1_26' title="bbox 357 3232 1513 3317; baseline 0.002 -23"><span class='ocrx_word' id='word_1_199' title='bbox 357 3232 448 3296; x_wconf 90' lang='lat' dir='ltr'>falsa.</span> <span class='ocrx_word' id='word_1_200' title='bbox 492 3232 678 3314; x_wconf 86' lang='lat' dir='ltr'>Vulgatum</span> <span class='ocrx_word' id='word_1_201' title='bbox 705 3234 793 3296; x_wconf 88' lang='lat' dir='ltr'>enim</span> <span class='ocrx_word' id='word_1_202' title='bbox 820 3245 870 3298; x_wconf 91' lang='lat' dir='ltr'>est</span> <span class='ocrx_word' id='word_1_203' title='bbox 901 3237 993 3317; x_wconf 89' lang='lat' dir='ltr'>apud</span> <span class='ocrx_word' id='word_1_204' title='bbox 1018 3255 1133 3298; x_wconf 82' lang='lat' dir='ltr'>omnes</span> <span class='ocrx_word' id='word_1_205' title='bbox 1163 3235 1253 3317; x_wconf 91' lang='lat' dir='ltr'>quod</span> <span class='ocrx_word' id='word_1_206' title='bbox 1281 3236 1419 3299; x_wconf 89' lang='lat' dir='ltr'>adamas</span> <span class='ocrx_word' id='word_1_207' title='bbox 1445 3254 1513 3297; x_wconf 92' lang='lat' dir='ltr'>non</span> 
     </span>
     <span class='ocr_line' id='line_1_27' title="bbox 359 3335 1513 3422; baseline 0.001 -23"><span class='ocrx_word' id='word_1_208' title='bbox 359 3344 470 3419; x_wconf 90' lang='lat' dir='ltr'>potest</span> <span class='ocrx_word' id='word_1_209' title='bbox 489 3335 593 3419; x_wconf 80' lang='lat' dir='ltr'>frangi</span> <span class='ocrx_word' id='word_1_210' title='bbox 615 3337 676 3400; x_wconf 92' lang='lat' dir='ltr'>nisi</span> <span class='ocrx_word' id='word_1_211' title='bbox 695 3337 855 3419; x_wconf 87' lang='lat' dir='ltr'>sauguine</span> <span class='ocrx_word' id='word_1_212' title='bbox 875 3338 1001 3403; x_wconf 90' lang='lat' dir='ltr'>hircino</span> <span class='ocrx_word' id='word_1_213' title='bbox 1011 3341 1034 3416; x_wconf 79' lang='lat'>⁶,</span> <span class='ocrx_word' id='word_1_214' title='bbox 1054 3349 1088 3402; x_wconf 93' lang='lat' dir='ltr'>et</span> <span class='ocrx_word' id='word_1_215' title='bbox 1105 3338 1295 3422; x_wconf 90' lang='lat' dir='ltr'>philosophi</span> <span class='ocrx_word' id='word_1_216' title='bbox 1316 3349 1349 3403; x_wconf 90' lang='lat' dir='ltr'>et</span> <span class='ocrx_word' id='word_1_217' title='bbox 1364 3338 1513 3419; x_wconf 88' lang='lat' dir='ltr'>theologi</span> 
     </span>
     <span class='ocr_line' id='line_1_28' title="bbox 359 3439 1514 3507; baseline 0.002 -5"><span class='ocrx_word' id='word_1_218' title='bbox 359 3439 422 3503; x_wconf 91' lang='lat' dir='ltr'>hac</span> <span class='ocrx_word' id='word_1_219' title='bbox 449 3441 611 3504; x_wconf 89' lang='lat' dir='ltr'>sententia</span> <span class='ocrx_word' id='word_1_220' title='bbox 634 3442 826 3505; x_wconf 90' lang='lat' dir='ltr'>abutuntur.</span> <span class='ocrx_word' id='word_1_221' title='bbox 871 3442 939 3507; x_wconf 90' lang='lat' dir='ltr'>Sed</span> <span class='ocrx_word' id='word_1_222' title='bbox 966 3445 1113 3506; x_wconf 91' lang='lat' dir='ltr'>nondum</span> <span class='ocrx_word' id='word_1_223' title='bbox 1140 3441 1358 3507; x_wconf 89' lang='lat' dir='ltr'>certificatum</span> <span class='ocrx_word' id='word_1_224' title='bbox 1389 3450 1441 3506; x_wconf 89' lang='lat' dir='ltr'>est</span> <span class='ocrx_word' id='word_1_225' title='bbox 1471 3443 1514 3505; x_wconf 92' lang='lat' dir='ltr'>de</span> 
     </span>
     <span class='ocr_line' id='line_1_29' title="bbox 359 3543 1513 3628; baseline 0.001 -22"><span class='ocrx_word' id='word_1_226' title='bbox 359 3543 521 3608; x_wconf 83' lang='lat' dir='ltr'>fractione</span> <span class='ocrx_word' id='word_1_227' title='bbox 546 3562 606 3625; x_wconf 89' lang='lat' dir='ltr'>per</span> <span class='ocrx_word' id='word_1_228' title='bbox 634 3545 825 3628; x_wconf 89' lang='lat' dir='ltr'>hujusmodi</span> <span class='ocrx_word' id='word_1_229' title='bbox 856 3548 1063 3628; x_wconf 84' lang='lat' dir='ltr'>sanguinem,</span> <span class='ocrx_word' id='word_1_230' title='bbox 1085 3567 1277 3628; x_wconf 89' lang='lat' dir='ltr'>quanquam</span> <span class='ocrx_word' id='word_1_231' title='bbox 1308 3545 1513 3610; x_wconf 90' lang='lat' dir='ltr'>elaboratum</span> 
     </span>
     <span class='ocr_line' id='line_1_30' title="bbox 361 3648 1515 3735; baseline 0.003 -25"><span class='ocrx_word' id='word_1_232' title='bbox 361 3658 412 3712; x_wconf 91' lang='lat' dir='ltr'>est</span> <span class='ocrx_word' id='word_1_233' title='bbox 426 3649 470 3711; x_wconf 91' lang='lat' dir='ltr'>ad</span> <span class='ocrx_word' id='word_1_234' title='bbox 490 3648 573 3727; x_wconf 93' lang='lat' dir='ltr'>hoc;</span> <span class='ocrx_word' id='word_1_235' title='bbox 596 3660 630 3713; x_wconf 92' lang='lat' dir='ltr'>et</span> <span class='ocrx_word' id='word_1_236' title='bbox 646 3650 713 3713; x_wconf 92' lang='lat' dir='ltr'>sine</span> <span class='ocrx_word' id='word_1_237' title='bbox 731 3649 788 3713; x_wconf 94' lang='lat' dir='ltr'>illo</span> <span class='ocrx_word' id='word_1_238' title='bbox 811 3653 971 3734; x_wconf 86' lang='lat' dir='ltr'>sanguine</span> <span class='ocrx_word' id='word_1_239' title='bbox 986 3661 1098 3735; x_wconf 91' lang='lat' dir='ltr'>potest</span> <span class='ocrx_word' id='word_1_240' title='bbox 1113 3649 1218 3734; x_wconf 90' lang='lat' dir='ltr'>frangi</span> <span class='ocrx_word' id='word_1_241' title='bbox 1233 3652 1276 3714; x_wconf 92' lang='lat' dir='ltr'>de</span> <span class='ocrx_word' id='word_1_242' title='bbox 1292 3649 1389 3714; x_wconf 84' lang='lat' dir='ltr'>facili.</span> <span class='ocrx_word' id='word_1_243' title='bbox 1436 3650 1515 3714; x_wconf 93' lang='lat' dir='ltr'>Hoc</span> 
     </span>
     <span class='ocr_line' id='line_1_31' title="bbox 360 3753 1514 3837; baseline 0.001 -20"><span class='ocrx_word' id='word_1_244' title='bbox 360 3755 448 3817; x_wconf 90' lang='lat' dir='ltr'>enirn</span> <span class='ocrx_word' id='word_1_245' title='bbox 464 3754 532 3816; x_wconf 92' lang='lat' dir='ltr'>vidi</span> <span class='ocrx_word' id='word_1_246' title='bbox 548 3753 652 3817; x_wconf 92' lang='lat' dir='ltr'>oculis</span> <span class='ocrx_word' id='word_1_247' title='bbox 672 3757 774 3830; x_wconf 90' lang='lat' dir='ltr'>meis;</span> <span class='ocrx_word' id='word_1_248' title='bbox 798 3764 832 3819; x_wconf 92' lang='lat' dir='ltr'>et</span> <span class='ocrx_word' id='word_1_249' title='bbox 855 3776 988 3820; x_wconf 90' lang='lat' dir='ltr'>necesse</span> <span class='ocrx_word' id='word_1_250' title='bbox 1010 3766 1061 3819; x_wconf 89' lang='lat' dir='ltr'>est</span> <span class='ocrx_word' id='word_1_251' title='bbox 1083 3755 1156 3832; x_wconf 93' lang='lat' dir='ltr'>hoc,</span> <span class='ocrx_word' id='word_1_252' title='bbox 1171 3756 1249 3837; x_wconf 89' lang='lat' dir='ltr'>quia</span> <span class='ocrx_word' id='word_1_253' title='bbox 1271 3775 1425 3836; x_wconf 87' lang='lat' dir='ltr'>gemmae</span> <span class='ocrx_word' id='word_1_254' title='bbox 1447 3775 1514 3818; x_wconf 92' lang='lat' dir='ltr'>non</span> 
     </span>
     <span class='ocr_line' id='line_1_32' title="bbox 360 3857 1515 3943; baseline -0.001 -21"><span class='ocrx_word' id='word_1_255' title='bbox 360 3868 500 3941; x_wconf 88' lang='lat' dir='ltr'>possunt</span> <span class='ocrx_word' id='word_1_256' title='bbox 524 3857 627 3939; x_wconf 90' lang='lat' dir='ltr'>sculpi</span> <span class='ocrx_word' id='word_1_257' title='bbox 655 3859 717 3921; x_wconf 89' lang='lat' dir='ltr'>nisi</span> <span class='ocrx_word' id='word_1_258' title='bbox 748 3879 806 3943; x_wconf 90' lang='lat' dir='ltr'>per</span> <span class='ocrx_word' id='word_1_259' title='bbox 836 3858 1022 3943; x_wconf 89' lang='lat' dir='ltr'>fragmenta</span> <span class='ocrx_word' id='word_1_260' title='bbox 1052 3859 1150 3943; x_wconf 92' lang='lat' dir='ltr'>hujus</span> <span class='ocrx_word' id='word_1_261' title='bbox 1179 3859 1308 3943; x_wconf 90' lang='lat' dir='ltr'>lapidis.</span> <span class='ocrx_word' id='word_1_262' title='bbox 1353 3857 1515 3923; x_wconf 89' lang='lat' dir='ltr'>Similiter</span> 
     </span>
     <span class='ocr_line' id='line_1_33' title="bbox 358 3962 1515 4045; baseline 0 -20"><span class='ocrx_word' id='word_1_263' title='bbox 358 3962 532 4044; x_wconf 88' lang='lat' dir='ltr'>vulgatum</span> <span class='ocrx_word' id='word_1_264' title='bbox 548 3971 598 4025; x_wconf 93' lang='lat' dir='ltr'>est</span> <span class='ocrx_word' id='word_1_265' title='bbox 614 3963 703 4045; x_wconf 93' lang='lat' dir='ltr'>quod</span> <span class='ocrx_word' id='word_1_266' title='bbox 719 3972 867 4026; x_wconf 89' lang='lat' dir='ltr'>castorea</span> <span class='ocrx_word' id='word_1_267' title='bbox 882 3962 1003 4045; x_wconf 90' lang='lat' dir='ltr'>quibus</span> <span class='ocrx_word' id='word_1_268' title='bbox 1019 3965 1136 4026; x_wconf 88' lang='lat' dir='ltr'>medici</span> <span class='ocrx_word' id='word_1_269' title='bbox 1155 3973 1293 4026; x_wconf 91' lang='lat' dir='ltr'>utuntur</span> <span class='ocrx_word' id='word_1_270' title='bbox 1314 3974 1391 4026; x_wconf 92' lang='lat' dir='ltr'>sunt</span> <span class='ocrx_word' id='word_1_271' title='bbox 1413 3972 1515 4026; x_wconf 89' lang='lat' dir='ltr'>testes</span> 
     </span>
     <span class='ocr_line' id='line_1_34' title="bbox 359 4066 1516 4148; baseline 0.001 -19"><span class='ocrx_word' id='word_1_272' title='bbox 359 4067 495 4130; x_wconf 88' lang='lat' dir='ltr'>masculi</span> <span class='ocrx_word' id='word_1_273' title='bbox 511 4066 672 4130; x_wconf 78' lang='lat' dir='ltr'>animalis</span> <span class='ocrx_word' id='word_1_274' title='bbox 718 4067 786 4132; x_wconf 90' lang='lat' dir='ltr'>Sed</span> <span class='ocrx_word' id='word_1_275' title='bbox 803 4087 870 4130; x_wconf 92' lang='lat' dir='ltr'>non</span> <span class='ocrx_word' id='word_1_276' title='bbox 892 4077 942 4130; x_wconf 90' lang='lat' dir='ltr'>est</span> <span class='ocrx_word' id='word_1_277' title='bbox 964 4068 1019 4141; x_wconf 89' lang='lat' dir='ltr'>ita,</span> <span class='ocrx_word' id='word_1_278' title='bbox 1033 4067 1112 4148; x_wconf 92' lang='lat' dir='ltr'>quia</span> <span class='ocrx_word' id='word_1_279' title='bbox 1135 4076 1243 4130; x_wconf 89' lang='lat' dir='ltr'>castor</span> <span class='ocrx_word' id='word_1_280' title='bbox 1265 4067 1367 4130; x_wconf 91' lang='lat' dir='ltr'>habet</span> <span class='ocrx_word' id='word_1_281' title='bbox 1390 4088 1430 4129; x_wconf 86' lang='lat' dir='ltr'>ea</span> <span class='ocrx_word' id='word_1_282' title='bbox 1453 4068 1516 4130; x_wconf 92' lang='lat' dir='ltr'>sub</span> 
     </span>
     <span class='ocr_line' id='line_1_35' title="bbox 359 4168 1514 4254; baseline -0.001 -20"><span class='ocrx_word' id='word_1_283' title='bbox 359 4180 500 4254; x_wconf 90' lang='lat' dir='ltr'>pectore,</span> <span class='ocrx_word' id='word_1_284' title='bbox 516 4180 549 4232; x_wconf 90' lang='lat' dir='ltr'>et</span> <span class='ocrx_word' id='word_1_285' title='bbox 565 4180 634 4234; x_wconf 90' lang='lat' dir='ltr'>tam</span> <span class='ocrx_word' id='word_1_286' title='bbox 652 4191 724 4235; x_wconf 92' lang='lat' dir='ltr'>mas</span> <span class='ocrx_word' id='word_1_287' title='bbox 739 4190 839 4253; x_wconf 90' lang='lat' dir='ltr'>quam</span> <span class='ocrx_word' id='word_1_288' title='bbox 856 4168 1004 4235; x_wconf 90' lang='lat' dir='ltr'>foemina</span> <span class='ocrx_word' id='word_1_289' title='bbox 1018 4170 1210 4254; x_wconf 90' lang='lat' dir='ltr'>hujusmodi</span> <span class='ocrx_word' id='word_1_290' title='bbox 1232 4179 1333 4233; x_wconf 89' lang='lat' dir='ltr'>testes</span> <span class='ocrx_word' id='word_1_291' title='bbox 1349 4171 1514 4254; x_wconf 89' lang='lat' dir='ltr'>producit.</span> 
     </span>
    </p>
   </div>
   <div class='ocr_carea' id='block_1_3' title="bbox 391 4361 1513 4659">
    <p class='ocr_par' dir='ltr' id='par_1_6' title="bbox 392 4361 1513 4503">
     <span class='ocr_line' id='line_1_36' title="bbox 393 4361 1513 4425; baseline 0.002 -14"><span class='ocrx_word' id='word_1_292' title='bbox 393 4365 401 4394; x_wconf 90' lang='lat'><strong>¹</strong></span> <span class='ocrx_word' id='word_1_293' title='bbox 419 4363 489 4425; x_wconf 86' lang='lat' dir='ltr'>Quo,</span> <span class='ocrx_word' id='word_1_294' title='bbox 499 4362 514 4422; x_wconf 94' lang='lat' dir='ltr'>J</span> <span class='ocrx_word' id='word_1_295' title='bbox 518 4378 541 4421; x_wconf 89' lang='lat'>.;</span> <span class='ocrx_word' id='word_1_296' title='bbox 558 4377 629 4424; x_wconf 84' lang='lat' dir='ltr'>ergo,</span> <span class='ocrx_word' id='word_1_297' title='bbox 642 4362 674 4412; x_wconf 92' lang='lat' dir='ltr'>D.</span> <span class='ocrx_word' id='word_1_298' title='bbox 686 4362 738 4411; x_wconf 85' lang='lat' dir='ltr'>and</span> <span class='ocrx_word' id='word_1_299' title='bbox 751 4361 783 4410; x_wconf 91' lang='grc' dir='ltr'>Ο.</span> <span class='ocrx_word' id='word_1_300' title='bbox 934 4361 944 4389; x_wconf 90' lang='lat'><strong>¹</strong></span> <span class='ocrx_word' id='word_1_301' title='bbox 960 4363 1115 4424; x_wconf 86' lang='lat' dir='ltr'>quaestioni,</span> <span class='ocrx_word' id='word_1_302' title='bbox 1126 4362 1171 4422; x_wconf 83' lang='lat' dir='ltr'>J.;</span> <span class='ocrx_word' id='word_1_303' title='bbox 1188 4362 1356 4422; x_wconf 86' lang='lat' dir='ltr'>conclusioni,</span> <span class='ocrx_word' id='word_1_304' title='bbox 1371 4362 1404 4410; x_wconf 91' lang='lat' dir='ltr'>D.</span> <span class='ocrx_word' id='word_1_305' title='bbox 1416 4363 1468 4412; x_wconf 76' lang='lat' dir='ltr'>and</span> <span class='ocrx_word' id='word_1_306' title='bbox 1480 4363 1513 4412; x_wconf 93' lang='grc' dir='ltr'>Ο.</span> 
     </span>
     <span class='ocr_line' id='line_1_37' title="bbox 392 4439 1413 4503; baseline -0.002 -12"><span class='ocrx_word' id='word_1_307' title='bbox 392 4444 402 4473; x_wconf 80' lang='lat'><strong>³</strong></span> <span class='ocrx_word' id='word_1_308' title='bbox 418 4442 515 4502; x_wconf 90' lang='lat' dir='ltr'>sirnilis,</span> <span class='ocrx_word' id='word_1_309' title='bbox 527 4441 570 4501; x_wconf 84' lang='lat' dir='ltr'>J.;</span> <span class='ocrx_word' id='word_1_310' title='bbox 587 4440 755 4503; x_wconf 83' lang='lat' dir='ltr'>syllogismus</span> <span class='ocrx_word' id='word_1_311' title='bbox 768 4441 800 4490; x_wconf 89' lang='lat' dir='ltr'>D.</span> <span class='ocrx_word' id='word_1_312' title='bbox 811 4441 862 4489; x_wconf 77' lang='lat' dir='ltr'>and</span> <span class='ocrx_word' id='word_1_313' title='bbox 876 4440 908 4490; x_wconf 94' lang='grc' dir='ltr'>Ο.</span> <span class='ocrx_word' id='word_1_314' title='bbox 1044 4439 1054 4468; x_wconf 80' lang='lat'><strong>⁴</strong></span> <span class='ocrx_word' id='word_1_315' title='bbox 1071 4440 1111 4489; x_wconf 82' lang='lat' dir='ltr'>Cf.</span> <span class='ocrx_word' id='word_1_316' title='bbox 1125 4440 1184 4491; x_wconf 80' lang='lat' dir='ltr'>Eth.</span> <span class='ocrx_word' id='word_1_317' title='bbox 1195 4441 1248 4490; x_wconf 76' lang='lat' dir='ltr'>Nic.</span> <span class='ocrx_word' id='word_1_318' title='bbox 1261 4442 1295 4491; x_wconf 88' lang='lat' dir='ltr'>vi.</span> <span class='ocrx_word' id='word_1_319' title='bbox 1310 4455 1348 4500; x_wconf 88' lang='lat'>11,</span> <span class='ocrx_word' id='word_1_320' title='bbox 1363 4446 1376 4501; x_wconf 61' lang='grc' dir='ltr'><strong>ξ</strong></span> <span class='ocrx_word' id='word_1_321' title='bbox 1389 4443 1413 4490; x_wconf 87' lang='grc'>6.</span> 
     </span>
    </p>

    <p class='ocr_par' dir='ltr' id='par_1_7' title="bbox 391 4518 1120 4580">
     <span class='ocr_line' id='line_1_38' title="bbox 391 4518 1120 4580; baseline -0.001 -11"><span class='ocrx_word' id='word_1_322' title='bbox 391 4519 401 4547; x_wconf 77' lang='lat'>⁵</span> <span class='ocrx_word' id='word_1_323' title='bbox 417 4521 473 4569; x_wconf 91' lang='lat' dir='ltr'>The</span> <span class='ocrx_word' id='word_1_324' title='bbox 485 4521 533 4569; x_wconf 84' lang='lat' dir='ltr'>last</span> <span class='ocrx_word' id='word_1_325' title='bbox 545 4521 595 4568; x_wconf 88' lang='lat' dir='ltr'>five</span> <span class='ocrx_word' id='word_1_326' title='bbox 606 4521 694 4568; x_wconf 88' lang='lat' dir='ltr'>words</span> <span class='ocrx_word' id='word_1_327' title='bbox 705 4519 734 4568; x_wconf 88' lang='lat' dir='ltr'>of</span> <span class='ocrx_word' id='word_1_328' title='bbox 741 4519 793 4568; x_wconf 86' lang='lat' dir='ltr'>this</span> <span class='ocrx_word' id='word_1_329' title='bbox 804 4526 928 4568; x_wconf 86' lang='lat' dir='ltr'>sentence</span> <span class='ocrx_word' id='word_1_330' title='bbox 939 4519 1047 4568; x_wconf 87' lang='lat' dir='ltr'>omitted</span> <span class='ocrx_word' id='word_1_331' title='bbox 1058 4518 1084 4566; x_wconf 92' lang='lat' dir='ltr'>in</span> <span class='ocrx_word' id='word_1_332' title='bbox 1094 4519 1120 4580; x_wconf 93' lang='lat' dir='ltr'>J.</span> 
     </span>
    </p>

    <p class='ocr_par' dir='ltr' id='par_1_8' title="bbox 392 4595 682 4659">
     <span class='ocr_line' id='line_1_39' title="bbox 392 4595 682 4659; baseline 0 -13"><span class='ocrx_word' id='word_1_333' title='bbox 392 4595 402 4625; x_wconf 81' lang='lat'>⁸</span> <span class='ocrx_word' id='word_1_334' title='bbox 419 4598 458 4647; x_wconf 86' lang='lat' dir='ltr'>Cf.</span> <span class='ocrx_word' id='word_1_335' title='bbox 472 4598 537 4646; x_wconf 92' lang='lat' dir='ltr'>Plin.</span> <span class='ocrx_word' id='word_1_336' title='bbox 549 4599 647 4647; x_wconf 86' lang='lat' dir='ltr'>xxxvii.</span> <span class='ocrx_word' id='word_1_337' title='bbox 658 4613 682 4659; x_wconf 83' lang='lat'>3.</span> 
     </span>
    </p>
   </div>
   <div class='ocr_carea' id='block_1_4' title="bbox 0 0 1789 5359">
    <p class='ocr_par' dir='ltr' id='par_1_9' title="bbox 0 0 1789 5359">
     <span class='ocr_line' id='line_1_40' title="bbox 0 0 1789 5359; baseline 0 0"><span class='ocrx_word' id='word_1_338' title='bbox 0 0 1789 5359; x_wconf 95' lang='lat' dir='ltr'> </span> 
     </span>
    </p>
   </div>
  </div>
 </body>
</html>
