3542 5359
389 671 585 732 MORALIS
609 671 906 732 PHILOSOPHIA
918 694 929 729 .·
965 671 1080 731 PARS
1105 670 1251 731 PRIMA.
1335 687 1397 746 229

244 837 413 900 excedunt
446 833 625 898 humanam
657 835 817 899 rationem
850 844 884 898 et
914 835 1037 900 cadunt
1068 834 1131 898 sub
1164 835 1363 899 revelatione
1374 830 1396 905 ¹,

244 949 334 1004 tacta
364 951 415 1004 est
440 940 532 1022 prius
562 941 595 1001 in
623 937 903 1003 Mathematicis².
950 940 1038 1002 Nam
1069 940 1114 1003 ibi
1145 950 1314 1004 ostensum
1344 948 1395 1002 est

243 1044 385 1126 qualiter
414 1053 595 1126 potuerunt
623 1042 745 1107 habere
770 1043 892 1108 multas
915 1043 1042 1108 nobiles
1068 1044 1223 1106 veritates
1249 1044 1292 1106 de
1319 1042 1395 1105 Deo

243 1168 328 1229 quae
342 1147 477 1212 habitae
491 1157 568 1210 sunt
584 1167 643 1230 per
658 1147 893 1211 revelationem
908 1147 1029 1212 iactam
1046 1147 1093 1211 eis
1107 1147 1290 1211 secundum
1303 1145 1394 1228 quod

243 1250 428 1333 Apostolus
440 1253 530 1329 dicit,
539 1253 631 1315 Deus
643 1251 729 1316 enim
744 1250 800 1314 illa
811 1251 979 1316 revelavit.
1006 1250 1074 1316 Sed
1086 1251 1191 1333 magis
1201 1249 1394 1334 patriarchis

242 1365 276 1418 et
292 1356 463 1438 prophetis
478 1358 521 1419 de
536 1357 656 1439 quibus
677 1365 808 1419 constat
827 1357 918 1439 quod
939 1355 1173 1420 revelationem
1194 1352 1394 1419 habuerint³

240 1461 402 1542 aquibus
424 1458 613 1542 philosophi
636 1460 748 1523 omnia
769 1460 968 1538 didicerunt,
984 1470 1020 1522 ut
1042 1461 1132 1543 prius
1155 1469 1205 1524 est
1224 1458 1394 1522 evidenter

240 1562 446 1644 probatum⁴.
501 1563 590 1627 Nam
610 1563 814 1648 patriarchae
830 1575 863 1628 et
878 1565 1061 1648 prophetae
1077 1585 1144 1627 non
1159 1565 1266 1628 solum
1282 1563 1393 1626 divina

238 1668 426 1731 tractabant
451 1667 639 1751 theologice
662 1677 719 1731 aut
743 1669 945 1752 prophetice,
967 1671 1026 1732 sed
1056 1668 1292 1752 philosophice,
1315 1669 1393 1748 quia

238 1781 346 1836 totam
362 1771 607 1855 philosophiam
623 1772 870 1850 adinvenerunt,
882 1774 967 1836 sicut
980 1773 1013 1835 in
1029 1774 1172 1836 secunda
1183 1783 1278 1855 parte
1292 1771 1391 1852 hujus

238 1876 346 1957 operis
361 1877 538 1957 probatum
555 1884 615 1938 est.
647 1875 762 1940 Potuit
777 1887 889 1940 autem
908 1876 1160 1958 Metaphysicus
1174 1877 1255 1938 satis
1271 1877 1390 1939 docere

238 1980 328 2060 quod
352 1980 444 2042 Deus
466 1989 525 2056 est,
544 1989 578 2043 et
601 1980 690 2061 quod
715 1979 908 2044 naturaliter
930 1979 1150 2063 cognoscitur,
1169 1990 1203 2042 et
1225 1980 1315 2061 quod
1339 1987 1390 2041 est

238 2081 385 2146 infinitae
415 2084 594 2166 potentiae,
624 2093 658 2148 et
684 2085 775 2166 quod
805 2096 855 2148 est
886 2105 980 2158 unus,
1006 2094 1041 2146 et
1070 2084 1161 2165 quod
1191 2095 1243 2146 est
1272 2083 1387 2147 trinua.

238 2184 306 2250 Sed
321 2187 491 2269 quomodo
507 2187 552 2250 ibi
567 2187 611 2251 sit
623 2188 768 2251 Trinitas
780 2206 846 2251 non
862 2188 972 2271 potuit
988 2188 1031 2252 ad
1047 2187 1183 2271 plenum
1198 2186 1387 2268 explicare3

237 2299 271 2353 et
287 2291 362 2354 ideo
378 2290 430 2357 hic
446 2301 497 2354 est
513 2291 576 2355 hoc
592 2291 837 2355 verificandum.

281 2395 342 2458 Est
358 2397 457 2478 igitur
472 2396 570 2458 beata
583 2395 737 2474 Trinitas,
751 2395 849 2459 Pater
861 2405 895 2459 et
909 2397 1020 2474 Filius,
1031 2405 1065 2459 et
1077 2394 1221 2478 Spiritus
1234 2393 1385 2459 Sanctus.
1401 2395 1530 2472 antispa-

236 2499 324 2562 Nam
337 2498 495 2563 Claudius
504 2499 526 2574 ⁶,
537 2520 621 2562 unus
636 2501 678 2562 de
690 2501 939 2584 expositoribus
953 2500 1143 2584 Scripturae
1156 2499 1288 2578 Sacrae,
1298 2501 1331 2562 in
1345 2521 1387 2564 eo
1399 2461 1557 2590 ἓζὲᾪὲῑξξ

234 2602 320 2668 libro
331 2625 398 2687 quo
414 2614 529 2667 contra
539 2603 622 2667 hanc
638 2603 789 2681 heresim,
800 2604 893 2667 Deus
908 2605 989 2668 nihil
1001 2605 1100 2668 sentit
1113 2604 1276 2686 passionis
1286 2624 1384 2667 sensu
1399 2591 1545 2708 ffili‘agnd

234 2708 286 2771 vel
306 2707 543 2789 compassionis
558 2708 689 2781 affectu,
705 2710 862 2791 disputat,
878 2707 977 2771 infert
998 2709 1120 2778 dicens,
1140 2708 1253 2771 ‘Plato
1268 2716 1334 2770 tres
1350 2709 1383 2770 in
1399 2723 1482 2786 philo

235 2809 417 2875 Divinitate
446 2831 605 2895 personas
636 2810 793 2874 laudabili
823 2832 915 2887 ausu,
939 2810 1077 2875 mirabili
1111 2811 1242 2892 ingenio
1264 2811 1384 2874 immu-
1398 2789 1508 2853 ‘⁰9¹¹‘ss

233 2915 326 2977 tabili
348 2915 507 2979 consilio⁶
530 2913 727 2997 quaesivit⁷,
750 2916 883 2995 invenit,
909 2917 1076 3000 prodidit3
1107 2915 1238 2978 Patrem
1262 2915 1382 2987 Deum,

233 3027 403 3099 paternam
425 3038 558 3101 quoque
578 3029 724 3083 mentem
745 3030 851 3084 artem
873 3021 941 3082 sive
962 3016 1146 3096 consilium,
1162 3027 1196 3081 et
1211 3017 1381 3100 utriusque

232 3143 379 3186 amorem
406 3119 578 3186 mutuum!
624 3123 736 3187 Unam
765 3143 932 3188 summam
962 3122 1181 3206 aequitrinam
1208 3121 1381 3186 indivisam

233 3225 451 3291 Divinitatem
468 3247 532 3290 non
549 3227 656 3290 solum
673 3229 719 3292 ita
741 3228 828 3293 credi
851 3239 1005 3311 oportere
1022 3226 1145 3304 docuit,
1161 3226 1219 3288 sed
1242 3226 1290 3288 ita
1311 3246 1383 3290 esse

231 3331 381 3394 convIcit.
428 3330 523 3394 Haec
539 3352 582 3394 ex
602 3330 685 3394 libro
705 3353 766 3396 suo
790 3332 831 3396 de
851 3332 971 3395 divinis
987 3331 1084 3394 rebus
1100 3329 1274 3393 manifesta
1295 3339 1382 3394 sunt.

232 3433 278 3498 Et
302 3433 512 3517 Porphyrius,
532 3444 567 3498 ut
587 3432 798 3518 Augustinus
823 3436 912 3512 dicit,
933 3436 1064 3500 decimo
1087 3435 1129 3499 de
1152 3433 1295 3498 Civitate
1317 3434 1380 3497 Dei

230 3538 376 3620 capitulo
386 3538 547 3620 vigesimo
562 3557 659 3616 nono,
669 3540 867 3622 praedicavit
881 3541 1013 3604 Patrem
1028 3549 1062 3603 et
1073 3538 1146 3622 ejus
1158 3538 1265 3601 Flium
1281 3558 1379 3620 quem

228 3643 358 3706 vocavit
380 3653 553 3724 paternum
577 3643 779 3708 intellectum
802 3654 835 3708 et
859 3654 1014 3718 mentem,
1037 3643 1210 3707 ethorum
1233 3643 1379 3706 medium

228 3767 339 3829 quem,
370 3757 407 3811 ut
433 3747 480 3810 ait
507 3746 727 3828 Augustinus,
755 3756 914 3830 putamus
943 3749 1051 3832 ipsum
1081 3748 1191 3811 dicere
1217 3745 1378 3831 Spiritum

230 3850 400 3930 Sanctum,
421 3861 456 3915 et
479 3870 570 3914 more
591 3852 677 3915 suo⁸
698 3851 870 3934 appellans
893 3863 960 3916 tres
984 3851 1087 3930 Deos,
1107 3852 1163 3915 ubi
1186 3852 1248 3915 etsi
1270 3852 1379 3915 verbis

259 4066 267 4094 ¹
286 4075 331 4120 et.
346 4105 352 4118 .
366 4105 372 4118 .
385 4067 553 4132 revelatione,
566 4085 616 4118 om.
630 4068 665 4119 M.

260 4146 270 4176 ¹
286 4146 343 4198 Vol.
355 4148 371 4196 i.
385 4163 408 4209 p.
423 4163 469 4209 ¹75
481 4157 573 4209 etseq.
607 4147 645 4197 Εἰ.
660 4149 715 4197 also
726 4149 772 4197 the
782 4148 870 4198 whole
882 4149 913 4198 ol
920 4149 964 4197 the
975 4149 1073 4197 second
1084 4155 1149 4209 part.

258 4223 269 4253 ⁸
286 4240 333 4288 per
344 4225 529 4276 revelationem
542 4227 694 4288 habueruut,
710 4227 740 4275 D.
752 4235 780 4276 et
792 4227 824 4276 Ο.
956 4226 965 4254 ⁴
982 4235 1028 4276 ut.
1042 4263 1049 4277 .
1064 4263 1070 4276 .
1084 4226 1229 4288 probatum,
1241 4238 1290 4272 om.
1306 4222 1341 4272 bl.

257 4305 268 4334 ⁸
286 4303 296 4352 l
313 4319 433 4366 presume
449 4304 500 4354 this
516 4312 544 4353 to
560 4305 593 4354 be
609 4305 652 4354 the
667 4305 766 4367 Bishop
779 4306 809 4355 oi
821 4305 911 4366 Turin,
926 4306 987 4355 who
1002 4306 1029 4354 in
1045 4306 1089 4354 the
1103 4306 1177 4354 ninth
1192 4311 1301 4365 century
1318 4303 1377 4352 held

224 4383 396 4432 acrimonious
407 4391 576 4445 controversy
587 4383 651 4432 with
660 4383 744 4444 Jonas
756 4383 856 4447 Bishop
867 4384 898 4432 ol'
911 4382 1029 4445 Orleans,
1043 4383 1109 4433 with
1121 4384 1214 4445 regard
1225 4390 1252 4431 tn
1264 4383 1377 4443 inrasae,

224 4460 347 4510 Claudius
358 4461 437 4522 being
450 4477 484 4509 an
498 4461 649 4521 lconoclast,
662 4463 713 4511 and
725 4477 791 4511 even
800 4463 939 4525 suspected
948 4463 977 4510 ol
986 4461 1182 4511 Nestor-inuiam.
1216 4461 1268 4510 His
1280 4461 1376 4518 saorla,

223 4552 254 4586 or
264 4553 337 4587 some
348 4538 379 4588 oi
387 4539 464 4600 them,
474 4555 519 4588 are
531 4539 558 4587 in
569 4540 615 4590 the
631 4541 705 4601 torth
717 4540 820 4589 volume
832 4541 862 4589 oi
871 4540 983 4602 Migne's
993 4540 1146 4604 Patrologvh.

255 4615 266 4644 ¹
283 4618 431 4667 immutabili
444 4618 560 4679 consilio,
572 4633 623 4667 ona.
637 4617 671 4667 M.
922 4616 932 4644 ²
948 4626 1095 4681 quaesunt,
1110 4617 1145 4669 ld,

256 4696 266 4726 ⁸
283 4703 374 4748 nostro
392 4697 415 4746 ia
432 4698 477 4746 the
489 4697 598 4758 reading
609 4697 639 4744 oi
648 4695 688 4760 D,
703 4696 745 4759 0.,
759 4698 809 4746 and
823 4696 859 4748 Μ.
893 4697 944 4746 But
956 4697 1007 4748 this
1017 4714 1104 4748 seeum
1115 4713 1131 4748 a
1141 4696 1249 4747 mistake
1265 4696 1306 4746 ior
1316 4711 1374 4745 suo.
1439 4743 1443 4750 ,
