3542 5359
353 601 415 662 216
594 604 749 663 OPERIS
774 604 963 674 MAJORIS
986 604 1102 663 PARS
1127 603 1275 662 SEXTA.

353 766 396 831 ad
434 786 534 849 quam
576 767 751 833 intendunt
789 768 884 832 multi
919 765 1067 832 fidelium
1100 767 1382 852 philosophorum,
1420 766 1505 831 sicut

353 871 554 936 Aristoteles
569 883 603 936 et
625 873 721 938 turba
742 873 847 936 multa
867 882 1042 937 auctorum
1061 872 1260 954 judiciorum
1277 882 1451 944 astrorum,
1468 879 1506 934 ut

356 975 427 1058 ipse
443 977 535 1053 dicit,
549 986 583 1041 et
600 997 660 1042 nos
678 979 800 1042 scimus
817 997 876 1060 per
891 976 1060 1061 proprium
1082 977 1287 1056 exercitium,
1302 975 1355 1040 cui
1375 984 1506 1039 contra·

356 1081 419 1145 dici
450 1101 516 1145 non
548 1089 667 1165 potest.
725 1082 772 1147 Et
800 1081 883 1144 haec
913 1081 1077 1163 sapientia
1099 1082 1234 1145 inventa
1256 1091 1308 1145 est
1331 1080 1363 1143 in
1385 1100 1506 1164 purum

354 1184 538 1249 remedium
551 1185 717 1249 humanae
730 1173 936 1268 ignorantiae
948 1195 982 1250 et
992 1185 1251 1268 imprudentiae;
1273 1184 1408 1249 difficile
1417 1183 1506 1248 enim

354 1297 406 1352 est
432 1287 554 1353 habere
580 1290 800 1354 instrumenta
825 1291 1048 1354 astronomiae
1071 1300 1161 1354 certa
1183 1299 1217 1352 et
1240 1287 1449 1367 sufficienter,
1472 1297 1506 1350 et

355 1393 521 1457 difficilius
543 1405 594 1458 est
616 1394 738 1458 habere
759 1393 892 1458 tabulas
915 1394 1109 1468 verificatas,
1131 1395 1308 1477 praecipue
1330 1392 1506 1474 inquibus

355 1497 398 1561 sit
436 1509 549 1562 motus
585 1497 795 1580 planetarum
826 1509 995 1581 aequatus.
1043 1497 1088 1561 Et
1122 1497 1261 1561 difficilis
1299 1506 1350 1562 est
1386 1496 1505 1560 harum

355 1600 543 1665 tabularum
568 1623 656 1681 usus,
678 1603 737 1666 sed
760 1601 927 1666 difficilior
954 1621 1033 1665 usus
1059 1601 1362 1665 instrumentorum.
1411 1601 1507 1664 Haec

354 1714 466 1769 autem
485 1705 623 1770 scientia
647 1704 857 1771 definitiones
880 1703 940 1771 et¹
962 1706 1033 1769 vias
1053 1706 1233 1782 adinvenit,
1258 1725 1317 1787 per
1339 1725 1423 1787 quas
1445 1727 1506 1768 ex-

354 1809 467 1892 pedite
489 1809 532 1874 ad
555 1830 688 1874 omnem
711 1811 943 1892 quaestionem
973 1810 1184 1890 respondeat,
1207 1820 1368 1891 quantum
1395 1817 1507 1890 potest

355 1912 582 1997 philosophiae
596 1914 770 1998 singularis
785 1914 977 1997 proprietas,
996 1923 1029 1977 et
1045 1933 1104 1997 per
1119 1910 1221 1996 quas²
1237 1915 1394 1978 ostendat
1409 1913 1506 1977 nobis

357 2014 568 2099 figurationes
589 2019 784 2083 coelestium
799 2018 980 2097 virtutum;
1003 2027 1036 2082 et
1056 2018 1290 2100 impressiones
1312 2015 1505 2081 coelestium

355 2121 388 2184 in
417 2120 481 2185 hoc
511 2123 645 2199 mundo,
675 2123 745 2187 sine
773 2123 968 2187 difficultate
997 2123 1220 2187 astronomiae
1250 2122 1415 2205 vulgatae.
1462 2122 1508 2184 Et

353 2225 437 2290 haec
461 2246 537 2309 pars
565 2226 747 2310 judicativa
774 2225 875 2291 habet
898 2215 1042 2310 quatuor
1064 2227 1191 2290 radices
1220 2226 1429 2310 principales,
1449 2247 1507 2290 seu

356 2329 508 2394 scientias
523 2340 673 2394 secretas,

186 2452 342 2502 alterations
404 2433 517 2514 Opera
538 2455 617 2498 vero
635 2433 733 2516 hujus
751 2434 916 2510 scientiae,
940 2454 1027 2517 quae
1044 2437 1226 2500 ostendunt
1252 2435 1509 2519 philosophiam,

186 2516 337 2632 gfff&
357 2536 491 2620 quidam
514 2548 678 2602 testantur
700 2559 770 2602 esse
792 2539 825 2601 in
847 2539 1043 2604 alteratione
1062 2540 1211 2622 regionis,
1226 2550 1263 2603 ut
1288 2559 1397 2604 mores
1419 2539 1509 2623 vulgi

187 2648 303 2714 anening
357 2641 548 2719 alterentur,
570 2643 612 2706 de
634 2642 754 2726 quibus
777 2643 976 2708 Alexandro
999 2645 1170 2725 quaerenti
1196 2644 1240 2708 ab
1264 2643 1445 2708 Aristotele
1466 2645 1510 2708 de

187 2715 320 2766 ⁰¹¹⁸¹³⁰¹⁸⁵
356 2747 508 2830 gentibus
540 2768 623 2831 quas
655 2748 785 2827 invenit,
812 2768 854 2813 an
880 2769 937 2812 eos
962 2748 1198 2812 exterminaret
1222 2758 1356 2831 propter
1379 2767 1508 2812 morum

356 2850 529 2925 feritatem,
546 2873 588 2916 an
611 2852 817 2936 permitteret
837 2873 895 2917 eos
913 2853 1031 2931 vivere,
1046 2851 1117 2935 ipse
1140 2852 1339 2917 Aristoteles
1362 2852 1509 2933 philoso-

356 2955 496 3039 phorum
516 2957 726 3020 doctissimus
747 2957 781 3020 in
802 2957 884 3020 libro
909 2956 1119 3022 Secretorum
1134 2957 1314 3039 respondit,
1334 2956 1393 3021 81³
1414 2965 1510 3040 potes

357 3060 499 3125 alterare
514 3081 623 3124 aerem
642 3061 797 3144 ipsorum,
813 3060 970 3143 permitte
988 3082 1046 3125 eos
1067 3061 1198 3140 vivere;
1220 3061 1247 3124 si
1272 3081 1348 3140 non,
1363 3058 1511 3125 interfice

356 3185 423 3230 eos.
466 3164 581 3229 Voluit
608 3167 693 3229 enim
718 3167 810 3248 quod
829 3187 885 3230 aer
904 3186 1018 3230 eorum
1041 3166 1149 3248 potuit
1171 3166 1302 3230 alterari
1323 3167 1457 3241 utiliter,
1473 3174 1510 3230 ut

356 3268 604 3351 complexiones
628 3290 804 3353 corporum
829 3290 946 3334 eorum
980 3269 1167 3349 altercatur,
1192 3280 1226 3334 et
1259 3271 1380 3335 deinde
1410 3270 1510 3334 animi

355 3372 493 3438 excitati
515 3393 574 3456 per
596 3373 843 3457 complexiones
867 3374 1023 3439 elicerent
1050 3375 1158 3439 bonos
1182 3395 1291 3438 mores
1317 3395 1362 3438 ex
1387 3375 1511 3439 arbitrii

357 3477 529 3556 libertate;
558 3488 592 3542 et
608 3477 671 3541 hoc
687 3487 739 3542 est
755 3498 856 3541 unum
872 3498 917 3540 ex
933 3479 1076 3543 secretis.

401 3579 547 3663 Quidam
570 3601 649 3645 vero
670 3582 745 3664 plus
765 3580 975 3647 assentiunt4
999 3583 1030 3646 in
1053 3581 1250 3648 alteratione
1265 3604 1324 3666 per
1338 3582 1452 3661 solem,
1467 3585 1511 3648 de

356 3685 478 3769 quibus
493 3695 544 3749 est
559 3686 751 3770 exemplum
776 3685 970 3752 Aristotelis
992 3688 1130 3752 dicentis
1145 3688 1189 3751 ad
1207 3687 1451 3766 Alexandrum,
1467 3688 1511 3752 da

357 3789 501 3854 calidum
524 3810 628 3873 grano
652 3790 786 3874 plantae
808 3791 842 3854 in
866 3810 963 3854 usum
986 3791 1039 3854 cui
1060 3790 1213 3866 volueris,
1230 3802 1263 3856 et
1286 3791 1357 3874 ipse
1379 3791 1511 3855 obediet

357 3892 416 3958 tibi
454 3903 527 3960 toto
565 3904 716 3979 tempore
745 3896 834 3960 vitae
864 3907 952 3961 tuae.
1008 3895 1157 3979 Quidam
1190 3904 1320 3978 ponunt
1351 3905 1387 3959 ut
1416 3916 1510 3958 exer-

356 3998 441 4063 citus
470 3999 685 4082 obstupescat
716 4009 749 4063 et
779 3999 885 4083 fugiat
911 4001 954 4064 de
983 4000 1102 4083 quibus
1124 3999 1326 4064 Aristoteles
1359 4000 1438 4064 dicit
1466 3999 1510 4063 ad

388 4173 397 4202 ¹
414 4173 579 4223 definitiones
591 4183 625 4234 et,
638 4189 687 4223 om.
700 4175 726 4222 in
737 4175 763 4235 J.

388 4250 398 4280 ¹
414 4267 462 4314 per
478 4267 554 4314 quam
573 4253 721 4310 ostendent,
731 4253 756 4313 J.
802 4251 834 4301 Ο.
852 4253 901 4302 has
918 4267 1057 4314 perquam
1075 4254 1203 4315 ostendat,
1222 4254 1268 4302 but
1286 4253 1297 4302 l
1314 4254 1390 4302 think
1407 4270 1471 4316 quas
1487 4254 1511 4303 is

355 4330 437 4380 called
447 4331 495 4382 lor.

389 4413 455 4462 ³Cl.
469 4413 520 4464 vol.
533 4414 548 4462 i.
560 4429 584 4476 p.
597 4427 654 4475 393.

389 4493 397 4520 ⁴
414 4491 439 4551 J.
453 4492 540 4541 leaves
555 4508 571 4540 a
586 4491 671 4540 hiatus
686 4492 756 4540 here.
790 4491 847 4540 'l’he
859 4493 968 4554 reading
979 4493 1043 4542 here
1059 4493 1135 4555 given
1149 4494 1159 4542 l
1172 4494 1273 4543 believe
1283 4502 1312 4543 to
1322 4495 1354 4544 be
1367 4496 1423 4545 that
1438 4497 1468 4545 ol
1478 4496 1512 4546 0.

356 4569 455 4630 though
471 4570 516 4619 the
534 4569 587 4620 MS.
602 4569 624 4618 is
639 4571 785 4620 somewhat
800 4571 914 4620 delaced.
948 4571 1006 4620 The
1018 4572 1092 4621 word
1105 4573 1255 4636 philosophi
1271 4573 1297 4622 in
1308 4573 1324 4634 J
1328 4575 1369 4624 .is
1385 4576 1513 4638 certainly

357 4654 403 4695 not
415 4647 441 4694 in
453 4647 504 4696 this
517 4647 573 4697 MS.
