<?xml version="1.0" encoding="UTF-8"?>
<!DOCTYPE html PUBLIC "-//W3C//DTD XHTML 1.0 Transitional//EN"
    "http://www.w3.org/TR/xhtml1/DTD/xhtml1-transitional.dtd">
<html xmlns="http://www.w3.org/1999/xhtml" xml:lang="en" lang="en">
 <head>
  <title>
</title>
<meta http-equiv="Content-Type" content="text/html;charset=utf-8" />
  <meta name='ocr-system' content='tesseract 3.04.00' />
  <meta name='ocr-capabilities' content='ocr_page ocr_carea ocr_par ocr_line ocrx_word'/>
</head>
<body>
  <div class='ocr_page' id='page_1' title='image "./opusmajusrogerb02bridgoog/opusmajusrogerb02bridgoog_0047.png"; bbox 0 0 3542 5359; ppageno 0'>
   <div class='ocr_carea' id='block_1_1' title="bbox 370 573 1299 649">
    <p class='ocr_par' dir='ltr' id='par_1_1' title="bbox 370 573 1299 649">
     <span class='ocr_line' id='line_1_1' title="bbox 370 573 1299 649; baseline -0.002 -12"><span class='ocrx_word' id='word_1_1' title='bbox 370 576 411 637; x_wconf 85' lang='lat'>28</span> <span class='ocrx_word' id='word_1_2' title='bbox 594 575 749 636; x_wconf 87' lang='lat' dir='ltr'><em>OPERIS</em></span> <span class='ocrx_word' id='word_1_3' title='bbox 774 575 963 647; x_wconf 80' lang='lat' dir='ltr'><em>MAJORIS</em></span> <span class='ocrx_word' id='word_1_4' title='bbox 988 573 1102 635; x_wconf 81' lang='lat' dir='ltr'><em>PARS</em></span> <span class='ocrx_word' id='word_1_5' title='bbox 1127 574 1299 649; x_wconf 78' lang='lat' dir='ltr'><em>QUINTA.</em></span> 
     </span>
    </p>
   </div>
   <div class='ocr_carea' id='block_1_2' title="bbox 370 736 1523 2180">
    <p class='ocr_par' dir='ltr' id='par_1_2' title="bbox 370 736 1523 2180">
     <span class='ocr_line' id='line_1_2' title="bbox 370 736 1521 821; baseline 0 -17"><span class='ocrx_word' id='word_1_6' title='bbox 370 748 507 804; x_wconf 90' lang='lat' dir='ltr'>naturae</span> <span class='ocrx_word' id='word_1_7' title='bbox 528 748 562 803; x_wconf 91' lang='lat' dir='ltr'>et</span> <span class='ocrx_word' id='word_1_8' title='bbox 585 738 705 803; x_wconf 91' lang='lat' dir='ltr'>coloris</span> <span class='ocrx_word' id='word_1_9' title='bbox 728 738 884 813; x_wconf 91' lang='lat' dir='ltr'>similiter,</span> <span class='ocrx_word' id='word_1_10' title='bbox 914 739 976 802; x_wconf 92' lang='lat' dir='ltr'>nisi</span> <span class='ocrx_word' id='word_1_11' title='bbox 1006 740 1098 821; x_wconf 87' lang='lat' dir='ltr'>quod</span> <span class='ocrx_word' id='word_1_12' title='bbox 1120 736 1232 821; x_wconf 89' lang='lat' dir='ltr'>aliqua</span> <span class='ocrx_word' id='word_1_13' title='bbox 1263 747 1315 803; x_wconf 87' lang='lat' dir='ltr'>est</span> <span class='ocrx_word' id='word_1_14' title='bbox 1344 738 1458 804; x_wconf 83' lang='lat' dir='ltr'>sortior</span> <span class='ocrx_word' id='word_1_15' title='bbox 1487 751 1521 804; x_wconf 93' lang='lat' dir='ltr'>et</span> 
     </span>
     <span class='ocr_line' id='line_1_3' title="bbox 371 842 1521 927; baseline -0.002 -19"><span class='ocrx_word' id='word_1_16' title='bbox 371 843 482 927; x_wconf 88' lang='lat' dir='ltr'>aliqua</span> <span class='ocrx_word' id='word_1_17' title='bbox 505 842 652 907; x_wconf 83' lang='lat' dir='ltr'><strong>debilior.</strong></span> <span class='ocrx_word' id='word_1_18' title='bbox 698 842 789 927; x_wconf 84' lang='lat' dir='ltr'>Ergo</span> <span class='ocrx_word' id='word_1_19' title='bbox 814 842 902 908; x_wconf 93' lang='lat' dir='ltr'>visus</span> <span class='ocrx_word' id='word_1_20' title='bbox 927 863 1057 925; x_wconf 88' lang='lat' dir='ltr'>semper</span> <span class='ocrx_word' id='word_1_21' title='bbox 1075 843 1201 927; x_wconf 91' lang='lat' dir='ltr'>patitur</span> <span class='ocrx_word' id='word_1_22' title='bbox 1224 843 1410 925; x_wconf 86' lang='lat' dir='ltr'>passionem</span> <span class='ocrx_word' id='word_1_23' title='bbox 1434 864 1521 926; x_wconf 90' lang='lat' dir='ltr'>quae</span> 
     </span>
     <span class='ocr_line' id='line_1_4' title="bbox 372 945 1522 1032; baseline 0.001 -19"><span class='ocrx_word' id='word_1_24' title='bbox 372 959 423 1013; x_wconf 91' lang='lat' dir='ltr'>est</span> <span class='ocrx_word' id='word_1_25' title='bbox 438 950 481 1013; x_wconf 90' lang='lat' dir='ltr'>de</span> <span class='ocrx_word' id='word_1_26' title='bbox 499 968 620 1032; x_wconf 83' lang='lat' dir='ltr'>genere</span> <span class='ocrx_word' id='word_1_27' title='bbox 636 945 766 1021; x_wconf 88' lang='lat' dir='ltr'>doloris,</span> <span class='ocrx_word' id='word_1_28' title='bbox 783 947 860 1011; x_wconf 89' lang='lat' dir='ltr'>licet</span> <span class='ocrx_word' id='word_1_29' title='bbox 876 967 942 1010; x_wconf 94' lang='lat' dir='ltr'>non</span> <span class='ocrx_word' id='word_1_30' title='bbox 962 966 1092 1029; x_wconf 86' lang='lat' dir='ltr'>semper</span> <span class='ocrx_word' id='word_1_31' title='bbox 1113 947 1178 1012; x_wconf 92' lang='lat' dir='ltr'>hoc</span> <span class='ocrx_word' id='word_1_32' title='bbox 1198 947 1368 1031; x_wconf 89' lang='lat' dir='ltr'>percipiat,</span> <span class='ocrx_word' id='word_1_33' title='bbox 1386 951 1522 1030; x_wconf 91' lang='lat' dir='ltr'>quando</span> 
     </span>
     <span class='ocr_line' id='line_1_5' title="bbox 371 1049 1521 1136; baseline 0 -21"><span class='ocrx_word' id='word_1_34' title='bbox 371 1051 495 1118; x_wconf 89' lang='lat' dir='ltr'>scilicet</span> <span class='ocrx_word' id='word_1_35' title='bbox 517 1051 641 1136; x_wconf 86' lang='lat' dir='ltr'>species</span> <span class='ocrx_word' id='word_1_36' title='bbox 668 1062 745 1116; x_wconf 93' lang='lat' dir='ltr'>sunt</span> <span class='ocrx_word' id='word_1_37' title='bbox 775 1060 990 1135; x_wconf 87' lang='lat' dir='ltr'>temperatae.</span> <span class='ocrx_word' id='word_1_38' title='bbox 1036 1049 1105 1115; x_wconf 88' lang='lat' dir='ltr'>Sed</span> <span class='ocrx_word' id='word_1_39' title='bbox 1134 1052 1245 1135; x_wconf 85' lang='lat' dir='ltr'>passio</span> <span class='ocrx_word' id='word_1_40' title='bbox 1274 1052 1430 1116; x_wconf 91' lang='lat' dir='ltr'>dolorosa</span> <span class='ocrx_word' id='word_1_41' title='bbox 1454 1073 1521 1116; x_wconf 91' lang='lat' dir='ltr'>non</span> 
     </span>
     <span class='ocr_line' id='line_1_6' title="bbox 371 1154 1523 1238; baseline 0 -19"><span class='ocrx_word' id='word_1_42' title='bbox 371 1156 464 1220; x_wconf 90' lang='lat' dir='ltr'>fieret</span> <span class='ocrx_word' id='word_1_43' title='bbox 486 1156 520 1220; x_wconf 92' lang='lat' dir='ltr'>in</span> <span class='ocrx_word' id='word_1_44' title='bbox 542 1175 692 1238; x_wconf 84' lang='lat' dir='ltr'>corpore,</span> <span class='ocrx_word' id='word_1_45' title='bbox 708 1155 769 1220; x_wconf 94' lang='lat' dir='ltr'>nisi</span> <span class='ocrx_word' id='word_1_46' title='bbox 793 1156 834 1219; x_wconf 92' lang='lat' dir='ltr'>sit</span> <span class='ocrx_word' id='word_1_47' title='bbox 856 1154 942 1219; x_wconf 90' lang='lat' dir='ltr'>bene</span> <span class='ocrx_word' id='word_1_48' title='bbox 968 1155 1117 1229; x_wconf 88' lang='lat' dir='ltr'>densum,</span> <span class='ocrx_word' id='word_1_49' title='bbox 1140 1156 1218 1237; x_wconf 92' lang='lat' dir='ltr'>quia</span> <span class='ocrx_word' id='word_1_50' title='bbox 1240 1156 1267 1219; x_wconf 92' lang='lat' dir='ltr'>si</span> <span class='ocrx_word' id='word_1_51' title='bbox 1292 1166 1378 1220; x_wconf 88' lang='lat' dir='ltr'>esset</span> <span class='ocrx_word' id='word_1_52' title='bbox 1401 1156 1523 1221; x_wconf 88' lang='lat' dir='ltr'>nimiae</span> 
     </span>
     <span class='ocr_line' id='line_1_7' title="bbox 371 1260 1522 1343; baseline 0.001 -20"><span class='ocrx_word' id='word_1_53' title='bbox 371 1260 527 1338; x_wconf 89' lang='lat' dir='ltr'>raritatis,</span> <span class='ocrx_word' id='word_1_54' title='bbox 560 1281 625 1324; x_wconf 94' lang='lat' dir='ltr'>non</span> <span class='ocrx_word' id='word_1_55' title='bbox 656 1269 804 1324; x_wconf 89' lang='lat' dir='ltr'>maneret</span> <span class='ocrx_word' id='word_1_56' title='bbox 834 1260 962 1343; x_wconf 90' lang='lat' dir='ltr'>species</span> <span class='ocrx_word' id='word_1_57' title='bbox 996 1269 1160 1342; x_wconf 91' lang='lat' dir='ltr'>quatenus</span> <span class='ocrx_word' id='word_1_58' title='bbox 1194 1260 1360 1323; x_wconf 89' lang='lat' dir='ltr'>actionem</span> <span class='ocrx_word' id='word_1_59' title='bbox 1398 1261 1522 1324; x_wconf 90' lang='lat' dir='ltr'>doloris</span> 
     </span>
     <span class='ocr_line' id='line_1_8' title="bbox 372 1362 1521 1449; baseline 0.001 -21"><span class='ocrx_word' id='word_1_60' title='bbox 372 1373 485 1449; x_wconf 90' lang='lat' dir='ltr'>posset</span> <span class='ocrx_word' id='word_1_61' title='bbox 501 1362 616 1428; x_wconf 85' lang='lat' dir='ltr'>iacere.</span> <span class='ocrx_word' id='word_1_62' title='bbox 662 1364 708 1427; x_wconf 94' lang='lat' dir='ltr'>Et</span> <span class='ocrx_word' id='word_1_63' title='bbox 722 1363 910 1448; x_wconf 87' lang='lat' dir='ltr'>superficies</span> <span class='ocrx_word' id='word_1_64' title='bbox 925 1364 998 1445; x_wconf 90' lang='lat' dir='ltr'>ejus</span> <span class='ocrx_word' id='word_1_65' title='bbox 1013 1374 1063 1427; x_wconf 92' lang='lat' dir='ltr'>est</span> <span class='ocrx_word' id='word_1_66' title='bbox 1079 1383 1123 1426; x_wconf 87' lang='lat' dir='ltr'>ex</span> <span class='ocrx_word' id='word_1_67' title='bbox 1135 1362 1251 1444; x_wconf 88' lang='lat' dir='ltr'>majori</span> <span class='ocrx_word' id='word_1_68' title='bbox 1266 1364 1406 1445; x_wconf 89' lang='lat' dir='ltr'>sphaera</span> <span class='ocrx_word' id='word_1_69' title='bbox 1421 1385 1521 1448; x_wconf 92' lang='lat' dir='ltr'>quam</span> 
     </span>
     <span class='ocr_line' id='line_1_9' title="bbox 372 1467 1523 1552; baseline 0 -21"><span class='ocrx_word' id='word_1_70' title='bbox 372 1469 491 1532; x_wconf 93' lang='lat' dir='ltr'>humor</span> <span class='ocrx_word' id='word_1_71' title='bbox 509 1468 640 1547; x_wconf 90' lang='lat' dir='ltr'>vitreus,</span> <span class='ocrx_word' id='word_1_72' title='bbox 661 1478 699 1532; x_wconf 94' lang='lat' dir='ltr'>ut</span> <span class='ocrx_word' id='word_1_73' title='bbox 723 1467 911 1552; x_wconf 88' lang='lat' dir='ltr'>superficies</span> <span class='ocrx_word' id='word_1_74' title='bbox 931 1468 1004 1550; x_wconf 88' lang='lat' dir='ltr'>ejus</span> <span class='ocrx_word' id='word_1_75' title='bbox 1028 1469 1071 1532; x_wconf 95' lang='lat' dir='ltr'>sit</span> <span class='ocrx_word' id='word_1_76' title='bbox 1091 1467 1316 1549; x_wconf 89' lang='lat' dir='ltr'>aequidistans</span> <span class='ocrx_word' id='word_1_77' title='bbox 1339 1468 1523 1551; x_wconf 87' lang='lat' dir='ltr'>superficiei</span> 
     </span>
     <span class='ocr_line' id='line_1_10' title="bbox 372 1572 1522 1656; baseline -0.001 -18"><span class='ocrx_word' id='word_1_78' title='bbox 372 1572 527 1638; x_wconf 86' lang='lat' dir='ltr'>anteriori</span> <span class='ocrx_word' id='word_1_79' title='bbox 549 1574 651 1650; x_wconf 92' lang='lat' dir='ltr'>visus,</span> <span class='ocrx_word' id='word_1_80' title='bbox 672 1583 836 1655; x_wconf 89' lang='lat' dir='ltr'>quatenus</span> <span class='ocrx_word' id='word_1_81' title='bbox 867 1573 955 1637; x_wconf 89' lang='lat' dir='ltr'>idem</span> <span class='ocrx_word' id='word_1_82' title='bbox 988 1572 1134 1637; x_wconf 88' lang='lat' dir='ltr'>habeant</span> <span class='ocrx_word' id='word_1_83' title='bbox 1163 1581 1325 1649; x_wconf 89' lang='lat' dir='ltr'>centrum,</span> <span class='ocrx_word' id='word_1_84' title='bbox 1348 1574 1441 1656; x_wconf 90' lang='lat' dir='ltr'>quod</span> <span class='ocrx_word' id='word_1_85' title='bbox 1472 1585 1522 1637; x_wconf 91' lang='lat' dir='ltr'>est</span> 
     </span>
     <span class='ocr_line' id='line_1_11' title="bbox 373 1676 1522 1761; baseline -0.001 -20"><span class='ocrx_word' id='word_1_86' title='bbox 373 1687 523 1741; x_wconf 86' lang='lat' dir='ltr'>centrum</span> <span class='ocrx_word' id='word_1_87' title='bbox 539 1678 642 1741; x_wconf 89' lang='lat' dir='ltr'>totius</span> <span class='ocrx_word' id='word_1_88' title='bbox 657 1677 742 1741; x_wconf 92' lang='lat' dir='ltr'>oculi</span> <span class='ocrx_word' id='word_1_89' title='bbox 759 1687 792 1741; x_wconf 90' lang='lat' dir='ltr'>et</span> <span class='ocrx_word' id='word_1_90' title='bbox 812 1696 953 1741; x_wconf 89' lang='lat' dir='ltr'>corneae</span> <span class='ocrx_word' id='word_1_91' title='bbox 971 1687 1005 1741; x_wconf 93' lang='lat' dir='ltr'>et</span> <span class='ocrx_word' id='word_1_92' title='bbox 1029 1676 1175 1739; x_wconf 92' lang='lat' dir='ltr'>humoris</span> <span class='ocrx_word' id='word_1_93' title='bbox 1201 1676 1368 1761; x_wconf 87' lang='lat' dir='ltr'>albuginei</span> <span class='ocrx_word' id='word_1_94' title='bbox 1392 1697 1477 1759; x_wconf 86' lang='lat' dir='ltr'>quae</span> <span class='ocrx_word' id='word_1_95' title='bbox 1492 1678 1522 1740; x_wconf 90' lang='lat' dir='ltr'>ei</span> 
     </span>
     <span class='ocr_line' id='line_1_12' title="bbox 373 1780 1523 1865; baseline 0.001 -22"><span class='ocrx_word' id='word_1_96' title='bbox 373 1780 596 1865; x_wconf 90' lang='lat' dir='ltr'>principaliter</span> <span class='ocrx_word' id='word_1_97' title='bbox 618 1782 807 1847; x_wconf 88' lang='lat' dir='ltr'>deserviunt</span> <span class='ocrx_word' id='word_1_98' title='bbox 836 1782 878 1846; x_wconf 93' lang='lat' dir='ltr'>ad</span> <span class='ocrx_word' id='word_1_99' title='bbox 910 1792 1021 1847; x_wconf 88' lang='lat' dir='ltr'>actum</span> <span class='ocrx_word' id='word_1_100' title='bbox 1050 1781 1194 1858; x_wconf 91' lang='lat' dir='ltr'>videndi,</span> <span class='ocrx_word' id='word_1_101' title='bbox 1224 1791 1257 1845; x_wconf 91' lang='lat' dir='ltr'>et</span> <span class='ocrx_word' id='word_1_102' title='bbox 1286 1782 1392 1865; x_wconf 86' lang='lat' dir='ltr'>magis</span> <span class='ocrx_word' id='word_1_103' title='bbox 1422 1802 1523 1864; x_wconf 90' lang='lat' dir='ltr'>quam</span> 
     </span>
     <span class='ocr_line' id='line_1_13' title="bbox 373 1885 1521 1969; baseline 0.002 -22"><span class='ocrx_word' id='word_1_104' title='bbox 373 1904 466 1949; x_wconf 90' lang='lat' dir='ltr'>uvea.</span> <span class='ocrx_word' id='word_1_105' title='bbox 512 1886 558 1949; x_wconf 88' lang='lat' dir='ltr'>Et</span> <span class='ocrx_word' id='word_1_106' title='bbox 574 1896 624 1950; x_wconf 93' lang='lat' dir='ltr'>est</span> <span class='ocrx_word' id='word_1_107' title='bbox 644 1885 833 1969; x_wconf 90' lang='lat' dir='ltr'>superficies</span> <span class='ocrx_word' id='word_1_108' title='bbox 853 1906 912 1950; x_wconf 91' lang='lat' dir='ltr'>seu</span> <span class='ocrx_word' id='word_1_109' title='bbox 929 1886 1037 1968; x_wconf 90' lang='lat' dir='ltr'>portio</span> <span class='ocrx_word' id='word_1_110' title='bbox 1060 1885 1233 1949; x_wconf 90' lang='lat' dir='ltr'>anterioris</span> <span class='ocrx_word' id='word_1_111' title='bbox 1248 1885 1396 1968; x_wconf 86' lang='lat' dir='ltr'>glacialis</span> <span class='ocrx_word' id='word_1_112' title='bbox 1412 1887 1521 1949; x_wconf 91' lang='lat' dir='ltr'>minus</span> 
     </span>
     <span class='ocr_line' id='line_1_14' title="bbox 373 1990 1522 2073; baseline 0.002 -20"><span class='ocrx_word' id='word_1_113' title='bbox 373 1990 552 2054; x_wconf 89' lang='lat' dir='ltr'>medietate</span> <span class='ocrx_word' id='word_1_114' title='bbox 567 1990 727 2073; x_wconf 87' lang='lat' dir='ltr'>sphaerae</span> <span class='ocrx_word' id='word_1_115' title='bbox 741 2010 831 2064; x_wconf 89' lang='lat' dir='ltr'>suae,</span> <span class='ocrx_word' id='word_1_116' title='bbox 847 2010 925 2054; x_wconf 92' lang='lat' dir='ltr'>nam</span> <span class='ocrx_word' id='word_1_117' title='bbox 939 1990 1035 2054; x_wconf 91' lang='lat' dir='ltr'>aliter</span> <span class='ocrx_word' id='word_1_118' title='bbox 1050 2010 1116 2054; x_wconf 92' lang='lat' dir='ltr'>non</span> <span class='ocrx_word' id='word_1_119' title='bbox 1132 2000 1322 2073; x_wconf 90' lang='lat' dir='ltr'>sequeretur</span> <span class='ocrx_word' id='word_1_120' title='bbox 1336 1993 1427 2073; x_wconf 93' lang='lat' dir='ltr'>quod</span> <span class='ocrx_word' id='word_1_121' title='bbox 1450 1991 1522 2073; x_wconf 90' lang='lat' dir='ltr'>ejus</span> 
     </span>
     <span class='ocr_line' id='line_1_15' title="bbox 373 2094 1479 2180; baseline -0.001 -21"><span class='ocrx_word' id='word_1_122' title='bbox 373 2104 523 2159; x_wconf 90' lang='lat' dir='ltr'>centrum</span> <span class='ocrx_word' id='word_1_123' title='bbox 538 2104 627 2159; x_wconf 86' lang='lat' dir='ltr'>esset</span> <span class='ocrx_word' id='word_1_124' title='bbox 644 2094 779 2160; x_wconf 89' lang='lat' dir='ltr'>interius</span> <span class='ocrx_word' id='word_1_125' title='bbox 795 2096 828 2158; x_wconf 92' lang='lat' dir='ltr'>in</span> <span class='ocrx_word' id='word_1_126' title='bbox 845 2094 1012 2180; x_wconf 81' lang='lat' dir='ltr'>profundo</span> <span class='ocrx_word' id='word_1_127' title='bbox 1027 2095 1123 2171; x_wconf 92' lang='lat' dir='ltr'>oculi,</span> <span class='ocrx_word' id='word_1_128' title='bbox 1139 2106 1176 2159; x_wconf 89' lang='lat' dir='ltr'>ut</span> <span class='ocrx_word' id='word_1_129' title='bbox 1196 2095 1405 2178; x_wconf 89' lang='lat' dir='ltr'>suppositum</span> <span class='ocrx_word' id='word_1_130' title='bbox 1420 2106 1479 2161; x_wconf 89' lang='lat' dir='ltr'>est.</span> 
     </span>
    </p>
   </div>
   <div class='ocr_carea' id='block_1_3' title="bbox 795 2383 1107 2451">
    <p class='ocr_par' dir='ltr' id='par_1_3' title="bbox 795 2383 1107 2451">
     <span class='ocr_line' id='line_1_16' title="bbox 795 2383 1107 2451; baseline 0 -3"><span class='ocrx_word' id='word_1_131' title='bbox 795 2383 1024 2451; x_wconf 76' lang='lat' dir='ltr'>Cnmruuuu</span> <span class='ocrx_word' id='word_1_132' title='bbox 1042 2383 1107 2448; x_wconf 90' lang='lat'><em>111.</em></span> 
     </span>
    </p>
   </div>
   <div class='ocr_carea' id='block_1_4' title="bbox 374 2546 1523 2718">
    <p class='ocr_par' dir='ltr' id='par_1_4' title="bbox 374 2546 1523 2718">
     <span class='ocr_line' id='line_1_17' title="bbox 419 2546 1523 2632; baseline -0.002 -21"><span class='ocrx_word' id='word_1_133' title='bbox 419 2547 473 2612; x_wconf 88' lang='lat' dir='ltr'>De</span> <span class='ocrx_word' id='word_1_134' title='bbox 495 2547 752 2632; x_wconf 90' lang='lat' dir='ltr'>proprietatibus</span> <span class='ocrx_word' id='word_1_135' title='bbox 782 2548 885 2624; x_wconf 90' lang='lat' dir='ltr'>vitrei,</span> <span class='ocrx_word' id='word_1_136' title='bbox 907 2547 1004 2625; x_wconf 88' lang='lat' dir='ltr'>telae,</span> <span class='ocrx_word' id='word_1_137' title='bbox 1026 2556 1061 2611; x_wconf 89' lang='lat' dir='ltr'>et</span> <span class='ocrx_word' id='word_1_138' title='bbox 1090 2547 1180 2612; x_wconf 84' lang='lat' dir='ltr'>nervi</span> <span class='ocrx_word' id='word_1_139' title='bbox 1208 2546 1355 2623; x_wconf 87' lang='lat' dir='ltr'>visibilis,</span> <span class='ocrx_word' id='word_1_140' title='bbox 1379 2556 1413 2611; x_wconf 90' lang='lat' dir='ltr'>et</span> <span class='ocrx_word' id='word_1_141' title='bbox 1444 2567 1523 2611; x_wconf 92' lang='lat' dir='ltr'>con-</span> 
     </span>
     <span class='ocr_line' id='line_1_18' title="bbox 374 2653 579 2718; baseline -0.005 -3"><span class='ocrx_word' id='word_1_142' title='bbox 374 2653 579 2718; x_wconf 89' lang='lat' dir='ltr'>solidativae.</span> 
     </span>
    </p>
   </div>
   <div class='ocr_carea' id='block_1_5' title="bbox 207 2823 1531 4683">
    <p class='ocr_par' dir='ltr' id='par_1_5' title="bbox 207 2823 1531 4683">
     <span class='ocr_line' id='line_1_19' title="bbox 208 2823 1525 2911; baseline 0.002 -29"><span class='ocrx_word' id='word_1_143' title='bbox 208 2833 334 2911; x_wconf 70' lang='lat' dir='ltr'>Vitreous,</span> <span class='ocrx_word' id='word_1_144' title='bbox 420 2824 554 2890; x_wconf 90' lang='lat' dir='ltr'>Humor</span> <span class='ocrx_word' id='word_1_145' title='bbox 572 2844 650 2889; x_wconf 87' lang='lat' dir='ltr'>vcro</span> <span class='ocrx_word' id='word_1_146' title='bbox 672 2825 794 2891; x_wconf 91' lang='lat' dir='ltr'>vitreus</span> <span class='ocrx_word' id='word_1_147' title='bbox 815 2834 867 2889; x_wconf 90' lang='lat' dir='ltr'>est</span> <span class='ocrx_word' id='word_1_148' title='bbox 887 2825 1021 2907; x_wconf 88' lang='lat' dir='ltr'>spissior</span> <span class='ocrx_word' id='word_1_149' title='bbox 1041 2823 1193 2890; x_wconf 89' lang='lat' dir='ltr'>anteriori</span> <span class='ocrx_word' id='word_1_150' title='bbox 1213 2823 1353 2906; x_wconf 89' lang='lat' dir='ltr'>glaciali,</span> <span class='ocrx_word' id='word_1_151' title='bbox 1368 2823 1525 2906; x_wconf 92' lang='lat' dir='ltr'>quoniam</span> 
     </span>
     <span class='ocr_line' id='line_1_20' title="bbox 207 2906 1527 3015; baseline -0.004 -25"><span class='ocrx_word' id='word_1_152' title='bbox 207 2906 362 3015; x_wconf 51' lang='lat' dir='ltr'>ffiffofffge&#39;</span> <span class='ocrx_word' id='word_1_153' title='bbox 375 2933 516 3007; x_wconf 89' lang='lat' dir='ltr'>oportet,</span> <span class='ocrx_word' id='word_1_154' title='bbox 534 2927 625 3007; x_wconf 87' lang='lat' dir='ltr'>quod</span> <span class='ocrx_word' id='word_1_155' title='bbox 645 2926 770 3008; x_wconf 90' lang='lat' dir='ltr'>species</span> <span class='ocrx_word' id='word_1_156' title='bbox 789 2946 875 3008; x_wconf 91' lang='lat' dir='ltr'>quae</span> <span class='ocrx_word' id='word_1_157' title='bbox 897 2945 963 2989; x_wconf 95' lang='lat' dir='ltr'>non</span> <span class='ocrx_word' id='word_1_158' title='bbox 978 2935 1029 2989; x_wconf 93' lang='lat' dir='ltr'>est</span> <span class='ocrx_word' id='word_1_159' title='bbox 1051 2923 1331 3009; x_wconf 89' lang='lat' dir='ltr'>perpendicularis</span> <span class='ocrx_word' id='word_1_160' title='bbox 1355 2923 1527 3009; x_wconf 83' lang='lat' dir='ltr'>frangatur</span> 
     </span>
     <span class='ocr_line' id='line_1_21' title="bbox 375 3027 1526 3112; baseline -0.002 -20"><span class='ocrx_word' id='word_1_161' title='bbox 375 3030 408 3092; x_wconf 92' lang='lat' dir='ltr'>in</span> <span class='ocrx_word' id='word_1_162' title='bbox 432 3048 473 3092; x_wconf 94' lang='lat' dir='ltr'>eo</span> <span class='ocrx_word' id='word_1_163' title='bbox 495 3030 579 3092; x_wconf 89' lang='lat' dir='ltr'>inter</span> <span class='ocrx_word' id='word_1_164' title='bbox 601 3028 908 3112; x_wconf 90' lang='lat' dir='ltr'>perpendicularem</span> <span class='ocrx_word' id='word_1_165' title='bbox 931 3030 1116 3095; x_wconf 89' lang='lat' dir='ltr'>ducendam</span> <span class='ocrx_word' id='word_1_166' title='bbox 1140 3051 1161 3093; x_wconf 92' lang='lat' dir='ltr'>a</span> <span class='ocrx_word' id='word_1_167' title='bbox 1184 3028 1258 3094; x_wconf 89' lang='lat' dir='ltr'>loco</span> <span class='ocrx_word' id='word_1_168' title='bbox 1290 3027 1469 3103; x_wconf 87' lang='lat' dir='ltr'>fractionis,</span> <span class='ocrx_word' id='word_1_169' title='bbox 1491 3037 1526 3091; x_wconf 90' lang='lat' dir='ltr'>et</span> 
     </span>
     <span class='ocr_line' id='line_1_22' title="bbox 377 3131 1527 3216; baseline 0.001 -22"><span class='ocrx_word' id='word_1_170' title='bbox 377 3132 461 3196; x_wconf 89' lang='lat' dir='ltr'>inter</span> <span class='ocrx_word' id='word_1_171' title='bbox 477 3133 638 3195; x_wconf 90' lang='lat' dir='ltr'>incessum</span> <span class='ocrx_word' id='word_1_172' title='bbox 654 3141 791 3212; x_wconf 90' lang='lat' dir='ltr'>rectum,</span> <span class='ocrx_word' id='word_1_173' title='bbox 809 3133 853 3197; x_wconf 91' lang='lat' dir='ltr'>de</span> <span class='ocrx_word' id='word_1_174' title='bbox 872 3154 939 3216; x_wconf 90' lang='lat' dir='ltr'>qua</span> <span class='ocrx_word' id='word_1_175' title='bbox 960 3131 1119 3198; x_wconf 80' lang='lat' dir='ltr'>fractione</span> <span class='ocrx_word' id='word_1_176' title='bbox 1139 3133 1172 3195; x_wconf 89' lang='lat' dir='ltr'>in</span> <span class='ocrx_word' id='word_1_177' title='bbox 1193 3141 1288 3216; x_wconf 90' lang='lat' dir='ltr'>parte</span> <span class='ocrx_word' id='word_1_178' title='bbox 1308 3133 1527 3215; x_wconf 90' lang='lat' dir='ltr'>praecedente</span> 
     </span>
     <span class='ocr_line' id='line_1_23' title="bbox 375 3236 1527 3318; baseline 0.001 -18"><span class='ocrx_word' id='word_1_179' title='bbox 375 3236 419 3301; x_wconf 88' lang='lat' dir='ltr'>de</span> <span class='ocrx_word' id='word_1_180' title='bbox 441 3236 718 3318; x_wconf 91' lang='lat' dir='ltr'>multiplicatione</span> <span class='ocrx_word' id='word_1_181' title='bbox 740 3238 822 3303; x_wconf 89' lang='lat' dir='ltr'>lucis</span> <span class='ocrx_word' id='word_1_182' title='bbox 848 3248 899 3304; x_wconf 93' lang='lat' dir='ltr'>est</span> <span class='ocrx_word' id='word_1_183' title='bbox 921 3239 1003 3302; x_wconf 94' lang='lat' dir='ltr'>satis</span> <span class='ocrx_word' id='word_1_184' title='bbox 1025 3240 1162 3303; x_wconf 90' lang='lat' dir='ltr'>dictum.</span> <span class='ocrx_word' id='word_1_185' title='bbox 1209 3238 1255 3302; x_wconf 93' lang='lat' dir='ltr'>Et</span> <span class='ocrx_word' id='word_1_186' title='bbox 1278 3237 1339 3301; x_wconf 90' lang='lat' dir='ltr'>nisi</span> <span class='ocrx_word' id='word_1_187' title='bbox 1363 3237 1408 3302; x_wconf 88' lang='lat' dir='ltr'>sic</span> <span class='ocrx_word' id='word_1_188' title='bbox 1434 3237 1527 3301; x_wconf 87' lang='lat' dir='ltr'>fieret</span> 
     </span>
     <span class='ocr_line' id='line_1_24' title="bbox 377 3339 1527 3427; baseline 0.003 -24"><span class='ocrx_word' id='word_1_189' title='bbox 377 3339 494 3405; x_wconf 81' lang='lat' dir='ltr'>fractio</span> <span class='ocrx_word' id='word_1_190' title='bbox 511 3362 681 3425; x_wconf 91' lang='lat' dir='ltr'>nunquam</span> <span class='ocrx_word' id='word_1_191' title='bbox 698 3342 910 3426; x_wconf 89' lang='lat' dir='ltr'>perficeretur</span> <span class='ocrx_word' id='word_1_192' title='bbox 922 3344 1015 3418; x_wconf 90' lang='lat' dir='ltr'>visio,</span> <span class='ocrx_word' id='word_1_193' title='bbox 1030 3354 1067 3407; x_wconf 89' lang='lat' dir='ltr'>ut</span> <span class='ocrx_word' id='word_1_194' title='bbox 1084 3343 1217 3407; x_wconf 81' lang='lat' dir='ltr'>inferius</span> <span class='ocrx_word' id='word_1_195' title='bbox 1237 3351 1433 3427; x_wconf 89' lang='lat' dir='ltr'>exponetur.</span> <span class='ocrx_word' id='word_1_196' title='bbox 1482 3342 1527 3406; x_wconf 89' lang='lat' dir='ltr'>Et</span> 
     </span>
     <span class='ocr_line' id='line_1_25' title="bbox 377 3444 1527 3533; baseline 0.001 -24"><span class='ocrx_word' id='word_1_197' title='bbox 377 3454 428 3509; x_wconf 83' lang='lat' dir='ltr'>est</span> <span class='ocrx_word' id='word_1_198' title='bbox 457 3444 549 3511; x_wconf 93' lang='lat' dir='ltr'>color</span> <span class='ocrx_word' id='word_1_199' title='bbox 569 3447 665 3510; x_wconf 88' lang='lat' dir='ltr'>vitrei</span> <span class='ocrx_word' id='word_1_200' title='bbox 696 3450 802 3532; x_wconf 87' lang='lat' dir='ltr'>magis</span> <span class='ocrx_word' id='word_1_201' title='bbox 825 3449 921 3513; x_wconf 89' lang='lat' dir='ltr'>albus</span> <span class='ocrx_word' id='word_1_202' title='bbox 943 3470 1045 3533; x_wconf 87' lang='lat' dir='ltr'>quam</span> <span class='ocrx_word' id='word_1_203' title='bbox 1067 3450 1213 3531; x_wconf 88' lang='lat' dir='ltr'>sanguis,</span> <span class='ocrx_word' id='word_1_204' title='bbox 1237 3457 1271 3511; x_wconf 92' lang='lat' dir='ltr'>et</span> <span class='ocrx_word' id='word_1_205' title='bbox 1301 3448 1410 3511; x_wconf 92' lang='lat' dir='ltr'>minus</span> <span class='ocrx_word' id='word_1_206' title='bbox 1431 3445 1527 3510; x_wconf 89' lang='lat' dir='ltr'>albus</span> 
     </span>
     <span class='ocr_line' id='line_1_26' title="bbox 377 3551 1527 3636; baseline 0.001 -23"><span class='ocrx_word' id='word_1_207' title='bbox 377 3570 478 3632; x_wconf 92' lang='lat' dir='ltr'>quam</span> <span class='ocrx_word' id='word_1_208' title='bbox 494 3553 639 3615; x_wconf 89' lang='lat' dir='ltr'>anterior</span> <span class='ocrx_word' id='word_1_209' title='bbox 653 3551 810 3636; x_wconf 87' lang='lat' dir='ltr'>glacialis,</span> <span class='ocrx_word' id='word_1_210' title='bbox 821 3574 907 3636; x_wconf 89' lang='lat' dir='ltr'>quae</span> <span class='ocrx_word' id='word_1_211' title='bbox 919 3563 970 3618; x_wconf 91' lang='lat' dir='ltr'>est</span> <span class='ocrx_word' id='word_1_212' title='bbox 985 3553 1223 3617; x_wconf 88' lang='lat' dir='ltr'>nutrimentum</span> <span class='ocrx_word' id='word_1_213' title='bbox 1237 3552 1319 3633; x_wconf 88' lang='lat' dir='ltr'>ejus,</span> <span class='ocrx_word' id='word_1_214' title='bbox 1329 3560 1367 3613; x_wconf 93' lang='lat' dir='ltr'>ut</span> <span class='ocrx_word' id='word_1_215' title='bbox 1376 3552 1527 3634; x_wconf 90' lang='lat' dir='ltr'>superius</span> 
     </span>
     <span class='ocr_line' id='line_1_27' title="bbox 376 3656 1527 3741; baseline -0.001 -23"><span class='ocrx_word' id='word_1_216' title='bbox 376 3663 426 3718; x_wconf 86' lang='lat' dir='ltr'>est</span> <span class='ocrx_word' id='word_1_217' title='bbox 449 3664 665 3737; x_wconf 91' lang='lat' dir='ltr'>praetactum.</span> <span class='ocrx_word' id='word_1_218' title='bbox 712 3657 759 3723; x_wconf 91' lang='lat' dir='ltr'>Et</span> <span class='ocrx_word' id='word_1_219' title='bbox 780 3666 832 3722; x_wconf 86' lang='lat' dir='ltr'>est</span> <span class='ocrx_word' id='word_1_220' title='bbox 861 3658 972 3741; x_wconf 89' lang='lat' dir='ltr'>portio</span> <span class='ocrx_word' id='word_1_221' title='bbox 1002 3657 1137 3721; x_wconf 89' lang='lat' dir='ltr'>minoris</span> <span class='ocrx_word' id='word_1_222' title='bbox 1166 3656 1336 3738; x_wconf 88' lang='lat' dir='ltr'>sphaerae,</span> <span class='ocrx_word' id='word_1_223' title='bbox 1361 3665 1527 3737; x_wconf 91' lang='lat' dir='ltr'>quatenus</span> 
     </span>
     <span class='ocr_line' id='line_1_28' title="bbox 377 3758 1528 3844; baseline -0.001 -21"><span class='ocrx_word' id='word_1_224' title='bbox 377 3767 526 3823; x_wconf 89' lang='lat' dir='ltr'>centrum</span> <span class='ocrx_word' id='word_1_225' title='bbox 559 3760 719 3842; x_wconf 89' lang='lat' dir='ltr'>sphaerae</span> <span class='ocrx_word' id='word_1_226' title='bbox 756 3761 827 3844; x_wconf 90' lang='lat' dir='ltr'>ejus</span> <span class='ocrx_word' id='word_1_227' title='bbox 864 3764 907 3825; x_wconf 92' lang='lat' dir='ltr'>sit</span> <span class='ocrx_word' id='word_1_228' title='bbox 944 3763 1111 3828; x_wconf 91' lang='lat' dir='ltr'>diversum</span> <span class='ocrx_word' id='word_1_229' title='bbox 1148 3784 1169 3825; x_wconf 92' lang='lat' dir='ltr'>a</span> <span class='ocrx_word' id='word_1_230' title='bbox 1205 3772 1319 3826; x_wconf 88' lang='lat' dir='ltr'>centro</span> <span class='ocrx_word' id='word_1_231' title='bbox 1355 3758 1528 3824; x_wconf 89' lang='lat' dir='ltr'>anterioris</span> 
     </span>
     <span class='ocr_line' id='line_1_29' title="bbox 377 3863 1528 3951; baseline 0.001 -25"><span class='ocrx_word' id='word_1_232' title='bbox 377 3863 533 3947; x_wconf 78' lang='lat' dir='ltr'>glacialia,</span> <span class='ocrx_word' id='word_1_233' title='bbox 551 3866 708 3948; x_wconf 92' lang='lat' dir='ltr'>quoniam</span> <span class='ocrx_word' id='word_1_234' title='bbox 724 3866 788 3931; x_wconf 89' lang='lat' dir='ltr'>hoc</span> <span class='ocrx_word' id='word_1_235' title='bbox 801 3870 937 3932; x_wconf 87' lang='lat' dir='ltr'>hecesse</span> <span class='ocrx_word' id='word_1_236' title='bbox 951 3876 1002 3930; x_wconf 89' lang='lat' dir='ltr'>est</span> <span class='ocrx_word' id='word_1_237' title='bbox 1020 3876 1156 3951; x_wconf 91' lang='lat' dir='ltr'>propter</span> <span class='ocrx_word' id='word_1_238' title='bbox 1175 3866 1370 3930; x_wconf 81' lang='lat' dir='ltr'>fractionem</span> <span class='ocrx_word' id='word_1_239' title='bbox 1387 3884 1528 3947; x_wconf 88' lang='lat' dir='ltr'>praeno·</span> 
     </span>
     <span class='ocr_line' id='line_1_30' title="bbox 377 3965 1531 4054; baseline 0 -23"><span class='ocrx_word' id='word_1_240' title='bbox 377 3976 491 4031; x_wconf 90' lang='lat' dir='ltr'>tatam.</span> <span class='ocrx_word' id='word_1_241' title='bbox 538 3968 585 4032; x_wconf 91' lang='lat' dir='ltr'>Et</span> <span class='ocrx_word' id='word_1_242' title='bbox 607 3970 678 4051; x_wconf 91' lang='lat' dir='ltr'>ejus</span> <span class='ocrx_word' id='word_1_243' title='bbox 701 3970 904 4034; x_wconf 91' lang='lat' dir='ltr'>nobilissima</span> <span class='ocrx_word' id='word_1_244' title='bbox 926 3972 1110 4054; x_wconf 85' lang='lat' dir='ltr'>proprietas</span> <span class='ocrx_word' id='word_1_245' title='bbox 1136 3972 1302 4052; x_wconf 90' lang='lat' dir='ltr'>estquod</span> <span class='ocrx_word' id='word_1_246' title='bbox 1326 3989 1449 4046; x_wconf 86' lang='lat' dir='ltr'>sensus,</span> <span class='ocrx_word' id='word_1_247' title='bbox 1471 3965 1531 4050; x_wconf 91' lang='lat' dir='ltr'>qui</span> 
     </span>
     <span class='ocr_line' id='line_1_31' title="bbox 377 4072 1528 4157; baseline -0.002 -21"><span class='ocrx_word' id='word_1_248' title='bbox 377 4080 427 4136; x_wconf 89' lang='lat' dir='ltr'>est</span> <span class='ocrx_word' id='word_1_249' title='bbox 447 4072 479 4137; x_wconf 93' lang='lat' dir='ltr'>in</span> <span class='ocrx_word' id='word_1_250' title='bbox 500 4075 653 4137; x_wconf 90' lang='lat' dir='ltr'>anteriori</span> <span class='ocrx_word' id='word_1_251' title='bbox 674 4072 811 4157; x_wconf 87' lang='lat' dir='ltr'>glaciali,</span> <span class='ocrx_word' id='word_1_252' title='bbox 829 4077 1041 4139; x_wconf 89' lang='lat' dir='ltr'>continuatur</span> <span class='ocrx_word' id='word_1_253' title='bbox 1062 4076 1094 4139; x_wconf 96' lang='lat' dir='ltr'>in</span> <span class='ocrx_word' id='word_1_254' title='bbox 1115 4095 1156 4139; x_wconf 92' lang='lat' dir='ltr'>eo</span> <span class='ocrx_word' id='word_1_255' title='bbox 1176 4094 1236 4157; x_wconf 89' lang='lat' dir='ltr'>per</span> <span class='ocrx_word' id='word_1_256' title='bbox 1257 4084 1366 4138; x_wconf 91' lang='lat' dir='ltr'>totum</span> <span class='ocrx_word' id='word_1_257' title='bbox 1390 4092 1528 4136; x_wconf 89' lang='lat' dir='ltr'>nervum</span> 
     </span>
     <span class='ocr_line' id='line_1_32' title="bbox 377 4176 1528 4261; baseline -0.002 -21"><span class='ocrx_word' id='word_1_258' title='bbox 377 4178 525 4260; x_wconf 89' lang='lat' dir='ltr'>opticum</span> <span class='ocrx_word' id='word_1_259' title='bbox 556 4198 661 4260; x_wconf 90' lang='lat' dir='ltr'>usque</span> <span class='ocrx_word' id='word_1_260' title='bbox 691 4180 734 4242; x_wconf 95' lang='lat' dir='ltr'>ad</span> <span class='ocrx_word' id='word_1_261' title='bbox 768 4178 922 4244; x_wconf 92' lang='lat' dir='ltr'>ultimum</span> <span class='ocrx_word' id='word_1_262' title='bbox 952 4180 1105 4256; x_wconf 89' lang='lat' dir='ltr'>sentiens,</span> <span class='ocrx_word' id='word_1_263' title='bbox 1128 4181 1219 4261; x_wconf 92' lang='lat' dir='ltr'>quod</span> <span class='ocrx_word' id='word_1_264' title='bbox 1242 4188 1293 4242; x_wconf 90' lang='lat' dir='ltr'>est</span> <span class='ocrx_word' id='word_1_265' title='bbox 1317 4178 1349 4241; x_wconf 93' lang='lat' dir='ltr'>in</span> <span class='ocrx_word' id='word_1_266' title='bbox 1373 4176 1528 4240; x_wconf 90' lang='lat' dir='ltr'>anteriori</span> 
     </span>
     <span class='ocr_line' id='line_1_33' title="bbox 377 4280 1529 4360; baseline -0.001 -15"><span class='ocrx_word' id='word_1_267' title='bbox 377 4282 522 4360; x_wconf 84' lang='lat' dir='ltr'>cerebro,</span> <span class='ocrx_word' id='word_1_268' title='bbox 552 4291 589 4346; x_wconf 92' lang='lat' dir='ltr'>ut</span> <span class='ocrx_word' id='word_1_269' title='bbox 619 4283 699 4348; x_wconf 91' lang='lat' dir='ltr'>dicit</span> <span class='ocrx_word' id='word_1_270' title='bbox 729 4281 892 4349; x_wconf 90' lang='lat' dir='ltr'>Alhazen.</span> <span class='ocrx_word' id='word_1_271' title='bbox 948 4282 1259 4349; x_wconf 90' lang='lat' dir='ltr'>Circumvolvuntur</span> <span class='ocrx_word' id='word_1_272' title='bbox 1288 4302 1367 4346; x_wconf 89' lang='lat' dir='ltr'>vero</span> <span class='ocrx_word' id='word_1_273' title='bbox 1396 4280 1430 4344; x_wconf 93' lang='lat' dir='ltr'>hi</span> <span class='ocrx_word' id='word_1_274' title='bbox 1460 4280 1529 4344; x_wconf 92' lang='lat' dir='ltr'>duo</span> 
     </span>
     <span class='ocr_line' id='line_1_34' title="bbox 377 4382 1528 4470; baseline 0 -22"><span class='ocrx_word' id='word_1_275' title='bbox 377 4384 534 4450; x_wconf 87' lang='lat' dir='ltr'>humores</span> <span class='ocrx_word' id='word_1_276' title='bbox 558 4407 623 4453; x_wconf 88' lang='lat' dir='ltr'>una</span> <span class='ocrx_word' id='word_1_277' title='bbox 647 4387 723 4461; x_wconf 89' lang='lat' dir='ltr'>tela,</span> <span class='ocrx_word' id='word_1_278' title='bbox 744 4388 900 4470; x_wconf 89' lang='lat' dir='ltr'>quoniam</span> <span class='ocrx_word' id='word_1_279' title='bbox 922 4387 1078 4454; x_wconf 88' lang='lat' dir='ltr'>humores</span> <span class='ocrx_word' id='word_1_280' title='bbox 1094 4387 1154 4452; x_wconf 90' lang='lat' dir='ltr'>nisi</span> <span class='ocrx_word' id='word_1_281' title='bbox 1177 4388 1401 4463; x_wconf 89' lang='lat' dir='ltr'>retinerentur,</span> <span class='ocrx_word' id='word_1_282' title='bbox 1415 4382 1528 4467; x_wconf 88' lang='lat' dir='ltr'>aliquo</span> 
     </span>
     <span class='ocr_line' id='line_1_35' title="bbox 377 4487 1529 4574; baseline 0.002 -23"><span class='ocrx_word' id='word_1_283' title='bbox 377 4487 525 4567; x_wconf 89' lang='lat' dir='ltr'>fluerent,</span> <span class='ocrx_word' id='word_1_284' title='bbox 540 4501 574 4556; x_wconf 90' lang='lat' dir='ltr'>et</span> <span class='ocrx_word' id='word_1_285' title='bbox 590 4510 657 4555; x_wconf 91' lang='lat' dir='ltr'>non</span> <span class='ocrx_word' id='word_1_286' title='bbox 674 4503 881 4557; x_wconf 84' lang='lat' dir='ltr'>remanerent</span> <span class='ocrx_word' id='word_1_287' title='bbox 893 4494 1074 4558; x_wconf 85' lang='lat' dir='ltr'>secundum</span> <span class='ocrx_word' id='word_1_288' title='bbox 1090 4512 1190 4557; x_wconf 91' lang='lat' dir='ltr'>unam</span> <span class='ocrx_word' id='word_1_289' title='bbox 1207 4490 1358 4574; x_wconf 84' lang='lat' dir='ltr'>figuram.</span> <span class='ocrx_word' id='word_1_290' title='bbox 1405 4490 1451 4554; x_wconf 91' lang='lat' dir='ltr'>Et</span> <span class='ocrx_word' id='word_1_291' title='bbox 1466 4489 1529 4553; x_wconf 90' lang='lat' dir='ltr'>ista</span> 
     </span>
     <span class='ocr_line' id='line_1_36' title="bbox 377 4593 1528 4683; baseline -0.002 -22"><span class='ocrx_word' id='word_1_292' title='bbox 377 4593 446 4661; x_wconf 88' lang='lat' dir='ltr'>tela</span> <span class='ocrx_word' id='word_1_293' title='bbox 469 4604 519 4660; x_wconf 85' lang='lat' dir='ltr'>cst</span> <span class='ocrx_word' id='word_1_294' title='bbox 539 4594 637 4662; x_wconf 86' lang='lat' dir='ltr'>valde</span> <span class='ocrx_word' id='word_1_295' title='bbox 657 4616 738 4679; x_wconf 88' lang='lat' dir='ltr'>rara,</span> <span class='ocrx_word' id='word_1_296' title='bbox 759 4606 881 4663; x_wconf 91' lang='lat' dir='ltr'>utnon</span> <span class='ocrx_word' id='word_1_297' title='bbox 902 4598 1048 4664; x_wconf 87' lang='lat' dir='ltr'>occultet</span> <span class='ocrx_word' id='word_1_298' title='bbox 1070 4597 1204 4683; x_wconf 87' lang='lat' dir='ltr'>species,</span> <span class='ocrx_word' id='word_1_299' title='bbox 1220 4607 1254 4661; x_wconf 85' lang='lat' dir='ltr'>et</span> <span class='ocrx_word' id='word_1_300' title='bbox 1275 4604 1327 4661; x_wconf 88' lang='lat' dir='ltr'>est</span> <span class='ocrx_word' id='word_1_301' title='bbox 1346 4593 1528 4680; x_wconf 84' lang='lat' dir='ltr'>sphaerica,</span> 
     </span>
    </p>
   </div>
   <div class='ocr_carea' id='block_1_6' title="bbox 0 0 1786 5359">
    <p class='ocr_par' dir='ltr' id='par_1_6' title="bbox 0 0 1786 5359">
     <span class='ocr_line' id='line_1_37' title="bbox 0 0 1786 5359; baseline 0 0"><span class='ocrx_word' id='word_1_302' title='bbox 0 0 1786 5359; x_wconf 95' lang='lat' dir='ltr'> </span> 
     </span>
    </p>
   </div>
  </div>
 </body>
</html>
