3542 5359
382 557 445 622 340
594 542 751 600 OPERIS
776 540 964 610 MAJORIS
988 539 1104 599 PARS
1128 540 1327 600 SEPTIMA.

385 708 470 770 sicut
486 707 518 768 in
536 705 617 769 istis.
664 705 710 768 Et
726 705 802 768 ideo
823 724 891 767 non
914 713 1025 786 potest
1043 703 1146 767 virtus
1171 723 1242 767 esse
1263 711 1400 785 propter
1423 701 1540 785 volup·

385 821 491 874 tatem
516 810 626 887 animi,
656 829 731 873 cnm
758 809 1000 873 concomitetur
1029 817 1176 890 peccata,
1202 809 1355 891 quamvis
1381 806 1539 871 virtutem

387 915 573 992 comitetur,
596 914 675 997 quia
701 935 754 977 res
783 914 972 976 communis
998 922 1048 977 est
1071 913 1184 976 virtuti
1211 922 1245 976 et
1268 911 1359 989 vitio,
1381 932 1423 974 eo
1446 911 1538 993 quod

384 1017 536 1082 homines
558 1020 706 1100 gaudent
728 1026 763 1080 et
782 1016 1005 1098 jocundantur
1028 1017 1060 1078 in
1077 1016 1167 1080 malo
1189 1018 1275 1080 sicut
1297 1017 1329 1078 in
1347 1017 1445 1079 bono.
1492 1014 1539 1077 Et

384 1122 448 1186 hoc
462 1133 513 1187 est
528 1123 619 1205 quod
635 1119 732 1184 infert
742 1144 752 1196 3
778 1119 881 1202 ‘Quis
904 1121 1035 1202 ignorat
1059 1121 1269 1202 plenissimos
1289 1140 1362 1183 esse
1384 1119 1538 1201 volupta-

382 1229 473 1291 tibus
496 1226 709 1291 stultissimos
733 1229 908 1308 quosque?
931 1235 965 1289 et
983 1226 1165 1306 nequitiam
1190 1226 1360 1288 abundare
1382 1223 1538 1304 jucundis

383 1331 597 1413 animumque
609 1331 717 1413 ipsum
733 1348 856 1411 genera
868 1325 1053 1410 voluptatis
1063 1349 1165 1410 prava
1174 1340 1208 1393 et
1224 1329 1327 1394 multa
1338 1332 1537 1411 suggerere?

384 1444 417 1505 in
447 1443 564 1527 primis
590 1442 801 1505 insolentiam
832 1451 866 1505 et
893 1442 1030 1505 nimiam
1057 1442 1323 1508 aestimationem
1350 1442 1399 1506 sui
1426 1450 1536 1504 tumo-

383 1568 518 1630 remque
547 1547 671 1610 elatum
702 1566 802 1628 super
834 1553 981 1609 caeteros
1019 1556 1053 1610 et
1090 1567 1237 1610 amorem
1268 1567 1374 1611 rerum
1402 1565 1536 1609 suarum

382 1671 518 1714 caecum
549 1660 581 1712 et
616 1647 857 1733 improvidum'
879 1694 887 1710 .
910 1697 916 1711 .
940 1649 1054 1732 .Quia
1084 1659 1163 1716 tunc
1192 1651 1356 1715 diceretur
1385 1651 1414 1712 ei
1444 1650 1536 1732 quod

381 1755 500 1827 saltem
516 1754 618 1818 homo
639 1756 744 1818 bonus
765 1752 966 1835 jocundatur
985 1763 1020 1817 et
1037 1756 1163 1837 gaudet
1183 1765 1217 1818 et
1236 1755 1312 1818 ideo
1327 1755 1535 1838 voluptatem

381 1859 483 1923 habet
503 1859 614 1932 animi,
632 1859 818 1940 dicitquod
835 1859 956 1920 ‘virtus
974 1857 1163 1939 voluptates
1179 1860 1333 1923 aestimat
1354 1866 1535 1940 antequam

382 1964 548 2041 admittat,
579 1983 686 2045 neque
723 1962 751 2023 si
790 1959 968 2043 probavit¹
1001 1961 1112 2044 magni
1145 1963 1271 2044 pendit,
1301 1963 1417 2045 utique
1446 1962 1535 2024 enim

381 2069 539 2142 admittit,
557 2078 706 2131 nectum
722 2087 783 2130 usu
803 2085 916 2129 earum
938 2067 996 2129 sed
1021 2067 1241 2147 temperantia
1262 2067 1350 2131 laeta
1372 2063 1441 2131 est'
1488 2065 1535 2130 Et

381 2171 428 2235 ait
450 2171 641 2250 cavillatori,
663 2171 736 2235 ‘Tu
762 2169 972 2252 voluptatem
995 2168 1236 2252 complecteris,
1262 2191 1325 2252 ego
1347 2189 1534 2252 compesco·

381 2275 433 2339 Tu
456 2277 629 2359 voluptate
660 2275 784 2353 frueris,
806 2293 871 2356 ego
897 2285 981 2337 utor.
1026 2274 1079 2337 Tu
1103 2274 1193 2337 illam
1214 2295 1382 2340 summum
1409 2275 1533 2338 bonum

381 2389 488 2463 putas,
506 2400 571 2462 ego
586 2399 647 2441 nec
663 2380 798 2442 bonum.
843 2377 897 2441 Tu
913 2378 1027 2441 omnia
1046 2377 1227 2461 voluptatis
1245 2399 1345 2444 causa
1364 2378 1452 2456 iacis,
1469 2397 1533 2461 ego

380 2482 480 2546 nihil!

424 2586 523 2650 ‘Non
546 2607 632 2652 voco
654 2596 766 2650 autem
798 2586 994 2669 sapientem,
1016 2608 1116 2672 supra
1138 2607 1236 2671 quem
1263 2587 1442 2671 quicquam
1471 2597 1532 2667 est,

380 2693 501 2756 nedum
517 2692 681 2772 voluptas.
725 2690 867 2780 Abilae
890 2692 978 2754 enim
1000 2701 1182 2775 occupatus
1204 2693 1375 2775 quomodo
1399 2692 1532 2756 resistet

379 2796 484 2861 labori
508 2796 654 2878 periculo
680 2806 714 2860 et
738 2795 879 2877 egestati
897 2843 904 2856 .
922 2798 1139 2878 ..quomodo
1161 2808 1376 2879 conspectum
1405 2796 1532 2871 mortis,

378 2902 549 2983 quomodo
565 2899 687 2964 doloris
703 2900 808 2962 seret?
854 2898 1036 2981 Quomodo
1052 2901 1167 2964 mundi
1189 2899 1334 2983 fragores
1348 2911 1383 2965 et
1397 2909 1528 2963 tantum

378 3005 610 3067 acerrimorum
637 3003 782 3066 hostium
805 3023 826 3067 a
850 3003 943 3066 molli
973 3004 1160 3067 adversario
1189 3000 1337 3068 victusl’
1384 3004 1429 3069 Et
1451 3005 1530 3087 quia

378 3109 548 3171 cavillator
565 3108 674 3171 adhuc
698 3108 846 3184 instaret,
868 3107 943 3170 ideo
960 3105 1057 3171 insert
1074 3109 1317 3190 oppositionem
1339 3107 1410 3189 ejus
1432 3107 1531 3172 ‘Non

377 3211 469 3274 vides
481 3232 580 3292 quam
592 3210 696 3273 multa
705 3212 747 3273 sit
759 3231 895 3274 suasura
905 3211 1083 3293 voluptas?
1106 3213 1122 3240 ‘¹
1132 3208 1251 3289 Nihil,'’
1263 3213 1401 3294 inquit,“
1407 3212 1531 3295 poterit

378 3316 517 3396 turpiter
531 3316 679 3391 suadere,
690 3316 768 3396 quia
783 3315 942 3396 adjuncta
957 3317 1070 3378 virtuti
1087 3313 1185 3380 est.’¹'
1217 3316 1283 3380 Sed
1301 3326 1448 3380 removet
1464 3315 1530 3380 hoc

377 3418 499 3493 dicens,
529 3419 626 3482 ‘Non
660 3419 753 3481 vides
783 3420 903 3483 iterum
933 3420 1033 3502 quale
1062 3421 1106 3483 sit
1128 3440 1295 3484 summum
1319 3421 1451 3498 bonum,
1474 3422 1528 3483 cui

377 3522 515 3585 custode
529 3543 614 3604 opus
628 3532 688 3598 est,
704 3534 741 3586 ut
756 3524 881 3587 bonurn
894 3524 963 3586 sit?
985 3525 1089 3588 virtus
1104 3536 1215 3587 autem
1231 3526 1401 3606 quomodo
1412 3524 1529 3606 volup·

376 3638 478 3691 tatem
506 3637 598 3708 reget
620 3647 720 3710 quam
743 3630 899 3710 sequitur,
923 3648 999 3691 cum
1030 3629 1122 3710 sequi
1153 3629 1299 3711 parentis
1329 3631 1381 3704 sit,
1414 3649 1529 3711 regere

376 3733 594 3813 imperantis?
617 3751 637 3793 a
660 3741 754 3814 tergo
778 3734 874 3815 ponis
897 3733 987 3815 quod
1019 3732 1182 3815 imperat?
1212 3733 1381 3816 egregium
1413 3745 1528 3798 autem

374 3836 477 3900 habet
487 3837 590 3899 virtus
602 3837 690 3920 apud
701 3859 760 3900 vos
772 3837 927 3916 officium,
938 3833 1297 3918 voluptates,’scilicet,‘
1305 3847 1529 3920 praegustare,

376 3951 484 4006 ...et
500 3942 590 4023 quod
613 3940 779 4024 plerisque
802 3942 964 4023 contingit
987 3940 1124 4004 hilarem
1148 3942 1310 4006 insaniam
1332 3942 1472 4006 insanire
1487 3963 1527 4007 ac

374 4066 433 4128 per
450 4046 548 4109 risum
571 4045 686 4108 furere.
732 4045 783 4108 At
804 4056 918 4108 contra
941 4045 1140 4128 sapientium
1164 4046 1320 4109 remissae
1335 4046 1527 4129 voluptates

373 4159 407 4213 et
432 4151 601 4213 modestae
623 4170 662 4212 ac
686 4169 791 4231 paene
813 4147 991 4230 languidae
1013 4157 1098 4228 sunt,
1115 4170 1388 4233 compressaeque
1411 4159 1445 4213 et
1466 4151 1526 4214 vix

375 4253 545 4328 notabiles,
570 4263 607 4314 ut
630 4273 717 4335 quae
735 4271 843 4333 neque
866 4253 1044 4316 accersitae
1061 4255 1193 4316 veniant
1212 4274 1280 4331 nec,
1300 4255 1452 4337 quamvis
1467 4272 1528 4338 per

373 4377 409 4420 se
423 4356 629 4434 accesserint,
645 4357 679 4419 in
694 4357 819 4419 honore
834 4356 909 4433 sint,
924 4376 1032 4438 neque
1049 4355 1117 4418 ullo
1135 4357 1260 4439 gaudio
1275 4358 1525 4441 percipientium

371 4471 541 4542 exceptae.
588 4460 730 4524 Miscent
752 4459 840 4523 enim
862 4459 935 4523 illas
956 4468 989 4522 et
1011 4460 1227 4543 interponunt
1241 4462 1329 4525 vitae
1350 4471 1386 4525 ut
1410 4462 1525 4526 ludum

762 4592 771 4621 ¹
787 4603 815 4645 et
825 4610 889 4658 quas
900 4596 922 4644 si
934 4595 1061 4660 probavit,
1074 4595 1152 4646 MSS.
