3542 5359
381 543 576 604 MORALIS
601 547 921 643 PHILOSOPHIfl:
954 551 1069 610 PARS
1093 552 1242 614 PRIMA.
1328 570 1389 631 227

238 703 394 771 homine:
432 718 467 773 et
495 710 604 788 tertio,
626 711 716 794 quod
745 711 837 776 Deus
874 722 926 776 est
963 717 1132 795 potentiae
1162 723 1195 780 et
1228 717 1389 783 bonitatis

239 810 395 891 infinitae,
411 824 445 877 et
464 815 562 878 simul
580 835 654 878 cum
676 815 738 879 hoc
759 816 849 898 quod
871 827 922 882 est
944 820 1149 883 substantiae
1171 833 1206 886 et
1228 825 1390 887 essentiae

239 914 396 994 infinitae,
413 928 449 982 ut
471 917 518 983 sic
540 930 698 1002 sequatur
719 922 808 1003 quod
832 921 876 986 sit
898 923 1053 1004 optimus,
1070 925 1342 1006 sapientissimus,
1357 938 1390 991 et

240 1021 498 1100 potentissimus.
536 1023 674 1106 Quart0,
684 1024 775 1108 quod
792 1034 841 1088 est
858 1045 945 1090 unus
957 1026 1050 1090 Deus
1067 1028 1099 1090 in
1115 1031 1257 1094 essentia
1271 1039 1307 1094 et
1322 1050 1390 1094 non

239 1126 359 1207 plures.
406 1127 545 1210 Quinto,
558 1129 648 1209 quod
666 1149 731 1194 non
746 1129 853 1194 solum
869 1139 921 1192 est
937 1150 1020 1194 unus
1038 1131 1071 1194 in
1092 1133 1234 1197 essentia
1250 1135 1309 1197 sed
1324 1134 1391 1198 alio

241 1231 343 1294 modo
360 1231 473 1310 trinus,
488 1234 542 1315 qui
566 1234 685 1296 modus
705 1254 725 1297 a
744 1233 975 1317 metaphysico
998 1237 1032 1298 in
1055 1237 1229 1300 universali
1252 1238 1390 1320 proferri

241 1333 352 1410 habet,
372 1334 425 1400 hic
448 1346 560 1400 autem
588 1338 620 1400 in
649 1337 781 1420 propria
803 1338 979 1421 disciplina
1002 1340 1229 1421 explicandus.
1275 1341 1392 1414 Sexto,

240 1441 329 1520 quod
348 1439 459 1504 omnia
480 1441 602 1504 creavit
619 1449 653 1503 et
674 1442 858 1522 gubemat¹
878 1443 1004 1508 inesse
1026 1443 1183 1508 Naturae.
1230 1444 1392 1527 Septimo,

240 1543 330 1625 quod
347 1555 479 1625 praeter
494 1545 677 1628 corporalia
699 1545 855 1611 formavit
875 1548 1080 1612 substantias
1103 1549 1289 1630 spirituales
1310 1571 1393 1633 quos

241 1667 399 1712 vocamus
431 1648 674 1732 Intelligentias
703 1659 738 1714 et
768 1650 940 1734 Angelos;
977 1653 1055 1734 quia
1085 1652 1305 1735 intelligentia
1342 1666 1393 1719 est

241 1772 362 1816 nomen
381 1754 546 1832 materiae,
558 1753 695 1836 angelus
710 1776 786 1820 vero
801 1767 852 1821 est
867 1776 988 1821 nomen
1004 1756 1122 1834 officii3
1145 1768 1179 1821 et
1202 1768 1285 1839 quot
1307 1769 1393 1837 sunt,

242 1865 275 1918 et
301 1876 387 1939 quae
416 1868 492 1922 sunt
521 1859 731 1942 operationes
754 1881 876 1934 earum,
899 1861 1081 1925 secundum
1108 1862 1199 1943 quod
1221 1863 1264 1926 ad
1288 1873 1393 1926 meta-

242 1961 415 2043 physicam
434 1963 611 2044 pertinent,
627 1973 726 2047 prout
742 1964 900 2046 possibile
920 1973 970 2028 est
985 1964 1061 2026 sciri
1078 1985 1137 2048 per
1151 1966 1313 2030 rationem
1331 1966 1393 2029 hu·

243 2086 385 2129 marram.
419 2067 561 2145 Octavo,
572 2069 661 2150 quod
674 2079 805 2150 praeter
817 2068 968 2154 Angelos
984 2069 1060 2133 fecit
1075 2068 1177 2134 alias²
1190 2070 1394 2133 substantias

242 2171 429 2252 spirituales
448 2193 534 2254 quae
554 2181 632 2236 sunt
647 2173 777 2236 animae
794 2173 973 2237 rationales
988 2173 1022 2235 in
1041 2174 1239 2238 hominibus.
1285 2174 1394 2251 Nono,

243 2277 334 2356 quod
347 2273 423 2340 fecit
436 2296 492 2340 eas
504 2276 717 2342 immortales.
748 2276 900 2354 Decimo,
913 2278 1002 2358 quod
1015 2277 1153 2341 felicitas
1163 2278 1297 2342 alterius
1306 2277 1395 2341 vitae

244 2389 293 2442 est
309 2400 475 2444 summum
491 2381 626 2444 bonum.
657 2381 869 2457 ¹Undecimo,
890 2382 980 2464 quod
996 2382 1099 2446 homo
1117 2391 1168 2445 est
1183 2404 1292 2466 capax
1308 2381 1396 2446 illius

244 2481 417 2548 felicitatis.
464 2483 682 2564 Duodecimo,
698 2487 786 2568 quod
802 2506 908 2568 genus
924 2485 1107 2549 humanum
1125 2486 1218 2550 Deus
1233 2487 1396 2568 gubernat

243 2589 277 2652 in
292 2589 345 2653 via
356 2589 464 2669 moris,
473 2591 557 2654 sicut
575 2598 706 2653 caetera
721 2589 754 2652 in
770 2609 840 2652 esse
853 2599 999 2652 naturae.
1027 2588 1169 2654 Decimo
1180 2591 1290 2668 terti0,
1304 2590 1395 2671 quod

245 2693 308 2756 illis
330 2695 387 2776 qui
403 2702 490 2758 recte
504 2695 621 2757 vivunt
636 2694 816 2757 secundum
838 2692 1111 2776 gubernationem
1128 2692 1193 2756 Dei
1211 2693 1304 2755 Deus
1320 2713 1396 2774 pro-

244 2799 346 2862 mittit
363 2796 508 2861 futuram
523 2797 727 2874 felicitatem,
742 2798 825 2860 sicut
841 2796 1012 2860 Avicenna
1028 2797 1126 2859 docet
1142 2797 1272 2860 decimo
1288 2797 1397 2860 Meta·

245 2901 410 2985 physicae,
426 2912 460 2966 et
482 2902 574 2985 quod
597 2901 683 2965 nrale
698 2901 885 2964 viventibus
907 2901 1070 2964 debeatur
1090 2898 1266 2964 infelicitas
1287 2899 1398 2964 futura

245 3003 419 3071 horribilis.
465 3007 608 3070 Decimo
629 3016 759 3088 quarto,
777 3004 867 3088 quod
884 3005 961 3069 Deo
975 3005 1084 3069 cultus
1101 3025 1176 3069 cum
1195 3005 1287 3068 omni
1307 3025 1396 3068 reve·

245 3111 352 3175 rentia
366 3123 400 3176 et
412 3110 590 3175 devotione
604 3109 774 3174 debeatur.
805 3108 947 3172 Decimo
959 3109 1086 3190 quinto,
1095 3110 1185 3191 quod
1197 3108 1282 3173 sicut
1294 3109 1397 3173 homo

246 3216 288 3280 ad
302 3216 414 3279 Deum
431 3214 625 3279 naturaliter
637 3213 809 3277 ordinatur
823 3234 883 3297 per
894 3214 1041 3277 debitam
1058 3214 1275 3276 reverentiam
1291 3213 1339 3275 sic
1353 3214 1396 3276 ad

245 3321 435 3402 proximum
460 3340 519 3402 per
537 3318 712 3402 justitiam,
728 3327 763 3382 et
782 3338 907 3399 pacem,
923 3327 957 3380 et
980 3319 1023 3381 ad
1047 3339 1083 3382 se
1105 3318 1212 3400 ipsum
1235 3338 1294 3401 per
1311 3319 1399 3380 vitae

246 3424 465 3488 honestatem.
509 3424 651 3487 Decimo
666 3432 776 3500 sexte,
791 3423 881 3504 quod
902 3442 970 3485 non
988 3431 1101 3506 potest
1122 3423 1223 3485 homo
1244 3443 1303 3504 per
1323 3441 1399 3504 pro·

246 3528 350 3611 priam
372 3528 567 3592 industriam
588 3526 670 3592 scire
691 3525 832 3609 qualiter
847 3524 922 3588 Deo
942 3524 1072 3607 placeat
1093 3526 1184 3588 cultu
1205 3525 1320 3589 debito
1340 3543 1400 3588 nec

247 3633 417 3714 quomodo
432 3632 476 3696 ad
490 3631 691 3715 proximum,
701 3649 762 3693 nec
777 3630 818 3692 ad
835 3649 871 3692 se
886 3628 995 3712 ipsum
1011 3650 1047 3692 se
1062 3629 1185 3694 habere
1199 3630 1331 3706 debeat,
1343 3627 1401 3692 sed

247 3735 375 3818 indiget
395 3736 428 3798 in
451 3734 502 3798 his
518 3733 694 3799 revelanda
714 3733 860 3798 veritate.
906 3733 1046 3797 Decimo
1065 3733 1217 3816 septimo,
1238 3734 1330 3815 quod
1346 3733 1401 3795 uni

247 3850 376 3904 tantum
399 3840 501 3904 debet
524 3838 594 3902 fieri
616 3837 792 3914 revelatio;
818 3838 907 3919 quod
932 3838 995 3901 iste
1017 3838 1119 3901 debet
1142 3856 1213 3899 esse
1240 3836 1402 3899 mediator

248 3944 313 4008 Dei
329 3954 363 4007 et
378 3943 559 4017 hominum,
571 3951 605 4006 et
617 3941 754 4006 vicarius
766 3941 831 4006 Dei
844 3942 877 4004 in
890 3951 987 4016 terra,
999 3943 1051 4005 cui
1068 3939 1281 4023 subjiciatur³
1293 3948 1402 4002 toturn

250 4067 355 4132 genus
383 4048 575 4125 humanum,
602 4057 636 4111 et
666 4046 720 4109 cui
750 4046 885 4110 credere
908 4045 1011 4109 debet
1032 4045 1104 4108 sine
1133 4042 1403 4116 contradictione,

249 4154 381 4234 quando
404 4152 581 4236 probatum
604 4151 666 4214 fuit
693 4148 969 4214 certitudinaliter
994 4149 1084 4230 quod
1108 4148 1171 4211 iste
1197 4149 1240 4210 sit
1264 4147 1341 4210 talis
1367 4156 1403 4209 ut

251 4257 352 4321 modo
374 4257 577 4339 assignatum
603 4264 674 4331 est;
699 4264 733 4318 et
756 4264 805 4318 est
829 4252 998 4336 legislator
1019 4263 1052 4316 et
1077 4271 1226 4315 summus
1248 4252 1405 4316 sacerdos

250 4360 306 4444 qui
324 4361 357 4424 in
372 4359 611 4441 temporalibus
629 4369 663 4422 et
679 4357 905 4439 spiritualibus
919 4356 1022 4420 babet
1038 4353 1277 4439 plenitudinem
1291 4363 1405 4437 potes·

331 4563 338 4593 ¹
355 4563 519 4626 gubernavit,
533 4563 567 4611 ll.
674 4560 683 4588 ²
701 4559 774 4621 alias,
787 4560 836 4620 0.;
854 4559 919 4621 illas,
933 4559 968 4609 lt.
1075 4556 1085 4584 ³
1102 4557 1279 4620 subjiceretur,
1290 4557 1322 4606 Ο.

799 4671 860 4735 Q2
