3542 5359
418 565 613 623 MORALIS
638 564 956 624 PHILOSOPHIA:
981 564 1096 623 PARS
1124 565 1289 624 TERTIA.
1370 563 1430 642 363

278 747 397 811 cogere
421 728 604 793 monachos
629 729 672 792 ad
696 729 836 812 rigorem
861 728 1042 810 patientiae
1059 729 1149 811 quod
1175 728 1338 793 sustinere
1360 749 1427 792 non

278 837 425 910 possent,
437 829 497 894 sed
513 828 585 910 ipsa
599 828 755 893 violentia
770 827 1007 911 frangerentur.
1047 829 1093 892 Et
1108 829 1185 894 ideo
1200 829 1305 910 Jacob
1322 828 1427 891 Patri·

276 932 378 996 archa
392 953 429 996 se
443 933 618 997 excusavit
632 953 652 996 a
667 932 828 996 societate
844 932 944 1012 Esau,
954 952 1040 1009 nam,
1053 932 1080 996 si
1095 953 1208 996 secum
1224 931 1428 995 ambulasset

277 1035 403 1114 fortius,
419 1046 627 1100 morerentur
641 1035 698 1099 tilii
714 1037 764 1100 sui
780 1047 815 1101 et
829 1057 952 1101 uxores
966 1047 1000 1100 et
1015 1037 1207 1100 animalium
1223 1056 1349 1119 greges

321 1141 462 1222 Propter
475 1141 567 1223 quod
584 1139 712 1204 Seneca
728 1141 999 1224 sapientissimus,
1014 1143 1066 1205 cui
1081 1153 1158 1206 sunt
1176 1141 1321 1206 revelata
1335 1142 1426 1224 quod
1441 1151 1586 1202 Connnned

277 1245 392 1328 paucis
404 1245 572 1309 Divinitas
586 1246 759 1324 concessit,
771 1254 808 1308 ut
819 1247 864 1309 ait
876 1245 1064 1328 Apostolus
1074 1245 1095 1322 ¹,
1106 1246 1283 1310 aestimans
1295 1245 1427 1330 pondus
1441 1218 1475 1282 by
1484 1218 1586 1268 seneca.

276 1349 440 1413 humanae
453 1347 650 1431 fragilitatis,
665 1351 829 1414 convertit
850 1371 887 1412 se
905 1350 938 1412 in
962 1349 1027 1412 fine
1043 1349 1263 1434 persuasionis
1283 1369 1362 1414 suae
1383 1349 1426 1412 de

275 1455 376 1517 animi
397 1453 636 1537 tranquillitate
658 1455 701 1518 ad
724 1454 844 1518 solatia
867 1464 901 1518 et
927 1454 1144 1520 recreationes
1170 1455 1365 1537 corporales,
1390 1463 1425 1516 ut

275 1557 478 1641 interpositis
515 1558 705 1640 hujusmodi
744 1559 906 1636 remediis,
943 1558 1060 1622 fortius
1089 1559 1174 1622 vires
1207 1568 1424 1622 resumantur.

275 1661 366 1724 Nam
387 1671 422 1726 et
446 1660 532 1726 Cato
554 1663 611 1736 ait,
633 1662 810 1745 Interpone
832 1664 898 1726 tuis
922 1663 1086 1728 interdum
1110 1663 1232 1745 gaudia
1252 1663 1358 1738 curis3
1389 1673 1425 1725 ut

274 1768 365 1830 dicat
380 1767 455 1829 Deo
469 1767 606 1850 quilibet
628 1787 704 1829 curn
728 1765 908 1848 psalmista,
927 1765 1172 1830 Fortitudinem
1194 1787 1301 1830 meam
1324 1768 1368 1830 ad
1393 1776 1426 1830 te

274 1871 469 1934 custodiam.
516 1868 645 1934 Seneca
664 1870 765 1953 igitur
780 1869 970 1952 hujusmodi
991 1872 1112 1934 solatia
1132 1883 1273 1954 tangens
1292 1871 1340 1934 sic
1355 1870 1424 1933 elo-

273 1974 399 2056 quitur;
412 1974 604 2039 ‘Miscenda
615 1975 683 2039 sint
692 1975 756 2038 ista
769 1985 802 2039 et
814 1974 1018 2054 alternanda,
1030 1974 1176 2039 solitudo
1185 1984 1219 2038 et
1230 1975 1423 2058 frequentia.
1439 1983 1480 2062 ὓς
1492 1985 1571 2062 Tran-

276 2077 337 2142 llla
363 2078 459 2142 nobis
484 2079 584 2143 faciet
610 2080 810 2143 desiderium
837 2078 1021 2158 hominum,
1047 2079 1129 2143 baec
1159 2080 1272 2159 nostri,
1297 2089 1332 2142 et
1360 2081 1424 2143 erit
1437 2050 1572 2181 Quthte,

272 2181 376 2247 altera
397 2183 532 2247 alterius
555 2184 749 2248 remedium.
795 2183 960 2248 Taedium
978 2185 1096 2249 turbae
1115 2184 1245 2247 sanabit
1266 2183 1421 2259 solitudo,

271 2289 418 2351 taedium
434 2288 620 2352 solitudinis
635 2290 741 2352 turba
783 2289 855 2352 Nec
871 2289 904 2351 in
920 2289 1036 2352 mdem
1054 2289 1236 2352 intentione
1252 2288 1422 2352 retinenda

273 2411 366 2456 mens
380 2401 440 2467 est,
455 2394 514 2455 sed
530 2393 573 2456 ad
586 2391 682 2474 jocos
704 2390 893 2471 evocanda:
910 2405 943 2457 et
965 2403 1113 2458 caeteras
1133 2393 1280 2474 corporis
1298 2413 1422 2456 recrea-

271 2497 388 2562 tiones.
441 2499 546 2562 ‘Cum
579 2499 725 2580 puerulis
756 2497 911 2564 Socrates
944 2499 1059 2562 ludere
1094 2518 1160 2563 non
1196 2498 1421 2563 erubescebat.

271 2600 358 2664 Cato
373 2602 450 2664 vino
470 2600 610 2666 laxabat
628 2603 776 2666 animum
802 2602 889 2666 curis
913 2603 1054 2685 publicis
1076 2601 1262 2686 fatigatum.
1308 2601 1422 2683 Scipio

270 2703 351 2768 illud
377 2704 577 2787 triumphale
605 2716 639 2768 et
667 2706 808 2769 militare
834 2726 954 2790 corpus
980 2707 1086 2770 movit
1112 2706 1155 2768 ad
1182 2706 1332 2787 tripudia,
1357 2725 1421 2768 non

270 2808 413 2873 molliter
426 2830 463 2873 se
481 2808 661 2891 infringens
676 2821 712 2874 ut
729 2830 801 2873 mos
816 2820 878 2887 est,
892 2811 935 2874 ad
952 2808 1146 2874 muliebrem
1164 2808 1344 2882 mollitiem,
1361 2810 1419 2871 sed

270 2923 308 2977 ut
331 2914 459 2996 antiqui
490 2912 535 2977 illi
561 2915 621 2977 viri
651 2913 803 2978 solebant
837 2916 922 2978 inter
948 2914 1056 2978 lusum
1089 2934 1129 2978 ac
1158 2911 1241 2978 festa
1271 2923 1421 2996 tempora

269 3017 398 3082 virilem
418 3019 452 3082 in
475 3019 614 3082 modum
635 3019 824 3101 tripudiare,
841 3040 908 3082 non
930 3017 1047 3083 facturi
1065 3018 1300 3084 detrimentum
1319 3020 1420 3082 etiam

269 3123 297 3184 si
312 3123 357 3186 ab
371 3121 522 3186 hostibus
536 3123 606 3186 suis
620 3131 849 3204 spectarentur
856 3120 879 3187 ².
925 3124 1047 3187 Danda
1059 3133 1108 3186 est
1121 3123 1239 3186 animis
1255 3123 1401 3186 remissio
1415 3145 1422 3198 ;

270 3225 421 3290 meliores
435 3226 674 3309 activioresque
684 3228 697 3262 ³
709 3228 848 3310 requieti
864 3237 1047 3310 resurgent.
1094 3227 1144 3292 Ut
1159 3227 1319 3292 fertilibus
1333 3229 1421 3310 agris

268 3351 335 3394 non
365 3341 416 3395 est
448 3332 686 3414 imperandum,
709 3332 776 3396 cito
806 3333 895 3396 enim
927 3331 1000 3396 illos
1030 3331 1222 3396 exhauriret
1251 3351 1419 3416 nunquam

268 3435 454 3499 intermissa
475 3433 690 3512 faecunditas,
711 3436 758 3498 ita
777 3437 964 3500 animorum
988 3437 1134 3520 impetus
1156 3437 1307 3501 assiduus
1326 3435 1420 3500 labor

267 3537 417 3621 franget:
441 3539 526 3603 vires
538 3540 695 3622 recipient
707 3539 841 3604 resoluti
858 3539 1030 3622 paululum
1046 3549 1081 3604 et
1096 3541 1232 3603 remissi.
1262 3540 1420 3604 Nascitur

267 3665 312 3706 ex
340 3643 536 3707 assiduitate
565 3643 715 3708 laborum
739 3644 925 3708 animorum
960 3643 1155 3708 hebetatio⁴
1187 3646 1351 3726 quaedam
1385 3655 1418 3708 et

266 3745 415 3829 languor.
469 3748 541 3812 Nec
571 3749 614 3812 ad
642 3746 706 3811 hoc
735 3758 831 3813 tanta
859 3747 1033 3812 bominum
1060 3748 1225 3830 cupiditas
1256 3747 1417 3822 tenderet,

267 3851 329 3916 nisi
349 3851 532 3914 naturalem
552 3853 722 3935 quandam
740 3850 946 3934 voluptatem
970 3852 1058 3915 lusus
1078 3850 1216 3914 haberet
1235 3850 1417 3932 jocusque;

265 3974 408 4040 quorum
423 3965 536 4021 tamen
555 3955 706 4038 frequens
727 3977 805 4021 usus
824 3976 922 4019 omne
939 3955 1057 4018 animis
1073 3954 1202 4037 pondus
1217 3973 1418 4036 omnemque

265 4061 332 4122 vim
348 4060 476 4143 eripiet.
522 4060 612 4124 Nam
632 4071 666 4125 et
688 4081 824 4125 somnus
845 4059 1014 4124 refectioni
1038 4059 1237 4123 necessarius
1252 4066 1315 4134 est,
1330 4057 1417 4121 hunc

299 4246 304 4273 ¹
321 4246 347 4294 Α
363 4246 495 4308 quotation
513 4245 577 4295 from
594 4247 639 4295 tbe
656 4246 805 4296 fourteentb
821 4246 900 4296 letter
910 4245 946 4316 'oi
959 4246 1004 4295 tbe
1021 4243 1179 4307 apocrypbal
1191 4245 1416 4306 conaspondence

264 4325 385 4372 between
398 4325 462 4374 Paul
473 4327 525 4374 and
537 4325 647 4374 Senem.
681 4325 744 4374 Paul
755 4341 833 4388 says:
851 4325 1043 4387 ‘Perpendeuti
1054 4323 1100 4372 tibi
1111 4338 1143 4372 ea
1153 4329 1214 4371 arnt
1225 4323 1339 4372 revelata
1349 4339 1417 4385 quae

264 4404 353 4465 paucis
364 4403 492 4453 Divinitas
502 4405 637 4454 comit
672 4404 766 4454 Cernis
780 4404 860 4466 igitur
872 4419 923 4467 ego
936 4404 962 4452 in
979 4417 1044 4464 agro
1061 4410 1113 4451 tam
1130 4401 1207 4450 fertili
1224 4416 1313 4450 semen
1331 4400 1415 4450 fortis·

263 4482 355 4530 simum
367 4480 458 4540 ser03'
470 4489 497 4530 et
507 4497 562 4544 seq.

296 4559 308 4591 ²
325 4567 494 4617 sectarentur,
508 4561 540 4610 D.
551 4567 579 4608 et
591 4559 622 4609 0.
921 4559 931 4588 ⁸
946 4561 1121 4623 acrioresque,
1134 4558 1243 4610 Seneca.
1341 4550 1344 4556 ¹

296 4641 305 4669 ⁴
321 4639 451 4701 hesitatio,
467 4639 498 4688 1).
511 4646 538 4690 et
549 4639 582 4690 0.
