3542 5359
401 630 731 690 PERSPECTIVAE
754 630 870 690 PARS
900 630 1077 690 TERTIA:
1110 630 1220 690 DIST.
1246 631 1271 690 I.
1354 648 1410 710 135

257 793 434 876 praecipue
455 793 638 859 Ptolemaei
660 803 693 860 et
715 793 877 872 Alhazen‚
900 792 1069 858 revolvere
1088 804 1249 876 quantum
1275 814 1409 876 possum

257 898 387 962 brevius
403 899 521 964 modos
535 899 670 962 videndi
686 899 867 964 secundum
882 898 1109 962 diversitatem
1125 898 1343 982 speculorum.

303 1002 342 1065 In
369 1002 476 1086 planis
506 1022 587 1085 ergo
616 1002 757 1085 speculis
787 1002 945 1066 minimus
974 1022 1064 1067 error
1091 1002 1221 1080 accidit,
1251 1005 1329 1085 quia
1360 1024 1411 1068 res

214 1135 217 1142 ·
257 1117 420 1190 apparent
443 1107 475 1170 in
498 1105 604 1190 figura
626 1117 660 1172 et
691 1109 878 1191 quantitate
893 1106 1032 1171 'debita
1078 1105 1177 1171 Solus
1207 1109 1294 1172 enim
1327 1109 1410 1175 situs

256 1211 410 1286 variatur,
433 1211 511 1294 quia
540 1212 661 1278 dextra
690 1221 853 1296 apparent
890 1212 1028 1288 sinistra,
1057 1221 1093 1276 et
1122 1231 1141 1274 e
1171 1231 1339 1288 converso,
1368 1235 1408 1278 ac

257 1315 424 1397 superiora
442 1314 604 1394 inferiora,
621 1319 708 1381 unde
725 1328 832 1382 turres
847 1317 1002 1381 videntur
1020 1317 1054 1380 in
1073 1336 1160 1397 aqua
1175 1333 1317 1395 eversae,
1331 1339 1408 1384 cum

257 1419 317 1486 fiat
339 1419 475 1484 reflexio
497 1441 517 1484 a
539 1419 638 1502 plana
660 1421 835 1504 superficie
864 1442 981 1504 aquae.
1024 1421 1088 1486 Est
1109 1431 1221 1486 tamen
1245 1421 1278 1486 in
1301 1424 1408 1508 planis

256 1524 397 1606 speculis
428 1546 517 1589 error
545 1527 732 1590 communis
761 1527 818 1610 qui
845 1527 954 1590 estin
981 1526 1145 1602 omnibus,
1171 1527 1295 1593 scilicet
1317 1529 1407 1612 quod

256 1650 309 1694 res
335 1650 401 1693 non
433 1639 573 1712 apparet
605 1631 638 1693 in
659 1629 731 1695 loco
766 1651 835 1710 suo,
865 1652 926 1695 nec
957 1631 1051 1695 locus
1084 1631 1238 1715 imaginis
1268 1643 1319 1698 est
1353 1634 1408 1697 ibi.

257 1733 343 1798 Cum
369 1743 480 1798 autem
503 1734 645 1798 dicimus
667 1736 777 1800 locum
800 1736 962 1818 imaginis,
985 1755 1143 1800 vocamus
1165 1737 1408 1820 apparitionem

255 1839 311 1913 rei,
323 1838 404 1902 nihil
420 1839 510 1902 enim
525 1839 616 1904 aliud
629 1839 842 1924 intelligimus
857 1861 917 1925 per
926 1839 1135 1904 vocabulum.
1172 1841 1205 1904 N
1209 1861 1245 1905 ec
1261 1862 1312 1906 res
1327 1859 1408 1926 ergo

255 1943 288 2006 in
310 1941 362 2007 his
384 1942 527 2024 speculis
549 1963 610 2008 nec
632 1943 725 2008 locus
747 1943 901 2029 imaginis
928 1953 1092 2028 apparent
1115 1944 1148 2007 in
1172 1944 1246 2010 loco
1269 1946 1323 2022 rei,
1346 1943 1405 2010 sed

256 2048 288 2110 in
311 2048 406 2112 radio
428 2046 544 2112 visuali
568 2068 706 2133 semper,
721 2057 857 2133 propter
878 2049 963 2113 duas
985 2067 1101 2113 causas
1123 2047 1238 2112 dictas
1284 2049 1352 2114 Sed
1371 2051 1405 2113 in

254 2152 363 2234 planis
384 2153 549 2236 apparitio
571 2153 810 2218 determinatur
831 2155 865 2218 in
886 2175 1047 2219 concursu
1071 2154 1151 2217 radii
1172 2153 1307 2218 visualis
1329 2175 1404 2219 cum

1422 1011 1500 1064 Plane

1423 1080 1532 1130 mirrors.

255 2257 398 2335 catheto,
425 2265 558 2322 tantum
584 2257 710 2322 scilicet
738 2257 825 2322 ultra
853 2258 1034 2343 speculum,
1063 2267 1226 2340 quantum
1255 2279 1307 2322 res
1336 2261 1406 2324 visa
1501 2270 1504 2274 ’

253 2362 357 2426 distat
370 2383 392 2426 a
406 2361 559 2444 speculo;
582 2365 673 2444 quod
689 2383 756 2426 non
772 2365 932 2447 reperitur
946 2363 980 2427 in
997 2362 1070 2425 aliis
1084 2361 1235 2444 speculis.
1280 2362 1327 2427 Et
1342 2363 1406 2428 hoc

255 2465 387 2549 probari
418 2475 529 2549 potest
560 2487 619 2551 per
644 2467 974 2532 demonstrationem.
1033 2465 1123 2529 Nam

255 2570 298 2633 sit
312 2591 335 2634 a
349 2591 400 2634 res
418 2571 496 2644 visa,
510 2592 529 2632 o
551 2569 678 2648 oculus,
692 2593 714 2635 a
729 2571 755 2634 d
767 2572 927 2647 cathetus,
942 2593 961 2635 o
975 2569 1002 2634 d
1013 2570 1124 2636 radius

253 2881 386 2963 speculi,
399 2891 433 2946 et
448 2881 500 2946 ab
515 2891 567 2947 est
580 2883 737 2948 distantia
753 2884 800 2949 rei
816 2885 859 2948 ab
874 2883 993 2948 eadem
1009 2901 1122 2966 super·

254 2985 327 3050 ficie
348 2986 493 3070 speculi;
516 2996 733 3053 veruntamen
758 2987 845 3052 ultra
868 2987 1040 3071 speculum
1063 3007 1123 3070 ap-

255 3099 358 3171 paret,
377 3100 539 3172 quantum
562 3091 666 3155 distat
683 3114 704 3156 a
718 3090 863 3176 speculo.
907 3091 997 3154 Nam
1016 3111 1034 3154 e
1051 3088 1128 3174 ets
1234 3097 1255 3159 Ιι

254 3194 375 3278 anguli,
389 3214 466 3257 cum
487 3195 555 3258 sint
575 3195 666 3276 recti,
680 3206 759 3261 sunt
774 3195 940 3279 aequales,
953 3205 989 3259 et
1003 3215 1035 3278 g
1047 3206 1082 3260 et
1099 3196 1123 3260 Ιι
1279 3092 1386 3547 Ἰ

253 2673 396 2739 visualis.
424 2673 509 2738 Dico
524 2676 615 2757 quod
630 2673 657 2738 d
668 2674 687 2739 b
702 2686 864 2758 aequatur
879 2676 941 2758 ipsi
956 2696 979 2739 a
993 2673 1021 2740 b.
1054 2674 1122 2738 Sed
1278 2622 1385 3085 A

254 2778 273 2842 b
301 2777 328 2841 d
354 2787 406 2843 est
437 2779 597 2844 distantia
628 2779 783 2862 imaginis
812 2779 859 2843 rei
894 2800 914 2843 a
950 2779 1123 2862 superficie

1255 3016 1272 3078 b

253 3308 445 3381 aequantur,
456 3320 516 3382 per
526 3319 573 3363 xv
584 3300 681 3382 primi
695 3300 948 3364 Elementorum
961 3299 1121 3379 Euclidis,

254 3411 288 3465 et
307 3401 331 3465 Ιι
347 3411 381 3466 et
395 3424 413 3466 c
427 3413 505 3466 sunt
523 3404 690 3486 aequales,
713 3405 791 3489 quia
811 3413 889 3468 sunt
906 3405 1019 3486 anguli
1042 3404 1122 3468 inci·

253 3506 387 3570 dentiae
402 3516 434 3571 et
449 3505 649 3572 reflexionis.
689 3508 782 3592 Ergo
797 3518 901 3591 patet,
915 3509 1006 3590 quod
1020 3530 1038 3572 c
1052 3518 1086 3572 et
1094 3527 1126 3590 g

253 3608 491 3692 aequabuntur.
547 3609 632 3676 Cum
665 3631 745 3694 ergo
771 3633 789 3676 e
813 3621 847 3677 et
870 3631 902 3694 g
922 3611 1034 3695 anguli
1065 3612 1122 3675 tri·
1152 3582 1170 3621 ⁰

252 3713 366 3798 anguli
380 3735 398 3777 e
405 3735 435 3796 g
446 3712 473 3777 d
484 3725 670 3798 aequantur
681 3717 714 3799 f
724 3725 759 3780 et
780 3738 798 3778 c
819 3715 950 3800 angulis
964 3715 1121 3800 trianguli

252 3837 275 3880 a
289 3839 306 3881 c
311 3817 347 3899 f,
367 3829 402 3883 et
432 3817 520 3883 latus
551 3819 747 3902 interjacens
779 3829 830 3884 est
861 3838 1038 3885 commune
1070 3818 1203 3901 utrique
1228 3816 1403 3901 triangulo,

253 3931 347 4005 patet
380 3943 438 4006 per
475 3923 558 3987 xxvi
601 3923 699 4006 primi
737 3923 889 3988 Euclidis
927 3922 1107 4006 triangulos
1148 3923 1232 3987 istos
1269 3921 1403 4005 aequari

252 4025 286 4089 in
310 4027 475 4092 omnibus.
529 4028 623 4110 Ergo
641 4049 663 4092 a
678 4028 697 4092 b
712 4037 746 4092 et
760 4026 820 4093 bd
837 4027 941 4092 latera
963 4037 1058 4091 erunt
1078 4026 1240 4110 aequalia.
1292 4025 1404 4108 Quare

251 4131 341 4194 visus
355 4132 511 4196 aestimat
525 4151 594 4196 rem
615 4153 687 4198 esse
705 4140 837 4197 tantum
853 4132 942 4196 ultra
962 4130 1133 4216 speculum
1158 4132 1191 4193 in
1209 4129 1403 4195 continuum

252 4244 287 4298 et
312 4234 476 4300 directum
501 4247 664 4319 quantum
690 4246 741 4300 est
766 4236 858 4311 citra,
885 4236 919 4299 in
945 4234 1087 4318 speculis
1112 4234 1227 4317 planis.
1273 4233 1320 4297 Et
1343 4252 1403 4315 per

252 4336 315 4404 boc
335 4349 370 4404 et
392 4339 543 4422 superius
563 4341 653 4404 dicta
675 4339 809 4404 eliditur
827 4358 918 4404 error
937 4337 1126 4416 multorum,
1144 4337 1202 4421 qui
1222 4337 1404 4402 credebant

252 4443 397 4524 speciem
424 4443 470 4506 rei
500 4442 683 4506 secundum
709 4443 885 4509 veritatem
914 4464 986 4508 esse
1015 4440 1071 4520 ibi,
1094 4450 1129 4505 et
1154 4438 1338 4504 diffundere
1367 4461 1403 4505 se

251 4565 311 4628 per
326 4547 473 4610 medium
488 4546 614 4632 speculi
634 4556 669 4612 et
688 4567 847 4632 apparere
862 4547 919 4611 ibi.
964 4545 1032 4613 Sed
1052 4565 1119 4610 non
1141 4555 1193 4610 est
1211 4543 1257 4609 ibi
1276 4544 1404 4628 species

252 4649 397 4727 visibilis,
414 4660 453 4714 ut
466 4650 594 4716 dictum
610 4659 669 4728 est,
690 4671 751 4717 nec
771 4652 955 4738 ingreditur
976 4650 1147 4736 speculum
1166 4657 1330 4734 quatenus
1344 4648 1404 4716 fiat

1377 3581 1401 3621 α

1214 3670 1274 3720 F10.
1286 3684 1326 3734 54
