3542 5359
765 1369 922 1445 PARS
963 1368 1160 1445 SEXTA

580 1606 1048 1674 MULTIPLICATIONIS
1081 1608 1370 1675 SPECIERUM.

665 1847 786 1933 Incipit
801 1870 877 1934 pars
892 1861 989 1913 sexta
1002 1849 1101 1933 hujus
1116 1858 1286 1915 tractatus.

834 2037 1061 2106 Cnerrurunr
1079 2039 1104 2103 Ι.

222 2232 278 2282 The
289 2248 334 2297 ray
343 2234 367 2283 is
440 2211 541 2276 Dicto
581 2215 624 2277 de
662 2212 875 2295 generatione
914 2211 1032 2295 speciei
1069 2222 1104 2276 et
1142 2211 1426 2295 multiplicatione,
1463 2229 1550 2273 nunc

223 2298 332 2348 destrue-

222 2364 286 2414 tible
298 2366 349 2414 like

222 2432 294 2480 other

221 2495 355 2561 geuemted

222 2562 313 2627 things.

395 2316 572 2380 dicendum
588 2326 638 2380 est
650 2318 693 2381 de
701 2318 922 2398 corruptione.
957 2316 1003 2380 Et
1015 2326 1109 2399 patet
1121 2338 1196 2380 eam
1207 2338 1278 2382 esse
1289 2315 1551 2399 corruptibilem,

395 2421 472 2503 quia
487 2431 537 2486 est
555 2421 760 2504 generabilis.
806 2420 916 2485 Omne
939 2422 1027 2483 enim
1050 2421 1247 2505 generabile,
1262 2420 1314 2484 vel
1334 2422 1425 2503 quod
1448 2438 1550 2503 gene-

395 2536 493 2599 ratur,
510 2537 624 2590 natum
640 2535 691 2588 est
706 2526 881 2607 corrumpi,
897 2525 983 2588 sicut
1000 2525 1198 2590 Aristoteles
1219 2535 1369 2598 testatur,
1386 2536 1420 2589 et
1436 2524 1549 2607 philo·

394 2632 514 2713 sophia
531 2629 716 2695 confitetur.
763 2629 848 2694 Item
871 2649 933 2694 nos
948 2630 1099 2694 videmus
1121 2651 1180 2713 per
1199 2630 1437 2714 experientiam
1457 2630 1552 2711 quod

393 2734 583 2817 hujusmodi
598 2734 722 2817 species
734 2742 997 2816 corrumpantur,
1009 2745 1046 2797 ut
1058 2734 1171 2798 lumen
1186 2735 1219 2797 in
1235 2755 1310 2799 aere
1326 2736 1553 2817 corrumpitur

393 2848 512 2916 nocte;
535 2849 569 2902 et
585 2836 696 2901 lumen
712 2836 808 2900 lunae
823 2838 1044 2919 corrumpitur
1060 2839 1093 2901 in
1109 2838 1230 2922 eclipsi,
1247 2849 1280 2902 et
1296 2838 1342 2903 sic
1358 2840 1401 2901 de
1416 2838 1500 2902 aliis.

439 2942 475 3006 Si
496 2953 608 3006 autem
632 2942 805 3026 objiciatur
826 2944 918 3024 quod
941 2942 1132 3023 hujusmodi
1156 2943 1337 3025 speciebus
1364 2951 1401 3005 ut
1424 2941 1490 3006 luci
1516 2954 1554 3007 et

395 3046 507 3111 multis
528 3047 609 3123 aliis,
629 3045 710 3109 nihil
734 3056 784 3109 est
806 3046 1015 3117 contrarium,
1032 3067 1113 3128 ergo
1135 3067 1202 3110 non
1225 3048 1456 3129 corrumpitur,
1471 3067 1556 3111 cum

393 3153 500 3215 omnis
522 3151 691 3233 corruptio
714 3161 764 3215 est
791 3170 849 3235 per
877 3152 1089 3229 contrarium,
1115 3161 1152 3214 ut
1182 3172 1299 3215 omnes
1329 3149 1488 3235 allegant,
1517 3162 1557 3215 et

393 3255 594 3320 Aristoteles
609 3256 680 3319 vult
703 3255 786 3320 libro
805 3256 847 3319 de
863 3254 945 3319 Vita
960 3265 994 3318 et
1011 3255 1121 3320 Morte
1136 3278 1144 3335 ;
1166 3256 1354 3333 dicendum,
1368 3258 1460 3339 quod
1476 3257 1558 3339 ipse

394 3361 494 3424 tertio
511 3359 604 3423 Coeli
620 3370 654 3423 et
672 3360 789 3424 Mundi
803 3360 883 3425 dicit
899 3362 1144 3442 corruptionem
1164 3361 1331 3442 duplicem
1347 3380 1428 3439 csse,
1447 3382 1558 3425 unam

394 3465 681 3548 percontrarium,
704 3465 802 3528 aliam
827 3486 885 3549 per
906 3464 1073 3529 desectum
1097 3466 1142 3528 rei
1166 3464 1282 3529 debilis
1306 3467 1338 3529 in
1361 3464 1430 3529 se¹.
1476 3466 1559 3531 Sua

392 3590 473 3653 ergo
488 3570 676 3647 auctoritas,
691 3589 791 3653 quam
807 3570 925 3651 vulgus
947 3570 1105 3652 sequitur,
1121 3568 1206 3633 libro
1222 3570 1264 3633 de
1279 3570 1360 3633 Vita
1375 3581 1408 3633 et
1422 3569 1561 3648 Morte,

392 3674 606 3755 intelligenda
615 3684 665 3737 est
675 3676 718 3737 de
727 3676 935 3757 corruptione
948 3672 1036 3738 lacta
1045 3675 1088 3738 ab
1100 3672 1166 3737 alio
1180 3671 1339 3737 inferente
1348 3674 1562 3757 passionem.

394 3777 530 3861 Species
545 3788 656 3842 autern
673 3788 810 3861 propter
824 3776 1033 3841 debilitatem
1049 3779 1097 3840 sui
1113 3797 1185 3841 esse
1204 3798 1271 3840 non
1288 3778 1390 3841 habet
1404 3780 1499 3842 unde
1519 3803 1563 3845 se

392 3892 565 3945 conservet
591 3892 624 3946 et
649 3883 724 3946 ideo
747 3880 869 3946 deficit.
926 3882 1041 3965 Atque
1063 3883 1142 3965 quia
1164 3883 1198 3945 in
1221 3902 1338 3945 omnes
1364 3884 1565 3950 diametros

392 3986 461 4067 agit
475 4008 513 4049 se
528 3983 789 4070 multiplicand0,
804 3985 984 4049 destruitur
999 3996 1031 4050 et
1047 3986 1240 4050 debilitatur
1254 3988 1286 4048 in
1304 3996 1436 4049 tantum
1453 3992 1568 4069 quod
1675 3990 1676 4069 ,

393 4088 505 4152 deficit
526 4090 570 4153 ab
592 4091 785 4171 operatione
808 4099 841 4153 et
864 4090 1001 4153 tandem
1025 4091 1070 4153 ab
1095 4110 1177 4154 esse.
1224 4089 1402 4154 Caeterum
1427 4102 1568 4159 natura

392 4194 548 4276 patientis
576 4194 728 4275 specifica
758 4204 837 4257 nata
867 4204 918 4258 est
947 4195 991 4257 ad
1018 4194 1219 4258 contrarium
1248 4194 1378 4276 speciei,
1408 4196 1437 4259 si
1469 4218 1572 4265 con·

424 4379 433 4408 ¹
449 4380 489 4430 De
504 4380 583 4442 Coelo,
600 4380 644 4431 lib.
662 4380 696 4429 iii.
716 4396 772 4443 cap.
790 4383 808 4428 6
825 4378 877 4429 Ario
895 4378 920 4429 dl
939 4378 1040 4444 τρόπους
1056 4380 1148 4443 ὁρῶμεν
1165 4380 1322 4443 φθειρόμενον
1335 4378 1365 4428 τὸ
1382 4380 1436 4443 πῦρ·
1462 4383 1522 4436 ὑπό
1542 4409 1577 4441 η

389 4457 500 4523 ’ydpyoi
520 4458 629 4512 ἐναντίον
647 4458 769 4521 φθείρεται
785 4457 961 4519 σβεννύμενον,
979 4458 1019 4507 tol
1035 4458 1096 4507 αὐτὸ
1114 4459 1155 4523 ὑφ’
1177 4460 1253 4509 αὑτοῦ
1275 4459 1458 4523 μαραινόμενον.
1502 4466 1578 4519 The
1663 4507 1672 4534 Ι,

389 4552 463 4585 same
479 4538 548 4587 view
564 4538 587 4586 is
607 4539 731 4600 repeated
748 4538 774 4586 iu
791 4552 847 4599 cup.
865 4553 890 4586 v.
907 4538 936 4585 oi
949 4538 995 4585 the
1011 4537 1117 4586 treatise
1137 4538 1287 4600 previously
1305 4538 1412 4599 quoted,
1433 4538 1478 4589 De
1505 4544 1580 4599 Vir.

390 4620 414 4660 et
423 4612 512 4664 Morte.
546 4614 584 4662 ct
600 4622 662 4663 note
674 4630 708 4663 on
720 4630 762 4677 pp.
777 4615 932 4678 113-1140r
940 4614 986 4664 Dr.
999 4614 1089 4678 Ogle's
1100 4616 1259 4666 translation.
