3542 5359
591 607 705 665 Pras
731 607 894 707 snnpr:
930 608 1020 667 cAP.
1047 609 1089 667 11.
1344 622 1405 687 545

256 767 392 829 trarium
407 769 540 848 habeat,
553 770 606 833 vel
620 772 665 834 ad
684 743 933 854 dispositionem
948 772 1147 836 contrariam
1168 772 1214 835 illi
1238 792 1324 853 quae
1347 792 1408 854 per

256 871 399 951 speciem
426 874 601 950 inducitur,
626 886 663 939 ut
690 886 806 938 natura
834 877 919 938 aeris
947 876 1110 960 specifica,
1136 896 1223 957 quae
1254 885 1332 941 nata
1355 886 1406 940 est

258 996 367 1040 carere
383 977 594 1043 rarefactione
608 978 660 1042 vel
682 979 793 1063 aliqua
812 980 877 1043 alia
898 982 1050 1063 passione
1068 1000 1168 1061 quam
1189 981 1249 1043 lux
1271 981 1407 1059 inducit,

257 1081 392 1143 tandem
409 1083 577 1163 praevalet
598 1103 697 1165 super
716 1085 805 1148 illam
826 1085 1080 1167 dispositionem
1102 1085 1131 1148 ei
1153 1086 1350 1149 contrariam
1374 1093 1407 1148 et

258 1187 439 1268 corrumpit
475 1207 561 1266 eam,
596 1198 630 1252 et
662 1190 710 1253 sic
747 1210 806 1272 per
839 1208 1044 1271 consequens
1081 1189 1206 1272 species
1243 1189 1324 1252 lucis
1354 1188 1405 1252 vel

259 1287 391 1351 alterius
414 1293 637 1375 corrumpitur
659 1313 717 1375 per
747 1294 901 1357 accidens
931 1313 990 1376 per
1018 1292 1226 1369 contrarium,
1251 1295 1313 1357 etsi
1340 1313 1406 1357 non

260 1412 318 1473 per
341 1414 386 1457 se.

305 1497 341 1561 Si
357 1500 486 1563 dicatur
507 1502 597 1583 quod
614 1511 732 1566 natura
748 1502 905 1586 patientis
921 1502 1086 1566 desiderat
1104 1501 1275 1566 assimilari
1294 1502 1408 1586 agenti
1422 1508 1477 1587 Tne
1490 1524 1549 1583 tne-¹

260 1623 320 1684 per
333 1605 486 1687 speciem,
498 1617 532 1670 et
545 1609 636 1689 quod
649 1609 819 1690 generatio
833 1607 952 1691 speciei
970 1627 1037 1671 non
1047 1617 1097 1671 est
1110 1608 1409 1692 incorruptionem,
1422 1573 1578 1704 ‘Jffiffi‘g'ss‘

260 1708 320 1771 sed
349 1708 381 1770 in
405 1710 644 1792 perfectionem
671 1722 705 1775 et
734 1711 886 1789 salutem,
914 1722 950 1776 ut
976 1712 1065 1795 prius
1089 1712 1215 1777 dictum
1243 1722 1303 1785 est,
1331 1732 1409 1794 ergo
1424 1706 1558 1783 readityro

261 1820 379 1876 natura
398 1815 442 1876 rei
457 1815 610 1897 specifica
624 1837 690 1881 non
706 1827 784 1900 aget
799 1817 842 1881 ad
862 1816 934 1897 ejus
955 1817 1208 1899 corruptionem,
1224 1837 1284 1881 nec
1299 1837 1357 1899 per
1375 1837 1411 1880 se
1424 1772 1581 1913 {llltfflffi

262 1935 323 1979 nec
345 1936 404 1998 per
423 1918 583 1995 accidens,
599 1940 659 1984 nec
679 1921 722 1983 ad
746 1921 993 2004 corruptionem
1013 1920 1236 2001 dispositionis
1252 1920 1410 1984 naturalis
1425 1910 1570 2018 “effi-

261 2022 305 2085 ad
329 2022 434 2106 ipsam
458 2025 621 2107 speciem3
643 2026 832 2102 dicendum,
855 2027 946 2107 quod
969 2034 1086 2087 natura
1108 2025 1155 2088 rei
1181 2027 1335 2107 patientis
1359 2036 1408 2087 est
1425 1985 1570 2113 lillancero

261 2125 294 2187 in
324 2128 474 2209 potentia
501 2138 535 2191 et
558 2130 710 2212 appetitu
740 2128 880 2193 naturali
911 2129 1093 2191 consistens
1127 2138 1277 2209 respectu
1307 2129 1405 2210 hujus
1425 2110 1452 2151 η·

262 2231 383 2310 speciei
400 2242 433 2294 et
445 2233 488 2295 ad
502 2233 752 2314 dispositionem
767 2231 949 2296 naturalem
962 2232 1004 2294 ad
1020 2231 1137 2314 ipsam.
1169 2231 1237 2295 Sed
1254 2232 1413 2314 majorem

263 2344 295 2395 et
320 2335 547 2416 perfectiorem
576 2336 761 2418 potentiam
783 2347 818 2401 et
841 2336 1028 2419 appetitum
1055 2336 1157 2400 habet
1188 2339 1231 2400 ad
1258 2358 1298 2400 ea
1324 2358 1409 2419 quae

263 2448 342 2500 sunt
364 2459 444 2501 suae
467 2449 602 2503 naturae
625 2440 806 2522 specificae.
847 2440 893 2504 Et
917 2441 994 2504 ideo
1017 2460 1160 2522 eaquae
1178 2452 1255 2503 sunt
1279 2452 1415 2505 naturae

264 2561 344 2603 suae
367 2542 539 2625 specificae
560 2555 638 2608 nata
660 2555 712 2609 est
735 2566 936 2617 conservare,
960 2555 993 2608 et
1015 2545 1178 2609 contraria
1202 2566 1411 2627 corrumpere

264 2657 426 2726 quantum
463 2658 512 2710 est
550 2650 592 2711 de
626 2669 672 2712 se.
721 2650 794 2713 Nec
829 2649 932 2713 habet
961 2650 1088 2730 species
1118 2650 1161 2713 de
1195 2669 1231 2713 se
1261 2652 1347 2713 unde
1377 2672 1413 2715 se

265 2761 445 2827 conservet,
468 2754 527 2816 sed
552 2752 676 2835 indiget
702 2753 815 2835 aliquo
841 2763 1064 2829 conservante,
1091 2762 1127 2816 ut
1153 2764 1331 2836 generante
1361 2754 1414 2817 vel

265 2853 458 2920 fortitudine
472 2857 614 2937 ipsarum
638 2857 767 2939 propria
788 2866 926 2940 potente
944 2876 1159 2931 conservare3
1182 2868 1217 2920 et
1238 2858 1314 2922 ideo
1335 2878 1411 2923 cum

267 2979 327 3022 nec
354 2960 517 3023 fortitudo
546 2961 687 3044 propria,
714 2982 776 3025 nec
804 2982 903 3025 causa
927 2960 1113 3025 extrinseca
1145 2960 1275 3039 sufficit,
1301 2974 1418 3027 natura

267 3065 401 3147 propria
417 3065 574 3147 patientis
597 3066 766 3130 invalescit
787 3086 888 3147 super
911 3085 1010 3129 omne
1032 3066 1122 3148 quod
1141 3076 1191 3129 est
1212 3068 1243 3129 ei
1264 3067 1418 3138 alienum.

268 3178 301 3233 et
323 3167 452 3251 perficit
470 3190 506 3233 se
524 3171 706 3234 secundum
727 3190 767 3233 ea
789 3179 971 3251 quaesunt
993 3170 1022 3231 ei
1045 3172 1200 3253 propria;
1223 3190 1325 3252 quare
1348 3190 1414 3233 non

266 3273 370 3337 habet
392 3294 489 3355 posse
511 3274 724 3337 conservandi
747 3274 821 3347 alia,
838 3273 913 3337 licet
934 3272 1035 3337 habet
1057 3275 1275 3355 aptitudinem
1298 3275 1341 3337 ad
1364 3295 1419 3338 ea.

270 3376 438 3460 Quoniam
455 3399 534 3461 ergo
550 3399 602 3442 res
617 3379 663 3441 ita
682 3378 806 3442 habeat
827 3378 1011 3460 potentiam
1032 3388 1066 3441 et
1087 3380 1272 3459 appetitum
1291 3380 1416 3461 speciei

267 3483 394 3547 alienae
412 3494 558 3561 naturae,
575 3504 650 3546 curn
666 3493 777 3546 tamen
791 3482 966 3565 peripsam
979 3502 1042 3546 nec
1053 3481 1111 3546 fiat
1123 3502 1182 3547 nec
1194 3494 1419 3559 conservetur,

270 3589 329 3650 sed
355 3608 414 3669 per
437 3588 536 3665 aliud,
565 3589 641 3651 ideo
665 3608 742 3650 cum
772 3608 823 3650 res
851 3587 915 3649 sibi
944 3586 1007 3670 ipsi
1037 3584 1240 3669 relinquitur,
1264 3589 1350 3651 redit
1375 3589 1420 3651 ad

270 3702 422 3753 naturam
444 3712 539 3755 suam
563 3692 731 3774 propriam
755 3691 894 3771 integra,
919 3699 954 3754 et
980 3691 1028 3754 sic
1051 3711 1110 3772 per
1132 3693 1285 3755 accidens
1307 3692 1421 3756 incidit

269 3796 436 3877 corruptio
450 3797 579 3877 speciei.
627 3796 672 3857 Et
686 3797 938 3858 concedendum
957 3804 1009 3859 est
1031 3796 1120 3876 quod
1144 3805 1262 3857 natura
1285 3798 1419 3879 propria

270 3900 316 3962 rei
346 3898 498 3980 specifica
529 3907 641 3981 potest
671 3897 797 3979 aliquid
826 3918 1048 3980 corrumpere,
1080 3900 1170 3979 quod
1204 3900 1336 3981 appetit
1367 3920 1419 3963 se·

270 4003 435 4075 cundario‚
453 4013 485 4066 et
502 4023 561 4085 per
574 4004 741 4065 actionem
757 4010 790 4065 et
810 4002 1094 4066 conservationem
1115 3999 1257 4078 alterius,
1273 4003 1356 4065 sicut
1371 4013 1422 4067 est

271 4107 314 4170 de
336 4108 455 4187 specie.

701 4278 927 4344 curruum
953 4278 999 4342 ΙΙ.

317 4419 446 4484 Deinde
461 4421 607 4484 secundo
621 4419 798 4501 quaeritur,
813 4437 855 4480 an
872 4418 904 4480 in
920 4418 1068 4482 absentia
1082 4420 1268 4501 generantis
1281 4422 1424 4502 speciem
1440 4436 1468 4485 ln
1480 4435 1522 4485 the

274 4524 415 4587 recedat.
460 4524 506 4587 Et
522 4544 589 4587 non
604 4532 716 4605 potest
736 4524 810 4599 dici,
825 4524 916 4604 quod
937 4525 1069 4587 recedat
1090 4544 1165 4587 cum
1187 4536 1374 4607 generante,
1391 4535 1425 4589 et
1436 4502 1582 4633 fflffis

274 4638 512 4693 transmutetur
525 4630 569 4693 de
582 4627 658 4693 loco
672 4628 706 4691 in
721 4627 831 4691 locum
846 4629 1031 4691 secundum
1051 4629 1268 4693 mutationem
1288 4630 1425 4695 localem
1439 4636 1482 4685 the
1494 4634 1576 4685 auton

318 4746 401 4797 VOL.
418 4746 458 4797 11.
816 4746 842 4796 N
858 4753 880 4795 n
