3542 5359
360 637 417 715 164
580 637 734 698 OPERIS
758 637 948 708 MAJORIS
972 637 1086 698 PARS
1112 637 1282 714 QUINTA.

773 867 1000 934 Cnerruuunr
1026 866 1090 932 111.

186 1029 306 1106 applica·
401 1019 593 1087 Secundum
610 1041 689 1086 vero
704 1023 795 1104 quod
811 1023 972 1104 sapientia
995 1023 1059 1086 Dei
1079 1031 1290 1104 comparatur
1304 1022 1346 1086 ad
1363 1021 1508 1103 regimen

184 1103 298 1226 331¹}ssssss
356 1125 509 1202 universi,
536 1127 582 1190 sic
607 1136 761 1209 patenter
783 1137 816 1191 et
839 1127 964 1191 utiliter
986 1127 1085 1191 etad
1109 1147 1203 1190 suam
1226 1125 1507 1210 pulchritudinem

184 1228 311 1342 Pffilfflfs
355 1230 437 1294 haec
461 1230 599 1295 scientia
622 1229 766 1294 visionis.
812 1230 858 1296 Et
884 1249 1010 1312 porram
1037 1229 1148 1313 aliqua
1173 1231 1329 1314 exempla
1364 1242 1433 1294 tam
1465 1231 1509 1292 de

184 1309 343 1411 ‘gsmfleexffi
355 1333 514 1398 fractione
529 1354 630 1418 quam
646 1337 689 1398 de
705 1335 891 1399 reflexione.
939 1335 1028 1399 Nam
1044 1356 1103 1418 per
1117 1335 1332 1399 reflexionem
1342 1333 1509 1416 contingit

354 1457 456 1502 unum
475 1458 634 1522 apparere
651 1439 755 1504 multa
770 1448 803 1503 et
820 1438 968 1517 infinita;
990 1440 1039 1503 sic
1055 1439 1144 1502 enim
1160 1439 1222 1502 visi
1238 1447 1315 1502 sunt
1330 1439 1508 1521 aliquando

354 1543 387 1605 in
408 1543 502 1608 coelo
524 1542 622 1606 simul
646 1542 754 1625 plures
776 1544 862 1607 soles
883 1553 917 1607 et
938 1542 1045 1615 lunae,
1062 1544 1244 1607 secundum
1266 1543 1356 1625 quod
1382 1541 1508 1605 Plinius

353 1647 469 1712 recitat
485 1648 517 1710 in
534 1647 760 1712 Naturalibus.
808 1647 854 1713 Et
869 1646 934 1712 hoc
950 1667 1016 1710 non
1032 1647 1154 1711 accidit
1169 1647 1231 1710 nisi
1247 1646 1382 1729 quando
1399 1665 1504 1728 vapor

353 1751 534 1833 dispositus
561 1750 623 1816 luit
647 1753 690 1816 ad
726 1753 862 1817 modum
890 1750 1023 1832 speculi,
1047 1762 1081 1816 et
1106 1751 1169 1816 hoc
1197 1760 1234 1815 ut
1260 1752 1304 1814 sit
1328 1750 1506 1833 multiplex

353 1877 464 1939 vapor,
488 1856 571 1918 etin
593 1855 722 1920 diverso
741 1856 816 1921 situ.
862 1855 908 1918 Et
930 1856 1019 1938 quod
1042 1867 1161 1920 natura
1184 1865 1295 1939 potest
1319 1854 1436 1930 lacere,
1453 1876 1508 1918 ars

353 1959 527 2042 perficiens
554 1970 705 2023 naturam
735 1961 842 2025 multo
870 1961 976 2042 magis
1000 1969 1113 2044 potest
1139 1959 1221 2023 illud
1243 1960 1397 2044 operari;
1419 1960 1508 2022 unde

352 2073 492 2146 possunt
508 2041 644 2146 specilla
658 2065 705 2128 sle
728 2063 797 2128 fieri
821 2074 854 2128 et
874 2064 986 2128 taliter
1005 2065 1083 2147 poni
1105 2075 1138 2128 et
1160 2063 1313 2138 ordinari,
1329 2063 1418 2145 quod
1442 2084 1507 2126 una

352 2189 403 2232 res
418 2169 591 2253 apparebit
606 2177 771 2251 quotquot
780 2168 943 2232 volumus.
988 2168 1035 2232 Et
1046 2169 1121 2232 ideo
1134 2190 1218 2232 unus
1226 2168 1330 2233 homo
1340 2169 1508 2232 videbitur

351 2272 469 2356 plures
480 2282 514 2336 et
524 2293 608 2336 unus
620 2274 786 2337 exercitus
799 2272 916 2354 plures.
942 2271 1063 2354 Etjam
1077 2273 1283 2356 praetactae¹
1294 2280 1370 2335 sunt
1380 2273 1507 2335 radices

350 2378 392 2441 ad
415 2376 487 2450 hoc,
507 2397 572 2440 una
595 2375 719 2440 scilicet
740 2381 782 2442 de
803 2376 940 2460 speculo
960 2378 1075 2453 fracto,
1091 2377 1185 2459 cujus
1208 2387 1320 2461 partes
1342 2377 1506 2459 recipiunt

351 2481 450 2545 situm
489 2480 668 2555 diversum,
712 2489 745 2544 et
788 2480 938 2544 diversae
979 2491 1074 2544 erunt
1119 2481 1281 2564 imagines
1322 2482 1504 2544 secundum

351 2585 577 2649 diversitatem
604 2585 801 2649 fractionum
815 2607 822 2664 ;
846 2595 879 2649 et
905 2585 971 2648 alia
998 2585 1095 2648 radix
1122 2586 1165 2648 de
1189 2604 1276 2666 aqua
1300 2594 1335 2648 et
1360 2583 1504 2666 speculo,

351 2711 371 2752 a
399 2690 519 2772 quibus
550 2689 678 2754 diversa
708 2689 819 2771 imago
849 2689 1048 2770 resplendet.
1095 2688 1131 2752 Si
1166 2708 1246 2770 ergo
1277 2688 1506 2751 ordinarentur

350 2795 484 2876 specula
513 2803 653 2877 utroque
685 2795 823 2859 istorum
856 2795 1033 2858 modorum
1067 2802 1150 2875 quot
1176 2791 1377 2857 voluerimus
1401 2793 1504 2855 mani-

349 2897 470 2962 festum
513 2907 572 2975 cst,
609 2899 699 2980 quod
738 2918 802 2961 una
841 2918 892 2962 res
929 2898 1104 2981 apparebit
1142 2898 1176 2960 in
1215 2907 1267 2961 tot
1304 2896 1505 2980 imaginibus

351 3014 433 3084 quot
459 3004 621 3086 cupimus,
646 3012 680 3066 et
706 3003 752 3065 sic
777 3023 838 3085 pro
869 3003 1071 3067 utilitatibus
1102 3000 1303 3083 reipublicae
1329 3011 1363 3065 et
1390 3013 1504 3065 contra

351 3105 500 3170 infideles
526 3118 663 3190 possent
687 3107 876 3188 hujusmodi
903 3107 1129 3188 apparitiones
1154 3105 1221 3168 fieri
1253 3105 1378 3168 utiliter
1406 3113 1441 3167 et
1471 3106 1503 3168 in

350 3221 517 3274 terrorem.
578 3209 624 3273 Et
654 3210 680 3272 si
711 3210 784 3292 quis
814 3212 944 3274 noverit
975 3231 1084 3274 aerem
1117 3210 1265 3287 densare,
1299 3220 1335 3273 ut
1365 3208 1503 3272 reflexio

350 3313 443 3378 fieret
467 3315 508 3377 ab
536 3335 584 3392 eo,
608 3322 721 3396 posset
744 3312 865 3379 multas
889 3313 1080 3395 hujusmodi
1103 3314 1329 3396 apparitiones
1351 3312 1502 3377 insolitas

349 3439 534 3500 procurare.
595 3417 651 3482 Sic
682 3438 760 3481 vero
798 3419 942 3482 creditur
978 3419 1069 3501 quod
1106 3419 1285 3481 daemones
1322 3417 1501 3481 ostendunt

350 3532 456 3585 castra
495 3533 529 3587 et
567 3522 731 3586 exercitus
769 3529 801 3586 et
836 3522 942 3586 multa
976 3522 1174 3586 miraculosa
1210 3521 1420 3594 hominibus;
1468 3531 1501 3584 et

349 3634 489 3707 possunt
516 3646 575 3709 per
599 3626 758 3690 visionem
789 3626 983 3690 reflexivam
1017 3627 1128 3692 omnia
1155 3624 1322 3690 occultata
1355 3625 1388 3686 in
1421 3625 1502 3689 locis

348 3730 471 3794 abditis
502 3731 534 3792 in
565 3730 763 3810 civitatibus,
795 3733 1006 3809 exercitibus,
1036 3740 1070 3794 et
1097 3729 1287 3810 hujusmodi
1317 3729 1436 3793 deduci
1467 3729 1501 3791 in

348 3833 465 3897 lucem.
512 3834 600 3897 Nam
627 3835 813 3910 draconem,
836 3836 894 3917 qui
920 3834 1033 3898 infecit
1057 3844 1091 3897 et
1113 3832 1271 3896 animalia
1293 3843 1327 3897 et
1349 3832 1501 3896 homines

348 3957 409 4000 suo
444 3937 591 4001 anhelitu
621 3939 776 4022 corrupit,
809 3937 964 4002 Socrates
995 3937 1211 4020 philosophus
1243 3937 1327 4001 inter
1361 3935 1501 4000 latibula

347 4041 512 4106 montium
536 4041 765 4124 deprehendit,
789 4043 873 4107 sicut
896 4042 1054 4107 historiae
1076 4039 1268 4105 certificant.

390 4146 554 4211 Similiter
586 4157 720 4228 possent
759 4146 895 4229 specula
929 4146 1010 4228 erigi
1036 4146 1069 4208 in
1102 4145 1172 4208 alto
1203 4154 1317 4209 contra
1347 4143 1499 4232 civitates

346 4252 526 4314 contrarias
552 4261 585 4315 et
616 4251 792 4329 exercitus,
816 4260 853 4314 ut
880 4251 993 4312 omnia
1023 4269 1109 4332 quae
1139 4247 1255 4311 fierent
1285 4249 1328 4311 ab
1357 4248 1500 4312 inimicis

345 4355 534 4419 viderentur
547 4376 555 4433 ;
585 4363 619 4418 ct
643 4355 706 4418 hoc
733 4364 844 4436 potest
871 4354 942 4417 fieri
964 4355 998 4417 in
1027 4354 1118 4418 omni
1140 4353 1299 4416 distantia
1318 4373 1419 4435 quam
1443 4354 1499 4416 de·

346 4459 547 4534 sideramus;
570 4460 648 4540 quia
668 4459 847 4522 secundum
864 4457 983 4521 librum
1000 4457 1042 4520 de
1065 4453 1231 4540 speculis²
1245 4467 1357 4540 potest
1377 4478 1442 4521 una
1465 4468 1499 4521 et

443 4593 451 4621 ¹
579 4623 596 4630 -

444 4671 454 4699 ¹
469 4593 523 4720 {Ee
532 4607 664 4734 blbpursa,
680 4685 718 4734 14,
730 4671 782 4720 and
796 4683 834 4734 15,
848 4671 877 4720 oi
884 4671 930 4720 the
943 4668 1081 4733 Catopm'ca
1092 4670 1233 4720 attributed
1245 4677 1273 4719 to
1286 4669 1386 4720 Euclid.
