3542 5359
394 3073 402 3094 ΙΙ
426 3070 530 3098 1:2¹-st
558 3078 602 3098 Ἠ

693 600 812 661 372
1127 585 1439 644 OPERIS
1489 585 1863 656 MAJORJS
1914 586 2144 646 PARS
2193 585 2588 646 SEPTIMA.

693 747 969 814 docetur
986 746 1029 811 ¹.
1107 749 1370 814 Tartari
1402 771 1558 815 vero
1588 750 1803 835 legem
1841 752 2076 816 Martis
2112 750 2558 835 principaliter
2574 747 2992 815 confitentur.

699 851 875 915 Nam
924 864 993 918 et
1046 855 1267 937 ignem
1313 869 1729 933 venerantur,
1777 868 1843 920 et
1889 858 2064 922 bello
2108 860 2377 921 student
2421 866 2490 920 et
2534 853 2994 940 philosophiae

698 958 1111 1041 magnalibus
1176 972 1433 1039 vacant,
1495 982 1680 1025 more
1746 964 2168 1045 antiquorum
2217 962 2706 1028 Chaldaeorum
2756 958 2999 1041 quibus

692 1062 804 1126 lex
871 1065 1106 1130 Martis
1163 1069 1526 1132 ascribitur.
1621 1069 1710 1132 Et
1770 1078 1996 1133 tamen
2077 1069 2393 1132 inclinant
2467 1088 2540 1131 se
2612 1066 2699 1130 ad
2778 1064 2993 1144 legem

692 1165 1173 1235 Mercurialem.
1298 1172 1474 1235 Nam
1567 1172 1738 1238 filios
1831 1194 2056 1236 eorum
2151 1173 2541 1254 permittunt
2620 1169 2850 1233 instrui
2928 1166 2992 1229 in

693 1269 1064 1355 Evangelio
1107 1286 1175 1340 et
1217 1276 1371 1340 vitis
1420 1278 1708 1341 Patrum.
1805 1277 1895 1342 Et
1954 1279 2222 1360 quando
2275 1275 2708 1350 infirmantur,
2753 1280 2996 1356 petunt

690 1380 1067 1444 sacerdotes
1100 1380 1511 1446 Christianos
1544 1391 1611 1444 et
1642 1402 1924 1461 crucem,
1955 1391 2025 1445 et
2069 1402 2312 1465 aquam
2355 1381 2791 1451 benedictam,
2824 1377 2996 1441 sicut

692 1481 758 1542 in
792 1480 962 1547 libro
994 1483 1211 1549 fratris
1244 1484 1556 1549 Gulielmi
1603 1487 1899 1565 docetur,
1929 1496 1996 1550 et
2030 1486 2445 1570 experientia
2478 1484 2827 1547 hominum
2864 1479 2998 1543 fide

690 1584 1038 1669 dignorum
1085 1611 1204 1653 nos
1245 1590 1563 1655 certificat
1610 1593 1672 1654 in
1717 1591 1843 1656 hac
1888 1600 2095 1673 parte.
2192 1591 2338 1653 Lex
2382 1611 2535 1654 vero
2584 1588 2996 1670 Judaeorum

690 1699 792 1753 est
834 1690 1146 1768 Saturni;
1193 1706 1261 1760 et
1304 1696 1413 1760 lex
1459 1695 1987 1761 Christianorum
2025 1695 2436 1760 Mercurialis
2477 1693 2563 1757 ab
2594 1690 2998 1756 astronomis

690 1791 947 1870 dicitur,
1007 1810 1276 1881 propter
1341 1809 1552 1863 certas
1613 1819 1847 1863 causas
1906 1811 1980 1864 ut
2041 1800 2340 1882 superius
2407 1806 2806 1860 annotatum
2872 1800 2996 1857 est.

691 1893 931 1962 Sectae
986 1922 1144 1964 vero
1205 1902 1621 1985 Paganorum
1699 1913 1767 1966 et
1846 1902 2359 1967 idololatrarum
2437 1902 2847 1965 reducuntur
2904 1896 2995 1960 ad

688 2012 938 2065 sectam
976 2003 1212 2069 Martis
1252 2017 1319 2069 et
1369 2005 1881 2089 Aegyptiacam‚
1912 2028 2085 2089 quae
2125 2015 2227 2070 est
2269 2016 2454 2070 secta
2494 2004 2721 2070 colens
2759 2001 2995 2076 solem,

688 2107 799 2187 qui
831 2118 932 2171 est
964 2110 1104 2173 dux
1138 2111 1412 2174 militiae
1442 2102 1767 2175 coelestis
1864 2111 2039 2174 Nam
2082 2112 2245 2175 istae
2276 2113 2449 2175 duae
2481 2118 2699 2172 sectae
2741 2117 2809 2171 et
2841 2105 2998 2169 illae

687 2210 917 2276 colunt
955 2223 1319 2277 creaturam
1367 2235 1487 2297 pro
1532 2226 1846 2292 creatore,
1878 2237 1958 2279 eo
2002 2216 2179 2297 quod
2225 2214 2626 2277 Idololatrae
2669 2211 2995 2292 imagines

687 2334 885 2378 manu
940 2318 1146 2381 factas
1198 2328 1265 2382 et
1318 2319 1636 2384 coelestes
1680 2329 2096 2385 venerantur.
2188 2318 2279 2382 Et
2332 2319 2501 2393 ideo,
2550 2317 2614 2380 in
2663 2325 2995 2398 quantum

685 2420 1003 2484 coelestes
1064 2431 1329 2486 naturas
1388 2422 1633 2495 colunt,
1680 2443 1830 2488 cum
1878 2424 2322 2507 Aegyptiacis
2385 2422 2816 2486 concordant.
2914 2420 2996 2482 In

686 2534 1010 2604 quantum
1042 2525 1204 2589 haec
1238 2526 1561 2601 inferiora,
1593 2548 1744 2591 cum
1781 2527 2018 2592 Martis
2053 2528 2196 2611 lege
2227 2526 2650 2591 conveniunt.
2738 2523 2998 2606 Pagani

682 2648 841 2691 vero
910 2629 1101 2692 simul
1169 2630 1395 2694 colunt
1458 2632 1758 2696 inferiora
1827 2643 1894 2695 et
1960 2631 2290 2696 coelestia.
2401 2629 2739 2714 Quicquid
2813 2628 2994 2691 enim

685 2732 780 2795 eis
827 2734 1106 2797 occurrit
1159 2735 1336 2815 utile,
1364 2737 1504 2800 sive
1550 2735 1667 2801 Sol
1719 2736 1857 2800 sive
1907 2736 2100 2800 Luna
2146 2735 2281 2800 sive
2326 2734 2569 2799 animal
2620 2736 2758 2798 sive
2803 2733 2999 2796 lucus

684 2835 824 2899 sive
869 2858 1041 2920 aqua
1084 2838 1222 2901 sive
1269 2839 1460 2920 ignis,
1503 2840 1640 2903 sive
1685 2840 1864 2903 aliud
1911 2840 2184 2922 aliquid,
2230 2839 2457 2904 colunt
2512 2860 2630 2922 per
2674 2858 2998 2901 amorem.

687 2937 1014 3023 Quicquid
1050 2963 1205 3005 vero
1236 2944 1330 3005 eis
1362 2943 1649 3007 terribile
1679 2955 1782 3007 est
1814 2943 2042 3008 colunt
2072 2964 2190 3026 per
2221 2944 2551 3007 timorem.

776 3041 1141 3127 Propositis
1208 3067 1365 3110 vero
1432 3046 1532 3110 his
1596 3045 1812 3112 Sectis
1883 3047 2356 3130 principalibus
2420 3057 2559 3111 tam
2620 3047 2997 3111 secundum

357 3138 594 3230 ‚fff
685 3165 875 3208 usum
908 3149 1203 3228 gentium
1228 3169 1432 3231 quam
1456 3153 1817 3214 secundum
1851 3153 1990 3214 vias
2013 3151 2508 3227 Astronomiae‚
2531 3159 2598 3214 et
2623 3150 2997 3214 secundum

357 3258 369 3274 *
402 3270 422 3286 Η
466 3254 602 3294 w*
686 3249 1097 3314 diversitates
1159 3251 1389 3317 finium
1449 3255 1744 3335 sequitur
1805 3256 2244 3319 consideratio
2321 3255 2608 3339 qualiter
2681 3264 3002 3338 oporteat

686 3354 1075 3434 persuadere
1118 3357 1203 3418 de
1248 3367 1465 3421 sectae
1507 3361 1803 3424 veritate.
1896 3360 2170 3424 Dictum
2225 3372 2328 3425 est
2373 3361 2644 3444 quidem
2695 3361 2881 3444 prius
2931 3361 3001 3423 in

690 3453 1183 3521 Mathematicis
1213 3460 1383 3524 circa
1416 3461 1778 3525 infidelium
1826 3465 2322 3528 conversionem
2356 3465 2538 3548 quod
2587 3463 2946 3547 dupliciter
2970 3460 3002 3499 ²

685 3560 1006 3640 contingit
1055 3559 1191 3623 fieri
1234 3565 1724 3644 persuasionem
1768 3569 1853 3631 de
1899 3576 2121 3632 sectae
2164 3569 2448 3633 veritate
2490 3588 2664 3650 quae
2706 3567 2850 3631 sola
2893 3577 3003 3631 est

751 3757 765 3785 ¹
803 3756 906 3804 See
930 3762 1052 3806 no'te
1076 3775 1142 3807 on
1169 3775 1219 3821 p.
1242 3761 1356 3822 387.

751 3833 770 3861 ²
802 3835 844 3882 lt
869 3834 913 3883 is
935 3834 1241 3899 interesting
1262 3847 1317 3886 to
1340 3855 1575 3901 compare
1597 3842 1739 3889 what
1763 3842 1971 3892 follows
1995 3844 2123 3893 with
2148 3846 2237 3893 the
2262 3846 2398 3893 third
2421 3846 2523 3893 and
2549 3845 2722 3894 fourth
2752 3845 3005 3909 cbapters

685 3910 743 3958 of
766 3912 855 3959 the
888 3911 998 3960 first
1025 3913 1159 3962 book
1194 3916 1254 3964 os
1276 3916 1497 3964 Thomas
1526 3917 1774 3978 Aquinas'
1797 3921 2008 3970 treatise
2039 3921 2225 3971 Contra
2255 3923 2482 3984 Gentiles,
2514 3940 2560 3973 e.
2577 3940 2627 3985 g.
2663 3929 2676 3951 ‘
2698 3924 2793 3974 Est
2826 3925 2877 3972 in
2918 3926 3006 3974 his

684 4003 814 4048 quae
844 3990 909 4037 de
934 3990 1047 4038 Deo
1077 3993 1391 4056 confitemur,
1420 3995 1613 4056 duplex
1637 3997 1864 4046 veritatis
1898 4000 2097 4048 modus.
2168 4001 2435 4061 Quaedam
2471 4018 2696 4064 namque
2718 4019 2849 4051 vera
2878 4013 3007 4052 sunt

685 4065 751 4112 de
771 4066 885 4113 Deo
906 4083 1036 4128 quae
1060 4085 1262 4119 omnem
1284 4072 1570 4120 facultatem
1592 4075 1807 4123 rationis
1831 4079 2106 4137 excedunt,
2121 4085 2179 4127 ut
2198 4079 2367 4128 Deum
2392 4096 2514 4129 esse
2533 4082 2728 4129 trinum
2748 4088 2803 4130 et
2823 4097 3008 4131 unum.

686 4140 949 4200 Quaedam
984 4160 1106 4194 vero
1139 4156 1254 4196 sunt
1288 4150 1353 4197 ad
1387 4165 1520 4210 quae
1553 4151 1705 4200 etiam
1742 4155 1872 4201 ratio
1907 4157 2152 4206 naturalis
2187 4159 2489 4220 pertingere
2525 4167 2721 4221 potest,
2746 4162 2884 4209 sicut
2919 4168 3008 4209 ωε

692 4218 858 4266 Deum
906 4236 1037 4280 esse,
1088 4224 1252 4273 Deum
1299 4241 1416 4275 esse
1461 4243 1638 4287 unum,
1685 4237 1739 4278 et
1789 4232 1888 4280 alia
1936 4234 2247 4296 hujusmodi,
2292 4252 2426 4297 quae
2486 4239 2645 4286 etiam
2693 4239 3008 4300 philosophi

693 4294 1086 4346 demonstrative
1130 4302 1196 4349 de
1241 4302 1358 4350 Deo
1396 4305 1754 4368 probaverunt,
1796 4309 1934 4357 ducti
1982 4312 2227 4362 naturalis
2273 4314 2466 4363 lumine
2513 4313 2768 4365 rationis!
2836 4315 3009 4365 what

696 4371 970 4429 particular
1001 4390 1215 4438 passage
1260 4379 1313 4426 in
1358 4381 1448 4429 the
1487 4382 1659 4431 fourth
1705 4393 1822 4446 part
1856 4387 1915 4434 of
1946 4388 2035 4437 the
2073 4389 2220 4453 Opus
2257 4391 2436 4455 Hujus
2474 4393 2522 4441 is
2558 4394 2798 4443 referred
2838 4403 2895 4444 to
2932 4395 3010 4456 by

696 4444 870 4495 Bacon
906 4449 951 4496 is
984 4461 1069 4500 not
1103 4455 1242 4514 quite
1276 4457 1423 4507 clear.
1498 4458 1599 4508 But
1632 4461 1670 4508 it
1704 4462 1748 4509 is
1783 4463 1875 4510 sun
1909 4465 1970 4513 os
1997 4481 2246 4528 passages
2278 4470 2390 4518 that
2418 4471 2602 4520 would
2636 4472 2704 4521 be
2738 4474 3011 4535 apposite.

695 4520 771 4656 g:
764 4523 917 4657 rgge
921 4524 952 4573 i.
976 4541 1058 4587 pp.
1083 4544 1261 4591 253—4.
1327 4533 1440 4582 The
1473 4536 1646 4584 whole
1681 4538 1740 4585 of
1764 4541 1853 4588 the
1887 4545 2080 4592 second
2114 4553 2231 4607 part
2271 4547 2315 4595 is
2353 4548 2586 4597 directed
2626 4557 2684 4599 to
2724 4552 2818 4600 the
2858 4567 3014 4601 same
