3542 5359
346 637 407 699 392
560 622 717 683 OPERIS
739 623 929 695 MAJORIS
952 624 1068 685 PARS
1091 622 1290 683 SEPTIMA.

349 792 584 848 converterunt
612 804 648 850 se
678 784 722 847 ad
753 784 982 849 Idololatriam
1006 795 1041 848 et
1067 784 1193 849 alienos
1215 784 1298 848 deos
1321 783 1503 848 secundum

349 887 496 969 singulas
518 896 653 952 aetates
699 888 746 953 Et
766 887 861 953 Deus
879 889 952 970 ipse
969 898 1111 952 testatur
1129 887 1219 971 quod
1237 888 1267 952 ei
1291 908 1357 952 non
1372 888 1503 970 placue-

351 999 427 1053 mnt
452 989 643 1072 hujusmodi
666 992 894 1068 caerimoniae,
921 991 1006 1056 sicut
1032 993 1064 1054 in
1089 991 1227 1056 Psalmis
1249 991 1400 1076 pluribus
1422 1009 1503 1053 con-

350 1093 482 1170 tinetur,
497 1114 573 1158 cum
589 1095 718 1171 dicitur,
739 1095 944 1161 Sacrificium
968 1104 1002 1159 et
1021 1096 1226 1160 oblationem
1248 1093 1393 1172 noluisti,
1408 1113 1503 1159 aures

349 1208 462 1262 autern
477 1199 640 1281 perfecisti
653 1198 742 1262 mihi.
789 1200 835 1263 Et
850 1201 885 1263 in
900 1200 977 1274 alio,
994 1200 1072 1264 Non
1088 1201 1249 1282 accipiam
1265 1200 1308 1263 de
1325 1199 1427 1263 domo
1446 1209 1504 1262 tua

349 1301 471 1367 vitulos
501 1322 608 1385 neque
638 1304 681 1367 de
710 1302 865 1388 gregibus
900 1304 966 1368 tuis
1002 1302 1120 1369 hircos.
1182 1303 1228 1367 Et
1257 1303 1366 1385 primo
1399 1303 1505 1366 isaiae

351 1415 445 1489 patet
461 1406 633 1471 manifeste
647 1417 682 1471 et
696 1407 785 1471 alibi.
832 1407 934 1473 Unde
950 1428 992 1472 ne
1008 1409 1146 1472 omnino
1161 1405 1278 1471 tierent
1295 1407 1505 1484 Idololatrae,

352 1510 445 1573 Deus
468 1511 642 1592 occupavit
671 1531 728 1575 eos
754 1512 788 1574 in
814 1511 1005 1593 hujusmodi
1030 1511 1246 1577 caerimoniis.
1292 1510 1424 1574 Deinde
1447 1510 1505 1574 lex

353 1636 419 1678 non
441 1615 606 1696 promittit
629 1615 690 1678 nisi
715 1616 803 1680 bona
825 1614 1023 1699 temporalia
1045 1625 1079 1678 et
1102 1614 1306 1698 corporalia3
1333 1615 1391 1678 sed
1414 1625 1506 1678 secta

352 1717 498 1801 perlecta
529 1719 695 1799 promittit
725 1721 815 1784 bona
843 1728 978 1783 aeterna
1000 1729 1035 1783 et
1061 1718 1253 1801 spiritualia,
1281 1727 1318 1782 ut
1341 1727 1434 1801 patet
1460 1737 1506 1780 ex

354 1821 553 1905 praehibitis.

184 1940 303 1990 Mulom-
398 1925 528 1990 Eodem
554 1925 656 1989 modo
682 1927 844 2009 contingit
873 1946 935 1990 nos
960 1927 1161 1992 descendere
1183 1925 1226 1989 ad
1252 1936 1377 1990 sectam
1405 1925 1506 1990 Sara·

185 2007 322 2122 iffi*
354 2049 511 2094 cenorum
534 2040 570 2094 et
594 2030 817 2114 legislatorem
840 2050 964 2096 eorum.
1011 2031 1087 2114 Ipse
1110 2031 1245 2112 quidem
1273 2029 1506 2094 Machometus

185 2137 254 2186 sured
267 2136 301 2198 by
354 2135 387 2197 in
402 2132 564 2210 Alkoran,
580 2136 636 2215 qui
656 2144 707 2198 est
727 2134 810 2199 liber
826 2135 908 2218 legis
929 2154 1017 2208 suae,
1036 2135 1117 2199 dicit
1137 2133 1305 2198 Christum
1325 2145 1442 2197 natum
1462 2134 1507 2198 de

185 2203 302 2318 fflffl
353 2239 480 2320 virgine
510 2237 639 2301 Maria1
670 2238 741 2302 sine
770 2239 1009 2303 commixtione
1038 2237 1183 2301 hominis
1217 2236 1330 2301 afflatu
1361 2236 1506 2320 Spiritus

185 2333 339 2385 themselves
355 2342 480 2420 Sancti,
506 2351 540 2404 et
564 2341 646 2406 dicit
670 2361 746 2406 eum
773 2363 845 2406 esse
867 2342 1028 2425 majorem
1053 2341 1250 2424 prophetam
1279 2341 1353 2406 Dei.
1404 2341 1507 2406 Unde

353 2445 497 2529 praefert
514 2442 684 2509 Christum
702 2446 926 2524 Machometo‚
938 2456 972 2509 et
988 2446 1064 2510 ideo
1080 2446 1136 2508 lex
1152 2444 1276 2510 Christi
1292 2444 1507 2528 praeferenda

353 2560 411 2615 est.
457 2549 541 2614 Cum
565 2569 645 2633 ergo
669 2550 770 2613 debet
796 2570 860 2614 una
884 2550 940 2613 lex
967 2570 1038 2614 esse
1059 2551 1092 2613 in
1116 2551 1251 2628 mundo,
1267 2559 1304 2614 ut
1326 2551 1506 2632 probatum

354 2665 413 2732 est,
429 2664 507 2718 tunc
522 2655 586 2717 erit
601 2652 656 2717 illa
671 2673 757 2736 quae
776 2654 894 2718 melior
909 2664 943 2718 et
958 2654 1091 2736 dignior
1105 2665 1155 2717 est
1168 2679 1175 2730 ;
1198 2665 1232 2718 et
1247 2654 1329 2717 haec
1349 2663 1401 2718 est
1416 2664 1507 2718 secta

355 2760 488 2826 Christi.
512 2759 598 2822 Item
613 2758 803 2841 philosophi
820 2757 1060 2824 Saracenorum
1076 2759 1254 2840 reprobant
1268 2758 1353 2822 hanc
1368 2767 1506 2824 sectam.

355 2865 423 2931 Sed
450 2874 542 2927 secta
564 2863 713 2926 veritatis
736 2862 814 2927 licet
836 2863 880 2926 sit
902 2881 1001 2944 supra
1023 2860 1279 2944 philosophiam,
1302 2881 1369 2925 non
1392 2874 1506 2927 tamen

355 2979 406 3035 est
428 2977 544 3032 contra
566 2986 650 3045 eam,
665 2985 726 3029 nec
749 2986 769 3029 a
792 2966 1004 3048 philosophia
1020 2965 1205 3049 reprobata,
1222 2967 1280 3029 sed
1300 2967 1507 3048 approbata3

355 3074 440 3136 sicut
463 3071 506 3133 de
537 3079 629 3133 secta
663 3066 787 3132 Christi
816 3068 850 3131 in
876 3068 1124 3132 Mathematicis
1154 3077 1188 3132 et
1218 3067 1252 3130 in
1279 3069 1385 3151 prima
1410 3079 1508 3150 parte

357 3174 496 3239 Moralis
519 3172 753 3254 Philosophiae
774 3173 902 3236 edocui.
948 3171 1109 3236 Similiter
1130 3173 1310 3236 ostendunt
1333 3173 1424 3255 quod
1446 3173 1507 3238 de·

356 3286 501 3342 struetur
529 3276 612 3340 haec
642 3285 743 3354 secta,
769 3285 803 3339 et
832 3285 965 3357 tempus
994 3284 1129 3339 notatur
1155 3295 1234 3340 suae
1263 3275 1507 3342 destructionis.

356 3382 425 3448 Sed
447 3391 538 3444 secta
559 3378 675 3444 salutis
695 3399 826 3462 semper
851 3378 984 3444 durabit
1008 3400 1112 3461 usque
1138 3381 1180 3444 ad
1203 3380 1305 3443 vitam
1327 3390 1509 3463 aeternam,

355 3487 434 3570 quia
463 3485 554 3548 ducit
578 3484 611 3547 in
636 3503 730 3560 eam3
762 3504 842 3566 ergo
867 3504 935 3547 non
960 3493 1011 3548 est
1038 3495 1128 3549 secta
1156 3483 1368 3548 Machometi.
1420 3485 1509 3550 Item

357 3588 525 3674 legislator
546 3587 608 3651 iuit
630 3587 805 3653 vilissimus
828 3589 862 3651 in
884 3588 973 3668 vita;
1000 3608 1076 3652 nam
1099 3589 1262 3672 pessimus
1285 3588 1416 3653 adulter
1436 3590 1509 3669 suit,

356 3695 440 3758 sicut
470 3692 503 3755 in
533 3689 616 3756 libro
647 3691 798 3756 Alkoran
828 3692 988 3757 scribitur.
1045 3691 1191 3756 Omnem
1221 3692 1306 3756 enim
1338 3692 1509 3759 mulierem

357 3798 505 3883 pulcram
520 3816 541 3859 a
555 3797 632 3860 viris
652 3816 766 3860 eorum
787 3799 898 3880 rapuit
922 3798 992 3879 ipse
1015 3815 1074 3880 per
1093 3797 1283 3862 violentiam
1305 3809 1340 3862 et
1361 3798 1509 3864 violavit.

359 3903 427 3969 Sed
443 3899 642 3966 adulterium
657 3911 707 3964 est
723 3911 839 3966 contra
857 3920 990 3965 omnem
1012 3900 1119 3982 legem
1134 3911 1168 3964 et
1183 3911 1329 3978 sectam3
1351 3903 1510 3984 quiahoc

359 4017 408 4074 est
420 4006 510 4089 quod
522 4005 649 4069 inducit
660 4005 858 4069 discordiam
870 4004 1010 4082 civium;
1034 4015 1068 4068 et
1078 4004 1227 4070 similiter
1237 4005 1337 4069 salsos
1349 4006 1511 4072 haeredes

358 4111 509 4187 instituit,
525 4121 560 4174 et
574 4109 651 4173 ideo
667 4109 816 4173 dissolvit
828 4109 906 4191 jura
921 4109 967 4171 rei
982 4109 1143 4192 publicae.

403 4214 578 4279 Caetemm
592 4213 620 4275 si
635 4214 876 4279 descendamus
892 4211 1060 4277 intimius²
1072 4213 1178 4296 magis
1189 4213 1233 4277 ad
1245 4213 1306 4278 has
1316 4225 1383 4280 tres
1393 4227 1511 4296 sectas,

390 4349 399 4378 ¹
416 4351 474 4398 'ibe
487 4348 650 4409 teschingol
660 4349 705 4398 the
717 4348 808 4398 Koran
824 4365 853 4398 as
865 4355 893 4398 to
910 4350 983 4412 hiary
994 4350 1049 4399 will
1066 4350 1098 4398 be
1116 4351 1196 4399 found
1214 4351 1240 4398 in
1257 4351 1302 4399 the
1319 4353 1366 4413 ard
1384 4353 1436 4400 and
1450 4355 1511 4417 rpth

359 4431 481 4492 chapter-s
493 4423 588 4491 (Sale’s
601 4427 665 4490 ed).
698 4427 754 4476 The
772 4428 927 4478 miraculous
941 4429 1096 4491 conception
1109 4443 1164 4479 was
1182 4431 1323 4491 accepted;
1338 4429 1417 4490 Jesus
1432 4432 1514 4494 being

358 4507 487 4570 regarded
503 4520 533 4554 aa
549 4521 565 4552 a
581 4513 654 4566 great
671 4506 788 4567 prophet.
824 4507 888 4555 This
899 4522 956 4556 wan
973 4507 1003 4556 os
1017 4523 1108 4558 course
1125 4507 1310 4571 accompanied
1327 4507 1362 4572 by
1374 4509 1513 4575 indignant

358 4588 409 4637 and
421 4584 547 4646 repeated
558 4583 643 4632 deninl
655 4585 685 4633 oi
692 4584 738 4632 the
750 4584 923 4637 incarnation.

390 4665 401 4694 ¹
418 4663 523 4725 intimis,
535 4660 576 4725 D,
589 4661 710 4724 intimius,
724 4662 756 4713 Ο.
