3542 5359
552 651 666 710 PARS
690 650 886 724 QUARTA:
923 650 1012 708 CAP.
1040 649 1081 707 II.
1333 663 1392 725 521

245 834 305 896 per
320 816 465 879 medium
481 817 564 879 aeris
584 817 628 880 ab
648 816 774 879 oriente
794 816 826 876 in
846 814 1008 888 occidens,
1024 822 1057 875 et
1075 833 1095 875 a
1112 811 1337 894 septentrione
1358 810 1393 875 in

245 921 422 993 meridiem,
439 931 573 1004 oportet
588 922 680 1002 quod
700 918 885 983 debilitatio
906 917 1025 1000 speciei
1048 916 1091 979 sit
1112 924 1248 999 propter
1269 916 1393 998 disper·

245 1023 380 1103 sionem,
396 1036 430 1089 et
450 1026 557 1107 magis
572 1045 672 1106 quam
688 1046 708 1088 a
724 1026 879 1088 deorsum
900 1022 932 1085 in
954 1041 1093 1095 sursum,
1109 1022 1187 1102 quia
1201 1042 1222 1083 a
1237 1022 1391 1084 deorsum

245 1128 278 1189 in
299 1149 429 1193 sursum
454 1140 505 1193 est
528 1129 638 1212 aliqua
660 1125 864 1193 subtiliatio¹
886 1128 1054 1190 continua.
1100 1126 1290 1190 Secundum
1313 1126 1393 1188 alias

247 1234 426 1314 positiones
448 1256 513 1298 non
529 1245 579 1298 est
596 1255 749 1311 necesse;
772 1234 829 1298 sed
854 1232 960 1295 minor
982 1242 1032 1295 est
1055 1231 1209 1294 debilitas
1231 1239 1392 1312 quantum

245 1358 266 1399 a
292 1338 446 1402 deorsum
472 1339 503 1401 in
534 1359 663 1401 sursum
689 1349 825 1421 propter
850 1336 1085 1419 aequalitatem
1113 1335 1273 1412 raritatis3
1308 1356 1395 1417 quae

246 1461 311 1504 non
327 1454 377 1505 est
392 1464 412 1506 a
430 1463 560 1506 sursum
580 1446 612 1507 in
628 1444 793 1506 deorsum.
839 1441 875 1506 Si
888 1451 998 1503 tamen
1016 1440 1126 1503 media
1141 1440 1174 1501 in
1191 1440 1253 1503 hoc
1269 1442 1394 1504 mundo

245 1555 354 1609 essent
380 1547 425 1609 sic
456 1548 623 1630 disposita,
650 1556 686 1609 ut
716 1566 847 1628 semper
879 1555 966 1609 esset
995 1544 1176 1608 subtiliatio
1206 1543 1311 1625 major
1341 1543 1394 1607 vel

245 1650 391 1731 aequalis
416 1652 633 1715 debilitationi
664 1651 786 1733 speciei
815 1671 859 1712 ex
890 1650 1101 1730 dispersione,
1132 1659 1210 1713 tunc
1240 1669 1307 1711 non
1338 1651 1394 1712 de-

245 1752 436 1818 bilitaretur.
493 1755 560 1819 Sed
583 1756 645 1819 hoc
668 1774 735 1818 non
757 1764 808 1818 est
835 1754 993 1835 possibile
1015 1754 1197 1816 secundum
1220 1753 1289 1815 vias
1315 1772 1393 1816 con-

245 1859 372 1935 trarias,
393 1869 430 1922 ut
453 1881 473 1922 a
495 1880 624 1923 sursum
647 1860 679 1921 in
703 1861 870 1935 deorsum,
894 1868 928 1921 et
951 1880 969 1920 e
991 1859 1176 1932 contrario;
1207 1877 1266 1921 nec
1289 1866 1339 1920 est
1361 1857 1394 1920 in

246 1970 322 2023 actu
339 1964 521 2025 secundum
537 1962 682 2045 aliquam
697 1962 836 2027 illarum.
880 1960 1142 2025 Accidentaliter
1157 1972 1270 2024 tamen
1286 1961 1394 2024 evenit

246 2066 337 2145 quod
363 2068 479 2147 speciei
507 2078 657 2131 occurrat
683 2088 727 2129 ex
753 2067 908 2130 distantia
934 2085 1055 2147 corpus
1079 2065 1184 2146 magis
1210 2073 1327 2147 aptum
1350 2065 1393 2127 ad

245 2189 317 2231 esse
333 2171 458 2254 speciei,
477 2171 562 2235 sicut
577 2174 701 2235 dictum
718 2179 769 2233 est
786 2171 829 2233 de
851 2179 1007 2251 magnete
1026 2179 1059 2232 et
1080 2168 1199 2231 multis.
1247 2168 1293 2231 Et
1315 2177 1395 2233 tunc

246 2294 311 2336 non
329 2276 530 2355 debilitatur,
546 2277 603 2339 sed
620 2274 787 2339 fortificari
805 2282 918 2356 potest
932 2272 984 2336 vel
999 2273 1143 2355 aequari.

667 2596 894 2663 Carrruuuu
920 2600 966 2662 ΙΙ.

291 2762 370 2825 Post
386 2762 467 2825 haec
488 2762 658 2826 sciendum
682 2761 750 2825 de
742 2773 805 2826 rsta
827 2764 1102 2846 multiplicatione
1117 2786 1158 2828 an
1180 2765 1211 2827 in
1229 2763 1394 2830 infinitum
1408 2770 1434 2818 lt
1443 2786 1518 2835 space

246 2879 325 2948 apta
350 2878 427 2931 nata
452 2869 494 2930 sit
521 2867 599 2945 fieri,
621 2868 648 2929 si
672 2867 815 2950 spatium
841 2868 941 2950 hujus
969 2871 1083 2933 mundi
1110 2880 1196 2933 esset
1221 2870 1394 2933 infinitum.
1408 2851 1563 2961 ἕζῖᾇιέοῃιά

249 2970 349 3053 Quod
366 2992 432 3035 non
449 2972 494 3035 sic
510 2972 604 3037 fieret
620 2974 799 3036 tenendum
816 2983 875 3049 est,
891 2974 1047 3054 quoniam
1064 2974 1189 3058 species
1204 2975 1397 3037 debilitatur
1409 2967 1564 3098 &gabim

247 3096 291 3137 ex
307 3075 518 3158 elongatione
536 3096 557 3138 a
579 3097 640 3139 sua
658 3077 793 3160 origine,
807 3088 845 3141 ut
861 3098 949 3143 nunc
971 3078 1174 3141 declaratum
1191 3088 1249 3157 est,
1265 3088 1298 3141 et
1321 3049 1426 3142 ideop
1410 3106 1436 3147 to
1447 3098 1543 3147 infinite

247 3201 381 3244 necesse
395 3193 446 3246 est
464 3183 569 3265 ipsam
581 3181 747 3245 deficere
739 3202 770 3243 1n
783 3202 833 3244 sur
826 3182 1130 3265 'multiplicatione
1169 3182 1269 3265 Quod
1283 3193 1395 3246 autern
1409 3164 1550 3215 d¹⁵t⁸¹¹⁶⁸⁵²

246 3286 411 3349 diceretur
426 3289 516 3368 quod
529 3286 637 3348 omnis
657 3297 801 3367 punctus
817 3286 897 3349 lucis
914 3296 1025 3367 potest
1047 3306 1083 3348 se
1106 3286 1323 3368 multiplicare
1345 3306 1396 3349 se-

247 3392 392 3454 cundum
409 3411 524 3454 omnes
539 3392 718 3454 diametros
731 3414 739 3465 ;
761 3390 940 3454 dicendum
956 3400 1006 3454 est
1025 3391 1117 3473 quod
1133 3391 1196 3454 hoc
1211 3389 1330 3454 salsum
1345 3402 1396 3455 est

247 3495 399 3558 absolute
416 3496 591 3577 loquendo.
623 3494 768 3577 Oportet
783 3495 870 3559 enim
888 3494 951 3558 hoc
963 3496 1081 3559 arctari
1096 3496 1138 3558 ad
1155 3496 1299 3579 speciem
1310 3515 1396 3578 quae

248 3610 377 3662 tantam
387 3600 486 3662 habet
500 3598 727 3664 fortitudinem
740 3610 777 3662 ut
787 3599 891 3682 possit
903 3600 963 3663 sibi
976 3620 1133 3681 generare
1144 3600 1294 3680 similem,
1303 3601 1395 3682 quod

249 3722 316 3764 non
339 3712 389 3765 est
409 3722 523 3765 verum
546 3704 589 3766 de
609 3704 718 3784 specie
741 3703 838 3765 nimis
861 3703 1043 3767 debilitata.
1091 3702 1192 3785 Quod
1213 3724 1292 3767 vero
1315 3704 1394 3767 dicit

245 3803 446 3869 Aristoteles
461 3806 608 3869 secundo
632 3806 673 3868 de
694 3805 826 3879 Anima,
842 3807 933 3891 quod
954 3808 1037 3889 ignis
1051 3817 1165 3888 ageret
1181 3806 1213 3868 in
1231 3805 1394 3869 infinitum

245 3910 270 3972 si
286 3919 508 3992 apponeretur
519 3909 748 3974 combustibile
758 3907 771 3945 ²
783 3932 792 3988 ;
811 3909 926 3977 dicunt
939 3911 1075 3991 quidam
1088 3912 1177 3992 quod
1194 3910 1238 3973 ibi
1251 3910 1395 3993 loquitur

247 4015 290 4076 de
306 4013 413 4077 calore
429 4014 526 4094 igneo
540 4014 572 4076 in
589 4034 730 4095 corpore
749 4014 896 4077 animato
920 4016 976 4096 qui
994 4024 1072 4097 aget
1090 4014 1338 4078 indeterminate
1360 4026 1395 4081 et

244 4118 422 4181 indiscrete
444 4128 595 4200 respectu
611 4118 758 4200 corporis
773 4120 991 4187 sustentandi,
1008 4118 1067 4183 nisi
1082 4119 1126 4182 ab
1140 4119 1249 4181 anima
1265 4119 1393 4201 regula-

246 4232 335 4284 retur
364 4233 398 4285 et
430 4222 626 4304 dirigeretur
648 4223 682 4285 in
712 4221 811 4287 finem
841 4224 1097 4287 determinatum
1127 4233 1160 4286 et
1193 4234 1330 4302 certum,
1357 4236 1394 4288 ut

275 4394 284 4421 ¹
303 4393 336 4443 Ο.
347 4394 398 4441 and
411 4392 570 4443 otberldSS.
584 4394 650 4442 have
661 4410 677 4443 ιι
688 4394 807 4443 deorsum
818 4394 844 4441 in
855 4408 965 4443 sursum.
995 4394 1047 4442 But
1058 4394 1102 4443 the
1110 4410 1213 4443 reverse
1224 4396 1302 4444 order
1312 4411 1398 4446 seems

242 4473 457 4615 mtenlffim,
471 4550 513 4600 lib.
527 4551 553 4601 ii.
565 4566 619 4613 cap.
633 4568 658 4612 4,
671 4555 684 4611 ς
697 4554 714 4600 8
729 4550 801 4613 ἡμὶν
812 4548 860 4614 γὰρ
877 4550 922 4598 τοῦ
940 4548 1011 4614 tupdr
1026 4548 1123 4613 αὔξησις
1139 4551 1172 4599 ele
1186 4549 1290 4615 ἄπειρον,
1310 4550 1352 4602 tos
1366 4551 1398 4602 dr

239 4626 260 4693 ῃ·
270 4627 299 4676 τὸ
310 4630 427 4678 καυστόν.
461 4630 586 4679 Aristode
603 4630 626 4678 is
642 4630 755 4691 refuting
765 4630 810 4678 the
827 4630 918 4679 notion
936 4630 992 4679 that
1004 4630 1128 4679 nutrition
1146 4646 1193 4680 can
1211 4630 1243 4680 be
1261 4632 1398 4694 explained

242 4707 337 4769 simply
348 4708 383 4770 by
394 4708 528 4757 reference
539 4715 567 4757 to
578 4708 635 4757 fire.
