3542 5359
398 593 460 671 466
663 591 1002 651 MULTIPLICATIO
1027 590 1282 651 SPECIERUM.

398 777 465 820 non
488 757 587 820 cadat
608 776 708 840 super
722 776 843 838 corpus
865 755 929 818 nisi
945 754 1022 837 quia
1042 775 1142 837 super
1156 753 1302 836 aliquam
1317 751 1552 842 superficiem),

399 872 478 926 tunc
500 862 589 926 cadit
605 882 705 943 super
726 859 934 943 superficiem
957 859 1101 941 planam,
1116 860 1168 923 vel
1191 880 1381 934 concavam,
1397 858 1449 922 vel
1472 880 1552 922 con·

398 986 531 1043 vexam,
557 965 590 1028 in
621 965 741 1049 quibus
767 963 908 1028 multum
939 962 1179 1028 diversificatur
1208 965 1297 1028 actio
1322 964 1492 1042 naturalis,
1518 974 1553 1026 et

399 1073 549 1133 maxime
570 1072 750 1135 secundum
776 1071 866 1152 quod
897 1089 1044 1133 concava
1069 1078 1103 1132 et
1125 1089 1280 1133 convexa
1301 1068 1493 1132 dividuntur
1519 1067 1552 1130 in

398 1175 578 1258 sphaerica,
601 1173 830 1257 pyramidalia,
844 1183 878 1236 et
901 1172 1114 1249 columnaria,
1132 1184 1166 1238 et
1188 1174 1306 1248 uvalis,
1325 1183 1358 1235 et
1379 1173 1552 1245 annulosa,

398 1290 432 1344 et
452 1278 666 1343 lenticularia.
712 1279 807 1343 Haec
827 1279 917 1341 enim
937 1277 1125 1359 specialiter
1145 1277 1365 1342 diversificant
1385 1277 1550 1341 actionem

396 1383 582 1466 specierum
616 1383 819 1446 venientium
849 1382 892 1445 ad
924 1402 962 1444 ea
996 1391 1131 1466 propter
1160 1381 1384 1445 diversitatem
1416 1399 1551 1444 suarum

397 1489 580 1570 specierum
594 1509 603 1566 ;
618 1487 668 1550 ad
690 1506 774 1567 quas
797 1486 921 1550 cadunt
944 1487 1071 1570 species
1094 1484 1408 1568 perpendiculariter
1430 1492 1464 1546 et
1484 1504 1550 1546 non

399 1591 723 1675 perpendiculariter,
752 1590 933 1654 secundum
970 1590 1117 1653 diversas
1154 1590 1337 1672 positiones
1367 1598 1401 1652 et
1431 1589 1551 1652 modos

395 1696 515 1773 varios,
528 1694 627 1777 juxta
644 1696 878 1777 proprietatem
895 1692 1097 1776 singularum
1118 1691 1365 1777 superficierum
1384 1693 1551 1755 dictorum

397 1817 582 1880 corporum.
627 1799 699 1862 Nec
720 1807 770 1862 est
790 1797 947 1861 notabilis
967 1799 1141 1862 diversitas
1161 1797 1222 1861 nisi
1240 1798 1272 1860 in
1288 1798 1388 1861 dictis
1406 1797 1550 1880 corpori-

396 1903 461 1966 bus
487 1903 720 1986 recipientibus
744 1903 871 1984 species
897 1903 1088 1984 agentium;
1115 1903 1272 1984 quoniam
1301 1921 1441 1983 corpora
1464 1920 1553 1982 quae

397 2007 522 2070 habent
541 2005 731 2089 superficies
750 2025 912 2070 concavas
930 2005 983 2069 vel
1003 2025 1181 2083 convexas,
1198 2005 1231 2069 in
1251 2007 1372 2089 quibus
1387 2014 1438 2069 est
1456 2013 1552 2068 nota-

396 2111 471 2174 bilis
494 2111 666 2175 diversitas
688 2109 741 2173 vel
762 2111 905 2174 varietas
927 2111 1068 2174 actionis
1089 2109 1259 2188 naturalis,
1273 2121 1350 2174 sunt
1371 2109 1553 2192 sphaerica,

396 2215 448 2278 vel
473 2214 700 2298 pyramidalia,
720 2213 772 2277 vel
795 2213 1007 2288 columnaria,
1028 2213 1081 2278 vel
1103 2216 1222 2292 oralia,
1238 2215 1290 2280 vel
1310 2215 1482 2291 annulosa,
1496 2213 1552 2277 vel

398 2319 624 2395 lenticularia3
649 2339 727 2381 nam
743 2329 873 2382 caetera
890 2318 1014 2382 habent
1030 2319 1146 2403 planas
1160 2319 1358 2402 superficies.

229 2437 347 2488 'rhetwo
442 2423 604 2488 Similiter
628 2433 761 2505 oportet
787 2424 933 2486 secundo
959 2423 1035 2486 sciri
1057 2426 1149 2505 quod
1172 2423 1409 2489 diversificatur
1436 2422 1553 2487 multi·

230 2505 358 2554 ¹¹¹⁰d⁰⁵⁰s
399 2529 532 2610 plicatio
561 2549 659 2611 super
684 2527 785 2590 lineas
809 2527 939 2592 fractas.
987 2527 1031 2590 Et
1052 2526 1171 2592 fractio
1198 2537 1247 2592 est
1270 2527 1402 2592 duobus
1430 2528 1551 2591 modis.

229 2570 269 2619 rel
309 2573 377 2627 tiou;

229 2586 546 2714 nolllmerQuando
568 2633 668 2714 igitur
691 2631 836 2694 medium
867 2632 1050 2696 secundum
1081 2641 1130 2697 est
1160 2633 1302 2710 densius,
1325 2643 1403 2695 tunc
1433 2629 1552 2694 fractio

228 2703 379 2828 mlx?
398 2737 519 2820 speciei
553 2746 603 2800 est
636 2737 668 2798 in
707 2733 880 2818 superficie
919 2737 1066 2819 corporis
1097 2737 1232 2801 secundi
1267 2738 1351 2801 inter
1388 2738 1552 2800 incessum

228 2833 378 2899 conversely.
398 2851 523 2906 rectum
553 2850 587 2904 et
616 2840 923 2922 perpendicularem
953 2841 1141 2905 ducendam
1171 2861 1191 2904 a
1221 2840 1297 2904 loco
1326 2839 1493 2904 fractionis
1517 2841 1552 2902 in

397 2966 517 3028 corpus
538 2946 730 3019 secundum,
744 2954 779 3008 et
801 2943 946 3008 declinat
968 2945 1010 3008 ab
1033 2947 1160 3009 incessu
1183 2955 1273 3010 recto
1294 2945 1326 3008 in
1350 2944 1550 3027 profundum

396 3051 546 3133 corporis
575 3050 720 3124 secundi,
749 3048 900 3112 dividens
929 3049 1088 3132 angulum
1115 3049 1172 3132 qui
1199 3059 1249 3113 eet
1276 3050 1361 3113 inter
1387 3049 1551 3112 incessum

397 3166 524 3219 rectum
551 3163 585 3217 et
611 3154 920 3236 perpendicularem
951 3154 1137 3217 ducendam
1168 3174 1188 3217 a
1218 3152 1293 3217 loco
1318 3153 1486 3218 fractionis
1518 3153 1551 3215 in

396 3277 516 3341 corpus
536 3260 725 3321 secundum.
771 3257 849 3321 Non
864 3267 977 3320 tamen
992 3259 1112 3321 dividit
1131 3257 1223 3320 illum
1240 3257 1398 3342 angulum
1420 3276 1554 3338 semper

398 3362 430 3423 in
453 3364 537 3425 duas
560 3371 672 3444 partes
694 3361 858 3443 aequales,
880 3360 958 3425 licet
982 3362 1045 3425 hoc
1068 3372 1240 3425 senserunt
1263 3345 1375 3443 aliqui,
1391 3363 1551 3444 quoniam

395 3465 577 3529 secundum
596 3466 821 3528 diversitatem
842 3465 1016 3530 densitatis
1038 3465 1138 3529 medii
1154 3465 1287 3530 secundi
1303 3465 1422 3529 accidit
1445 3464 1553 3547 major

396 3589 541 3633 recessus
560 3577 594 3631 et
616 3570 723 3631 minor
742 3568 909 3634 fractionis
932 3571 975 3633 ab
997 3569 1125 3633 incessu
1148 3579 1246 3647 recto,
1261 3570 1443 3633 secundum
1458 3569 1549 3650 quod

398 3673 608 3737 Ptolemaeus
639 3675 670 3735 in
702 3673 819 3755 quinto
846 3672 1068 3755 Aspectuum,
1100 3682 1134 3737 et
1160 3672 1312 3738 Alhazen
1343 3674 1376 3736 in
1407 3673 1553 3754 septimo

396 3779 619 3842 determinant
651 3778 856 3861 quantitates
889 3777 1085 3861 angulorum
1118 3777 1287 3842 fractionis
1321 3775 1552 3860 multipliciter

396 3882 619 3946 diversificari.
679 3880 767 3944 Nam
798 3891 924 3961 quanto
959 3900 1079 3963 corpus
1110 3883 1291 3946 secundum
1326 3890 1376 3944 est
1407 3881 1553 3958 densius,

396 3995 491 4050 tanto
516 3986 623 4049 minus
647 3984 772 4047 recedit
795 3984 912 4047 fractio
936 3985 980 4047 ab
1012 3987 1138 4048 incessu
1163 3995 1264 4064 recto,
1288 3995 1424 4068 propter
1453 3985 1551 4048 resis-

396 4091 534 4153 tentiam
573 4090 674 4152 medii
711 4087 880 4166 densioris,
917 4090 1065 4153 densitas
1103 4091 1190 4153 enim
1228 4089 1350 4153 resistit
1380 4089 1482 4162 radio,
1513 4098 1553 4153 ut

395 4193 549 4257 Alhazen
572 4194 661 4256 dicit.
707 4192 853 4275 Quando
869 4212 948 4255 vero
967 4213 1088 4275 corpus
1108 4195 1290 4257 secundum
1315 4203 1364 4257 est
1386 4191 1552 4272 subtilius,

396 4307 474 4360 tunc
501 4297 539 4361 fit
570 4295 685 4360 fractio
715 4297 836 4379 speciei
862 4297 895 4359 in
926 4297 1100 4379 superficie
1128 4299 1273 4379 corporis
1303 4297 1438 4361 secundi
1462 4297 1552 4362 ultra

398 4403 561 4465 incessum
596 4414 732 4478 rectum,
763 4422 822 4484 per
850 4421 1016 4465 recessum
1046 4422 1067 4464 a
1096 4401 1360 4484 perpendiculari
1396 4402 1552 4465 ducenda

395 4524 414 4567 a
432 4505 504 4569 loco
521 4505 709 4580 fractionis;
732 4506 766 4569 id
784 4514 844 4583 est,
858 4507 950 4586 quod
967 4505 1053 4569 inter
1068 4505 1262 4570 fractionem
1279 4515 1313 4569 et
1334 4507 1551 4588 perpendicu-

393 4608 497 4674 larem
536 4608 627 4672 illam
663 4610 753 4673 cadit
792 4611 938 4673 incessus
968 4619 1085 4673 rectus.
1143 4609 1188 4673 Et
1226 4610 1371 4676 variatur
1404 4629 1551 4675 recessus
