3542 5359
517 597 633 655 PARS
658 595 882 655 SECUNDA:
918 594 1008 685 CAP7
1035 594 1091 653 IX.
1318 610 1378 671 495

228 769 465 841 coangustatur
477 760 509 822 in
526 758 763 842 pyramidalem
777 758 924 842 figuram,
934 758 1070 839 quando
1082 778 1202 840 corpus
1216 756 1376 821 illumina-

228 877 300 928 tum
318 865 426 927 minus
440 874 491 927 est
506 863 720 933 illuminante,
730 873 764 924 et
776 863 984 945 protenditur
995 861 1027 925 in
1044 860 1205 925 infinitum
1223 871 1379 928 contenta

227 969 321 1033 lineis
336 960 639 1050 aequidistantibus,
656 968 790 1049 quando
811 966 999 1029 illuminans
1017 976 1050 1031 et
1067 965 1285 1029 illuminatum
1301 974 1379 1029 sunt

228 1074 386 1157 aequalia,
407 1083 441 1136 et
467 1072 627 1136 dilatatur
652 1071 759 1137 solum
783 1073 919 1153 quando
946 1070 1166 1135 illuminatum
1193 1080 1243 1135 est
1271 1068 1379 1150 majus

754 3416 814 3467 Flo.
826 3430 867 3483 90.

234 3590 447 3663 illuminante,
468 3589 553 3655 sicut
577 3600 671 3675 patet
697 3590 729 3653 in
757 3588 871 3673 figura.
919 3589 1076 3657 Similiter
1098 3614 1158 3657 nec
1182 3604 1294 3676 potest
1318 3592 1385 3659 fieri

234 3716 254 3759 a
284 3695 415 3760 duobus
445 3696 594 3777 partibus
623 3704 765 3765 tantum,
792 3695 950 3776 quoniam
981 3697 1007 3759 si
1038 3698 1298 3780 aequidistanter
1328 3699 1386 3763 fiat

235 3798 477 3882 multiplicatio,
502 3811 582 3865 tunc
609 3799 735 3882 species
760 3798 842 3862 lucis
869 3820 927 3863 seu
958 3800 1092 3864 alterius
1118 3812 1152 3864 et
1183 3803 1299 3865 umbra
1330 3824 1388 3886 per

235 3924 440 3988 consequens
482 3904 634 3967 similiter
670 3902 917 3967 continerentur
954 3924 1085 3989 semper
1121 3906 1251 3970 duabus
1295 3906 1387 3971 lineis

235 4008 540 4090 aequidistantibus,
549 4018 583 4071 et
599 4028 706 4089 neque
721 4017 1016 4090 augmentarentur
1032 4030 1140 4091 neque
1155 4010 1386 4087 minuerentur,

235 4114 292 4176 sed
316 4114 590 4194 protenderentur
611 4112 644 4173 in
667 4110 838 4175 infinitum.
886 4111 921 4176 Si
941 4132 1020 4176 vero
1043 4134 1109 4177 non
1131 4116 1388 4196 aequidistanter

236 4216 294 4280 fiat
310 4215 540 4298 multiplicatio
555 4236 575 4278 a
589 4215 720 4279 duabus
735 4216 895 4297 partibus,
912 4226 991 4281 tunc
1010 4236 1085 4281 cum
1100 4230 1217 4283 natura
1233 4230 1387 4301 operatur

235 4340 366 4403 semper
380 4340 447 4383 uno
468 4320 578 4397 modo,
593 4330 728 4402 oportet
742 4322 832 4402 quod
854 4320 914 4387 fiat
930 4320 1040 4384 lumen
1061 4342 1191 4405 semper
1205 4322 1399 4410 dilatando,¹

236 4436 270 4487 et
296 4426 327 4486 in
355 4425 506 4488 umbram
532 4444 662 4508 semper
686 4425 880 4490 dilataretur
905 4426 938 4488 in
964 4425 1147 4489 infinitum:
1179 4426 1230 4489 vel
1258 4447 1388 4509 semper

236 4528 473 4603 contrahendo,
483 4538 516 4592 et
528 4538 607 4593 tunc
619 4530 736 4592 umbra
751 4549 882 4612 semper
892 4530 1139 4594 contraheretur
1150 4539 1185 4594 et
1198 4539 1388 4595 arctaretur.

238 4632 284 4696 Et
307 4631 388 4695 haec
405 4643 520 4715 patent
535 4654 579 4697 ex
602 4633 767 4715 positione
790 4632 968 4715 figurarum
992 4636 1234 4715 praesentium;
1258 4645 1291 4699 et
1313 4636 1389 4699 ideo
