3542 5359
360 628 400 689 74
583 613 739 672 OPERIS
762 611 951 683 MAJORIS
974 611 1091 671 PARS
1114 610 1287 685 QUINTA.

189 788 283 867 Eighrtr
346 810 347 813 κ
405 774 664 857 Octavumquod
672 775 866 858 exigiturad
876 774 983 837 visum
996 782 1048 837 est
1059 774 1181 838 sanitas
1190 773 1276 837 visus
1287 792 1364 837 cum
1374 772 1512 836 naturali

189 853 326 983 ffffissn
359 900 419 943 sua
435 878 669 961 dispositione:
692 899 770 942 nam
793 877 908 943 oculus
923 887 1046 955 erutus,
1067 877 1120 941 vel
1144 896 1270 953 caecus,
1292 876 1345 941 vel
1369 877 1511 940 multum

190 994 252 1035 state
260 986 290 1034 0s
293 1002 345 1050 eye.
359 983 476 1059 laesus,
491 981 543 1047 vel
565 982 716 1048 turbatus
736 1003 781 1047 ex
799 982 913 1065 aliquo
936 982 1074 1045 humore
1097 979 1229 1059 fluente,
1244 981 1297 1044 vel
1320 1001 1364 1043 ex
1387 979 1510 1045 resolu-

358 1088 449 1151 tione
464 1107 624 1169 vaporum
640 1087 912 1151 confundentium
928 1085 1088 1169 pupillam
1102 1105 1166 1148 non
1183 1094 1294 1167 potest
1306 1084 1455 1166 judicare
1469 1085 1512 1148 dc

356 1192 463 1270 rebus,
482 1202 519 1255 ut
540 1202 642 1276 patet,
659 1202 693 1256 et
710 1192 786 1256 ideo
814 1212 880 1255 non
904 1200 1037 1274 oportet
1062 1190 1117 1253 hic
1140 1190 1318 1255 immorari.
1365 1188 1400 1254 Si
1423 1190 1510 1253 enim

356 1306 510 1378 oporteat
525 1296 589 1360 dici
604 1296 738 1379 aliquid,
755 1296 829 1379 plus
845 1295 966 1361 dehoc
988 1293 1115 1378 patebit
1138 1294 1169 1357 in
1189 1293 1411 1377 sequentibus
1458 1294 1511 1357 De

357 1402 421 1465 situ
437 1402 583 1483 quidem,
600 1401 655 1483 qui
671 1410 723 1465 est
738 1400 892 1465 ultimum
913 1400 946 1462 in
962 1400 1041 1471 visu,
1058 1419 1125 1462 non
1146 1408 1258 1480 potest
1274 1398 1325 1463 hic
1341 1396 1510 1479 explicari,

357 1504 435 1588 quia
449 1506 602 1572 coincidit
618 1526 693 1571 cum
709 1506 779 1570 aliis
795 1508 837 1570 de
853 1505 974 1587 quibus
989 1514 1107 1587 postea
1121 1503 1299 1599 dicendum
1318 1513 1378 1568 est.

682 2024 963 2091 DlSTlNCTlO
988 2024 1190 2089 DECIMA.

402 2216 540 2280 Habens
573 2216 716 2301 capitula
751 2218 824 2282 tria
884 2215 1031 2280 Primum
1061 2216 1161 2280 docet
1191 2215 1378 2296 expressius
1408 2234 1508 2297 quam

356 2322 512 2402 superius,
527 2342 612 2403 quae
627 2330 704 2385 sunt
719 2320 884 2385 sensibilia
900 2342 960 2404 per
974 2341 1010 2385 se
1025 2330 1059 2385 et
1075 2340 1134 2403 per
1147 2320 1308 2385 accidens.

796 2591 1024 2656 Canrunun
1050 2591 1075 2654 Ι.

185 2780 297 2831 otwhat
400 2762 532 2827 Habitis
548 2762 598 2828 his
613 2773 690 2828 octo
705 2764 775 2828 sine
790 2764 909 2847 quibus
926 2784 992 2827 non
1008 2772 1119 2847 potest
1134 2762 1203 2827 fieri
1222 2762 1314 2840 visio,
1328 2762 1507 2828 videndum
1584 2790 1590 2799 ·

185 2847 342 2964 {lffffimkes
354 2877 404 2931 est
433 2887 520 2949 quae
552 2879 630 2934 sunt
667 2870 900 2952 cognoscenda
933 2888 993 2951 per
1025 2868 1142 2941 visum,
1178 2878 1213 2933 et
1250 2867 1369 2951 quibus
1399 2868 1507 2932 modis

184 2979 340 3041 0⁰snizance.
354 2984 594 3054 cognoscantur
608 2983 642 3037 et
657 2972 884 3049 certificentur,
902 2983 936 3037 et
951 2973 1092 3056 qualiter
1107 2983 1141 3036 et
1157 2993 1257 3054 quare
1272 2982 1360 3036 errat
1374 2971 1461 3036 visus
1473 2972 1505 3034 in

352 3078 544 3160 cognitione
557 3076 746 3150 visibilium,
763 3097 837 3140 cum
854 3077 952 3141 suerit
968 3077 1057 3140 visus
1072 3097 1133 3159 per
1148 3078 1256 3141 radios
1267 3086 1375 3140 rectos
1390 3074 1504 3140 sactus.

353 3178 533 3243 Sciendum
557 3199 638 3261 ergo
661 3181 751 3262 quod
776 3182 912 3262 quando
933 3181 1014 3243 haec
1038 3178 1183 3245 novem¹
1204 3201 1272 3244 non
1295 3179 1505 3263 egrediuntur

353 3294 661 3366 temperamentum,
676 3283 802 3348 scilicet
820 3304 881 3347 nec
898 3284 1065 3348 excellunt
1086 3305 1148 3350 nec
1167 3285 1407 3361 diminuuntur,
1423 3295 1504 3350 tunc

353 3386 391 3451 fit
411 3388 501 3452 visus
521 3386 727 3451 certificatus
774 3387 921 3471 Quando
946 3410 1029 3473 ergo
1053 3389 1268 3472 egrediuntur
1291 3390 1428 3453 modum
1452 3389 1505 3453 vel

351 3489 537 3555 deficiendo
551 3489 604 3555 vel
620 3492 823 3569 excedendo,
838 3502 917 3556 tunc
938 3492 976 3556 fit
996 3514 1086 3556 error
1108 3494 1141 3556 in
1159 3493 1243 3558 visu.
1289 3492 1376 3557 Sunt
1392 3504 1504 3557 autem

351 3594 576 3660 certificabilia
598 3616 658 3677 per
683 3596 789 3660 visum
814 3597 929 3680 viginti
953 3599 1022 3662 duo
1046 3599 1136 3681 prius
1150 3607 1353 3673 enumerata,
1375 3607 1412 3661 ut
1437 3596 1505 3676 lux,

351 3700 448 3777 color,
463 3700 615 3779 remotio,
632 3699 711 3779 &c.;
736 3712 769 3764 et
789 3711 921 3785 praeter
941 3702 1005 3767 hoc
1023 3704 1115 3766 visus
1129 3702 1271 3786 percipit
1285 3702 1454 3767 hominem
1470 3711 1505 3767 et

351 3823 473 3886 equum
504 3814 538 3868 et
564 3814 712 3869 caeteras
738 3827 790 3870 res
819 3805 917 3888 hujus
949 3808 1073 3871 mundi.
1127 3806 1217 3869 Nam
1245 3827 1305 3889 per
1333 3805 1441 3872 lucem
1470 3817 1504 3871 et

351 3908 497 3972 colorem
516 3908 573 3972 illa
593 3910 710 3991 viginti
732 3921 986 3994 cognoscuntur.
1032 3910 1163 3975 Deinde
1184 3910 1406 3975 mediantibus
1431 3910 1504 3975 luce

351 4022 385 4077 et
400 4012 510 4078 colore
525 4022 558 4077 et
575 4013 638 4076 illis
653 4014 769 4095 viginti
784 4014 848 4078 alia
864 4014 949 4081 fiunt
970 4026 1059 4094 nota,
1076 4023 1114 4079 ut
1136 4025 1188 4080 est
1210 4014 1366 4099 possibile
1385 4017 1504 4093 sensui,

351 4137 428 4181 narn
453 4136 569 4181 sensus
590 4117 803 4201 particulares
823 4138 891 4181 non
908 4127 1047 4203 possunt
1069 4119 1112 4183 de
1132 4120 1287 4184 omnibus
1308 4118 1504 4196 certificari;

350 4221 409 4283 sed
446 4220 504 4283 illa
541 4221 656 4305 viginti
694 4224 763 4287 duo
799 4243 918 4286 sensus
954 4223 1158 4307 particularis
1190 4234 1225 4287 et
1254 4224 1439 4287 communis
1469 4234 1504 4289 et

352 4326 545 4408 imaginatio
560 4336 699 4409 possunt
715 4327 997 4408 comprehendere
1011 4328 1084 4390 sine
1098 4347 1216 4404 errore,
1231 4328 1414 4418 dummodo
1425 4338 1503 4392 octo

350 4430 520 4512 praedicta
536 4450 602 4493 non
619 4431 828 4513 egrediantur
844 4440 1153 4515 temperamentum.
1198 4431 1371 4496 Vocantur
1390 4443 1503 4497 autem

383 4575 390 4604 ¹
408 4576 464 4625 The
476 4577 551 4625 ninth
562 4578 695 4627 condition
707 4578 729 4628 is
739 4580 804 4627 situs
814 4580 844 4627 os
852 4580 939 4629 which
951 4581 996 4630 the
1008 4580 1208 4642 consideration,
1219 4597 1249 4631 as
1260 4582 1345 4631 stated
1356 4589 1383 4631 et
1394 4583 1439 4633 the
1451 4584 1503 4633 end

350 4654 381 4703 ol
389 4655 433 4704 the
445 4655 493 4704 last
503 4656 617 4719 chapter,
632 4658 654 4705 is
665 4660 818 4721 postponed.
