3542 5359
391 631 586 692 nonnus
610 631 928 691 PHILOSOPHJA:
961 633 1076 692 rans
1104 633 1269 692 rsnrrn.
1346 651 1407 712 323

254 794 344 857 enim
370 795 413 858 de
436 794 615 859 viantibus
639 792 792 877 gratum¹
820 789 1028 870 iacientibus
1053 796 1096 858 de
1126 794 1193 860 fide
1222 804 1256 858 et
1286 815 1345 879 spe
1372 804 1407 859 et

255 899 392 963 caritate
424 907 459 962 et
489 898 691 980 hujusmodi,
717 899 884 981 possimus
914 920 957 962 ex
988 897 1175 964 Christiana
1204 899 1406 983 professione

255 1004 377 1066 sentire
401 1023 488 1085 quae
517 1004 580 1085 ipsi
603 1002 793 1087 philosophi
819 1003 1017 1080 nescierunt,
1040 1012 1152 1067 tamen
1173 1005 1206 1066 in
1228 1004 1407 1068 virtutibus

255 1125 343 1188 quae
375 1109 595 1171 communiter
624 1107 835 1189 requiruntur
864 1107 907 1170 ad
934 1108 1023 1171 vitae
1052 1106 1273 1184 honestatem,
1299 1117 1334 1172 et
1363 1109 1406 1171 ad

255 1211 523 1274 communionem
551 1211 714 1275 humanae
740 1211 914 1286 societatis,
937 1221 972 1274 et
997 1231 1197 1288 sermonem,
1219 1233 1335 1276 sumus
1358 1213 1407 1275 eis

257 1315 410 1398 impares,
425 1325 459 1377 et
476 1315 631 1398 operibus
651 1316 760 1379 minus
779 1313 938 1392 efficaces,
953 1314 1038 1379 sicut
1063 1314 1274 1379 manifestum
1291 1325 1342 1380 est
1362 1335 1407 1380 ex

256 1418 519 1482 consideratione
540 1417 723 1500 sapientiae
742 1437 842 1502 quam
861 1428 1062 1503 proponunt.
1108 1418 1154 1483 Et
1172 1417 1237 1482 hoc
1256 1429 1307 1483 est
1327 1419 1407 1484 satis

258 1520 473 1604 vituperabile
506 1522 604 1586 nobis
640 1533 675 1586 et
710 1523 802 1588 omni
839 1522 1003 1586 derisione
1040 1520 1279 1606 dignissimum.
1340 1523 1408 1586 Ne·

256 1626 433 1690 emerium
470 1636 558 1690 esset
599 1627 700 1710 igitur
735 1625 1047 1710 philosophantibus
1085 1625 1280 1691 Christianis
1317 1628 1406 1710 quod

257 1731 464 1795 considerent
489 1751 613 1795 meram
640 1731 780 1814 gloriam
810 1751 896 1813 quae
922 1751 943 1794 a
969 1729 1177 1814 philosophis
1201 1733 1407 1816 proponitur.

257 1834 374 1917 Atque
402 1836 444 1899 ad
474 1834 539 1898 hoc
569 1837 756 1900 excitamur
786 1855 846 1917 per
874 1845 1063 1899 sanctorum
1093 1837 1260 1919 exempla.
1317 1836 1408 1900 Nam

257 1940 432 2024 diligenter
459 1949 634 2007 traxemnt
662 1941 706 2005 ad
738 1940 885 2004 divinam
914 1940 1100 2005 doctrinam
1132 1940 1407 2025 philosophomm

259 2038 379 2131 [dicta]
406 2054 441 2108 et
468 2044 615 2109 maxime
643 2063 683 2109 ea
712 2065 797 2128 quae
826 2043 870 2108 ad
903 2063 1010 2107 mores
1034 2053 1069 2107 et
1098 2044 1251 2110 instituta
1276 2045 1409 2109 vivendi

259 2148 477 2230 pertinebant

303 2251 371 2315 Sed
387 2262 422 2316 et
437 2271 535 2316 causa
548 2251 702 2335 specialis
715 2261 767 2315 est
780 2252 870 2335 quod
885 2252 919 2314 in
935 2251 987 2314 his
1005 2250 1097 2315 libris
1113 2249 1262 2318 Senecae
1278 2272 1388 2316 moror
1401 2273 1408 2330 ;
1425 2271 1462 2334 (ι)
1480 2273 1535 2320 The

259 2357 337 2439 quia
351 2356 430 2419 licet
450 2355 639 2438 hujusmodi
659 2355 760 2419 libros
777 2365 968 2440 persecutus
989 2355 1051 2418 sim
1073 2356 1117 2419 ab
1138 2355 1283 2433 infantia,
1298 2368 1411 2420 tamen
1424 2339 1554 2401 ⁶³²¹⁰⁸¹¹⁰⁵

259 2460 362 2523 libros
383 2459 436 2522 De
450 2459 511 2523 Ira
528 2472 563 2525 et
582 2459 644 2522 Ad
655 2459 822 2533 Hdvrhm,
839 2469 874 2523 et
897 2459 967 2525 Cur
984 2458 1074 2524 bonis
1093 2459 1183 2524 mala
1203 2461 1362 2541 accedunt,
1376 2469 1411 2524 et
1424 2403 1578 2518 hieriho&

259 2563 317 2628 An
329 2565 364 2627 in
375 2565 551 2647 sapientem
559 2565 682 2628 cadunt
689 2563 900 2628 contumliae
910 2573 944 2628 et
957 2563 1108 2646 injuriae,
1120 2575 1153 2629 et
1164 2565 1225 2628 Ad
1232 2565 1411 2643 Marciam,
1424 2535 1523 2650 ffi„

259 2678 294 2733 et
308 2668 393 2732 tres²
408 2669 451 2732 ad
471 2668 534 2732 hoc
551 2679 735 2752 sequentes,
749 2688 818 2732 non
833 2669 927 2750 potui
939 2688 1086 2752 unquam
1102 2669 1215 2734 videre
1230 2669 1290 2732 nisi
1306 2687 1410 2744 nunc3

259 2784 295 2838 et
316 2773 428 2836 nescio
449 2774 478 2836 si
500 2774 542 2838 ad
566 2792 685 2836 manus
706 2772 847 2837 Vestrae
870 2770 1004 2836 Gloriae
1027 2783 1253 2854 pervenerunt,
1276 2783 1412 2855 propter

260 2878 349 2960 quod
364 2877 588 2942 abundantius
602 2877 656 2942 hic
670 2877 813 2941 scribere
828 2896 901 2940 sum
918 2886 1067 2940 conatus.

663 3101 888 3167 Carrrunun
912 3098 1006 3163 XVI.

305 3240 434 3305 Seneca
451 3261 531 3325 ergo
550 3243 593 3306 ad
612 3240 784 3305 Paulinum
804 3241 847 3304 de
861 3239 951 3302 vitae
971 3237 1134 3302 brevitate
1149 3259 1225 3303 eum
1240 3240 1413 3304 consolans

260 3346 308 3409 sic
323 3345 437 3428 incipit
455 3366 607 3430 perorare
621 3367 629 3424 ;

306 3450 436 3534 ‘Major
455 3471 532 3535 pars
547 3450 736 3516 mortalium
753 3451 796 3514 de
810 3459 948 3513 naturae
970 3447 1175 3532 malignitate
1194 3449 1415 3532 conqueritur,

262 3557 353 3638 quod
375 3557 409 3619 in
430 3555 589 3639 exiguum
613 3555 685 3620 aevi
711 3555 953 3638 gignimur...
972 3553 1049 3617 Non
1072 3554 1232 3638 exiguum
1256 3556 1415 3638 temporis

262 3659 433 3736 habemus,
454 3661 513 3724 sed
541 3659 684 3723 multum
713 3659 927 3741 perdidimus.
975 3657 1065 3723 Satis
1095 3659 1194 3741 longa
1217 3660 1288 3724 vita
1317 3671 1351 3724 et
1380 3662 1412 3723 in
1430 3674 1542 3724 Extracta-

263 3764 484 3827 maximarum
511 3783 620 3826 rerum
646 3762 963 3826 consummationem
987 3759 1078 3844 large
1106 3763 1185 3826 data
1210 3774 1269 3841 est,
1291 3763 1319 3827 si
1343 3772 1414 3828 tota
1428 3742 1541 3855 {Qu-s

262 3871 349 3932 bene
364 3869 590 3931 collocaretur.
637 3864 705 3930 Sed
721 3866 777 3928 uhi
794 3886 853 3948 per
865 3864 980 3929 luxum
993 3873 1026 3928 et
1038 3863 1276 3948 negligentiam
1289 3867 1415 3945 diffluit,
1429 3870 1545 3934 dialogue

263 3972 320 4037 uhi
344 3969 455 4035 nullae
481 3973 589 4036 bonae
616 3969 660 4034 rei
685 3969 897 4052 impenditur,
920 3968 1039 4032 ultima
1063 3968 1198 4033 demum
1221 3971 1416 4036 necessitate
1430 3939 1555 4052 gemat,

263 4086 415 4160 cogente,
436 4095 538 4158 quam
561 4074 608 4136 ire
630 4095 698 4139 non
720 4072 953 4145 intelleximus,
968 4073 1126 4137 transisse
1147 4076 1317 4140 sentimus.
1364 4075 1417 4139 Ita
1430 4069 1517 4183 {¹¹²²}

264 4191 324 4258 est,
347 4200 414 4243 non
437 4179 627 4260 accepimus
649 4178 782 4241 brevem
805 4179 919 4254 vitam,
941 4175 1001 4240 sed
1027 4174 1185 4256 fecimus;
1217 4196 1277 4242 nec
1303 4177 1417 4260 inopes
1453 4149 1492 4197 ψ’
1522 4168 1528 4178 ’

264 4285 347 4369 ejus,
361 4285 420 4348 sed
440 4283 571 4368 prodigi
587 4303 711 4347 sumus.
759 4281 850 4345 Sicut
865 4280 998 4364 amplae
1014 4290 1047 4344 et
1063 4281 1174 4364 regiae
1195 4301 1284 4364 opes,
1302 4283 1357 4346 ubi
1374 4285 1417 4347 ad

297 4440 304 4468 ¹
321 4438 375 4489 We
386 4439 482 4488 should
494 4445 589 4500 expect
599 4437 724 4496 gratiam
741 4436 786 4484 but
797 4442 898 4498 gratum
911 4435 933 4483 is
945 4435 990 4484 the
1003 4433 1110 4497 reading
1122 4433 1153 4484 oi
1160 4435 1223 4484 both
1236 4434 1313 4485 MSS.

296 4518 307 4547 ¹
321 4519 408 4568 These
422 4533 520 4580 appear
529 4525 557 4566 to
568 4516 610 4573 be,
622 4518 660 4579 (r)
674 4515 714 4563 De
723 4514 846 4563 Brevitate
859 4513 943 4562 Vitae:
969 4515 1006 4577 (a)
1022 4513 1061 4562 De
1075 4514 1131 4562 Vita
1142 4513 1223 4562 Βιαία
1238 4515 1288 4563 and
1306 4515 1346 4564 De
1363 4516 1419 4566 Orio

268 4599 386 4657 (marked
397 4613 427 4646 as
440 4596 550 4644 seventh
562 4595 614 4643 and
625 4594 715 4656 eigbth
728 4593 758 4641 oi
769 4593 814 4642 the
828 4593 971 4654 Dialogues
987 4593 1013 4640 in
1031 4591 1141 4642 Haase's
1156 4593 1214 4654 ed.;
1236 4593 1282 4643 but
1297 4595 1420 4658 formerly

265 4677 395 4739 regarded
406 4690 434 4724 as
446 4675 507 4738 one)
519 4691 526 4722 ε
544 4674 583 4736 (3)
596 4673 636 4722 De
649 4671 836 4735 Tnnqustluare
846 4673 904 4732 (the
916 4672 991 4721 ninth
1003 4672 1124 4734 dialogue
1137 4670 1162 4720 in
1173 4671 1284 4723 Haase's
1295 4675 1356 4738 ed.)

810 4765 835 4814 Y
852 4767 870 4814 2
