3542 5359
543 626 658 686 PARS
681 625 905 686 SECUNDA:
941 624 1028 683 CAP.
1056 623 1108 684 IV.
1347 641 1407 705 475

256 787 393 853 habebit
408 787 651 872 longitudinem
667 787 781 852 stellae
799 809 820 850 a
835 788 914 870 polo
930 789 1052 864 mundi,
1066 797 1100 850 et
1116 786 1238 852 deinde
1253 788 1406 852 observet

255 892 386 958 stellam
407 913 581 975 usquequo
603 893 773 977 perveniat
795 893 837 954 ad
861 891 1017 956 circulum
1041 891 1200 964 meridiei,
1215 901 1248 955 et
1273 901 1406 957 moveat

255 996 428 1075 armillam,
443 1017 543 1079 quam
562 997 652 1081 prius
673 1006 830 1067 moverat,
847 997 955 1060 donec
975 995 1033 1060 liat
1053 995 1277 1078 aequidistans
1293 997 1405 1078 aequi-

256 1097 400 1177 noctiali,
418 1107 453 1160 et
468 1099 516 1161 sic
527 1096 664 1161 habebit
680 1095 920 1180 longitudinem
937 1093 1085 1158 stellaea
1100 1095 1179 1177 polo
1193 1097 1316 1172 mundi,
1327 1116 1404 1158 cum

255 1202 351 1266 stella
367 1201 508 1265 fueritin
524 1201 645 1265 vertice
660 1202 788 1284 capitis.
820 1200 895 1263 Hoc
907 1209 1018 1263 autem
1031 1199 1128 1276 fact0,
1141 1199 1284 1262 inveniet
1298 1219 1405 1262 remo-

255 1307 380 1368 tionem
409 1304 526 1370 stellae
554 1327 575 1369 a
611 1303 691 1388 polo
722 1304 835 1367 mundi
871 1304 963 1387 apud
995 1303 1221 1367 ascensionem
1261 1298 1307 1391 [id
1342 1314 1404 1377 est,

255 1405 379 1496 ortum]
397 1412 558 1473 minorem
582 1408 765 1474 remotione
785 1409 854 1490 ejus
876 1429 896 1471 a
917 1409 995 1491 polo
1020 1407 1135 1470 mundi
1160 1409 1193 1470 in
1213 1407 1296 1471 hora
1317 1409 1403 1470 exis-

254 1516 380 1578 tentiae
397 1515 468 1597 ejus
485 1516 518 1577 in
533 1515 750 1578 verticatione
767 1513 895 1595 capitis.
934 1511 990 1575 Ex
1006 1531 1074 1594 quo
1096 1520 1190 1594 patet
1209 1512 1299 1593 quod
1315 1514 1404 1577 visus

254 1619 506 1701 comprehendit
525 1617 637 1682 stellas
658 1616 781 1680 reflexe
791 1615 813 1695 ¹,
829 1617 863 1679 id
883 1625 945 1695 est,
959 1616 1068 1689 fracte,
1089 1635 1155 1678 non
1175 1624 1283 1680 recte:
1307 1615 1405 1680 stella

254 1723 341 1786 enim
365 1721 434 1785 fixa
456 1743 588 1804 semper
611 1733 762 1785 movetur
784 1741 843 1803 per
865 1722 1008 1784 eundem
1031 1720 1187 1783 circulum
1211 1722 1255 1784 de
1276 1721 1405 1784 circulis

253 1827 556 1910 aequidistantibus
577 1825 747 1908 aequatori
768 1828 843 1900 diei,
859 1835 893 1889 et
915 1844 1083 1907 nunquam
1104 1825 1175 1888 exit
1197 1824 1240 1888 ab
1260 1825 1341 1906 ipso,
1358 1826 1405 1887 ita

255 1933 344 2014 quod
361 1942 530 2016 appareat,
546 1932 608 1995 nisi
624 1933 656 1993 in
672 1931 863 2013 longissimo
882 1939 1039 2012 tempore.
1088 1928 1134 1992 Et
1154 1930 1182 1993 si
1202 1928 1299 1992 stella
1314 1949 1403 1992 com-

254 2036 511 2119 prehenderetur
526 2045 623 2110 recte‚
636 2045 715 2099 tune
731 2036 835 2098 lineae
850 2034 992 2097 radiales
1007 2033 1265 2096 extenderentur
1276 2053 1297 2094 a
1312 2042 1404 2096 recto

252 2142 323 2204 visu
346 2143 390 2205 ad
411 2141 532 2213 stellas,
549 2151 583 2203 et
605 2141 862 2204 extenderentur
882 2137 1008 2200 formae
1027 2136 1198 2200 stellarum
1220 2157 1279 2218 per
1299 2135 1403 2200 lineas

253 2244 392 2309 radiales
420 2255 507 2309 recte
532 2264 707 2326 quousque
732 2244 925 2328 pervenient
946 2243 990 2306 ad
1015 2242 1132 2305 visum.
1179 2240 1224 2303 Et
1246 2241 1273 2304 si
1297 2238 1403 2304 forma

254 2351 488 2412 extenderetur
508 2370 529 2412 a
551 2347 647 2412 stella
667 2349 712 2412 ad
734 2349 841 2410 visum
864 2357 962 2425 recte,
977 2357 1055 2411 tunc
1076 2346 1165 2410 visus
1188 2346 1403 2428 comprehen-

253 2454 348 2516 deret
366 2473 439 2516 eam
456 2453 489 2515 in
504 2474 566 2516 suo
581 2452 664 2532 loco,
679 2463 713 2516 et
729 2454 776 2516 sic
794 2453 953 2516 inveniret
973 2451 1164 2516 distantiam
1184 2450 1299 2514 stellae
1315 2449 1403 2514 fixae

252 2577 273 2619 a
288 2554 367 2638 polo
389 2557 504 2621 mundi
521 2557 555 2620 in
571 2557 688 2620 eadem
708 2567 807 2620 nocte
827 2556 977 2620 eandem.
1022 2554 1090 2620 Sed
1109 2555 1266 2619 distantia
1287 2554 1403 2618 stellae

252 2669 399 2723 mutatur
420 2660 453 2722 in
476 2662 593 2724 eadem
615 2671 713 2725 nocte
732 2681 752 2724 a
775 2661 853 2742 polo
873 2660 997 2733 mundi,
1018 2679 1097 2742 ergo
1120 2661 1208 2722 visus
1229 2679 1295 2722 non
1315 2670 1405 2722 recte

251 2763 503 2846 comprehendit
519 2765 658 2828 stellam.
691 2764 731 2828 In
745 2763 839 2828 coelo
853 2776 966 2828 autem
983 2784 1049 2829 non
1065 2774 1115 2828 est
1130 2784 1248 2846 corpus
1263 2765 1402 2827 densum

252 2876 376 2931 tersum
389 2889 497 2950 neque
512 2869 544 2932 in
560 2888 676 2947 aere‚a
691 2889 758 2950 quo
775 2879 913 2951 possunt
929 2868 1054 2932 formae
1069 2866 1191 2932 reflecti
1204 2867 1225 2930 ².
1264 2867 1309 2932 Et
1326 2887 1402 2931 cum

251 2973 341 3035 visus
372 2993 438 3036 non
467 2973 728 3057 comprehendat
757 2971 888 3037 stellam
919 2982 1017 3049 recte,
1047 2991 1107 3036 nec
1141 2974 1323 3037 secundum
1353 2992 1402 3034 re-

250 3074 439 3158 flexionem,
454 3097 534 3160 ergo
556 3079 737 3141 secundum
761 3076 1001 3155 refractionem,
1023 3097 1098 3140 cum
1121 3077 1173 3139 his
1194 3078 1301 3141 tribus
1323 3076 1402 3140 solis

250 3182 360 3245 modis
370 3181 697 3264 comprehenduntur
712 3201 762 3245 res
777 3203 797 3246 a
811 3179 903 3244 visu.'
935 3181 1028 3245 Haec
1044 3189 1120 3244 sunt
1135 3182 1234 3245 verba
1250 3179 1402 3244 Alhazen

248 3285 281 3348 in
296 3287 448 3370 septimo,

293 3389 454 3455 Similiter
475 3391 623 3456 ostendit
646 3390 727 3455 illud
754 3392 843 3455 idem
870 3413 930 3475 per
955 3392 1080 3470 lunam,
1100 3393 1258 3475 quoniam
1286 3390 1312 3452 si
1343 3410 1403 3472 per

249 3495 543 3577 computationem,
559 3496 593 3559 id
614 3505 675 3573 est,
691 3516 750 3578 per
770 3496 900 3561 tabulas
920 3507 954 3561 et
970 3517 1113 3562 canones
1129 3496 1225 3560 lunae
1243 3496 1401 3560 distantia

249 3617 270 3660 a
288 3600 504 3664 verticatione
522 3600 641 3682 capitis
659 3613 832 3683 aequatur,
845 3613 879 3666 et
900 3601 1049 3666 similiter
1068 3621 1127 3683 per
1145 3603 1400 3664 instrumentum

249 3713 400 3766 sumatur
431 3703 575 3768 altitudo
610 3704 719 3784 lunae,
751 3707 937 3769 invenietur
971 3707 1077 3770 minor
1111 3705 1268 3769 distantia
1302 3703 1401 3766 lunae

248 3826 269 3869 a
290 3807 504 3870 verticatione
526 3808 644 3890 capitis
667 3829 725 3890 per
748 3810 1044 3874 considerationem
1068 3808 1276 3872 instrumenti
1298 3828 1399 3889 quam

248 3930 309 3992 per
331 3911 625 3994 computationem.
670 3912 763 3997 Ergo
785 3913 845 3977 lux
867 3914 968 3978 lunae
990 3934 1056 3978 non
1078 3912 1209 3976 videtur
1231 3923 1320 3976 recte
1341 3932 1400 3995 per

247 4016 314 4079 duo
340 4014 503 4079 foramina
529 4017 737 4080 instrumenti
763 4038 824 4101 per
848 4020 940 4100 quod
968 4019 1109 4082 sumitur
1130 4016 1290 4092 elevati03
1320 4027 1400 4079 tunc

280 4147 363 4196 'The
382 4148 486 4210 printed
505 4149 660 4198 translation
682 4149 714 4197 of
736 4149 851 4199 Alhuen
873 4151 922 4199 has
941 4149 1066 4204 retractu
1091 4149 1137 4197 but
1156 4148 1209 4198 this
1233 4148 1255 4196 is
1275 4149 1400 4210 probably

246 4243 261 4276 a
276 4226 422 4276 correction
437 4227 467 4275 of
479 4228 524 4276 the
539 4228 639 4289 editor;
657 4228 746 4278 Becon
762 4229 863 4278 seldom
880 4244 942 4277 uses
958 4229 1001 4276 the
1016 4229 1090 4277 word
1106 4227 1232 4288 retractio,
1246 4227 1291 4276 but
1305 4228 1401 4291 simply

246 4305 343 4355 fractio.
498 4304 502 4311 '

278 4383 288 4412 ²
303 4383 394 4445 Jebb's
410 4382 507 4432 edition
524 4385 573 4433 bes
584 4385 708 4446 converti,
722 4384 808 4434 which
822 4385 833 4434 l
845 4385 912 4433 have
929 4385 1063 4434 corrected
1080 4385 1145 4433 from
1161 4385 1206 4433 the
1223 4383 1326 4446 printed
1344 4392 1400 4434 text

245 4463 275 4511 of
287 4464 412 4511 Albueu.
447 4463 470 4511 lt
481 4464 536 4512 will
547 4464 581 4513 be
590 4479 664 4523 seen,
674 4464 806 4520 however.
817 4464 853 4526 by
864 4464 997 4512 reference
1009 4472 1037 4513 to
1049 4479 1073 4525 p.
1085 4465 1144 4525 463,
1155 4465 1210 4514 that
1221 4465 1265 4513 the
1278 4465 1399 4516 reflected

246 4558 292 4604 ray
299 4557 355 4590 was
365 4544 515 4591 sometimes
525 4542 627 4604 spoken
637 4542 667 4591 of
674 4557 704 4592 as
714 4559 863 4602 conseram
874 4542 985 4590 another
996 4542 1149 4592 illustration
1158 4542 1187 4591 of
1194 4543 1240 4592 the
1248 4543 1399 4603 ambiguous

244 4636 292 4669 use
303 4622 333 4670 of
341 4623 429 4670 words
441 4621 549 4670 relative
560 4629 589 4670 to
600 4621 651 4671 this
662 4622 768 4682 subject,
781 4621 882 4682 spoken
895 4621 924 4669 of
936 4637 970 4670 ou
984 4637 1008 4684 p.
1023 4623 1079 4685 4⁶2.
1113 4621 1252 4671 Alhazen's
1266 4621 1399 4671 reference

243 4709 271 4751 to
282 4701 358 4749 lunar
368 4700 545 4750 observations
556 4701 731 4763 immediately
742 4700 852 4750 follows.
