3542 5359
415 618 609 681 MORALIS
635 620 953 679 PHILOSOPHIA:
987 619 1102 680 PARS
1130 621 1294 680 TERTIA.
1371 637 1432 698 349

279 804 357 866 ergo
373 783 612 865 rempublicam
627 783 760 864 sapiens
775 783 911 847 accedet
930 783 963 846 in
978 803 1044 864 qua
1064 783 1197 846 assidua
1213 783 1331 846 seditio
1350 777 1431 870 [est]

278 897 311 950 et
334 889 463 970 optimo
485 888 605 969 cuique
628 887 745 951 infesta
766 887 902 951 libertas
927 934 934 948 .
956 936 962 949 .
985 886 1045 951 .Si
1069 907 1262 969 percensere
1284 887 1432 970 singulas

278 991 422 1065 voluero,
439 992 565 1055 nullam
589 992 754 1056 inveniam
778 1011 864 1074 quae
887 992 1073 1072 sapientem
1095 1001 1153 1055 aut
1175 1011 1275 1073 quam
1300 992 1432 1073 sapiens

279 1096 348 1177 pati
364 1096 488 1180 possit?

694 1306 920 1371 Caurruauu
946 1305 1025 1368 XX.

324 1493 421 1557 Nunc
437 1495 471 1557 in
488 1494 554 1559 fine
569 1495 704 1560 inieram
721 1494 831 1579 aliqua
853 1515 898 1558 ex
921 1494 1006 1559 libro
1030 1493 1178 1559 Senecae
1199 1498 1242 1560 ad
1267 1495 1429 1561 Serenum
1445 1518 1523 1568 Pence
1536 1518 1566 1565 0r

279 1598 323 1661 de
338 1599 576 1680 tranquillitate
591 1600 703 1678 animi,
715 1601 794 1682 quia
811 1601 893 1663 haec
908 1599 1087 1663 comitatur
1101 1598 1205 1663 vitam
1222 1602 1354 1664 beatam
1367 1622 1375 1679 ;
1397 1609 1430 1666 et
1443 1583 1521 1698 {2¹¹}ssss

279 1712 407 1767 certum
430 1712 480 1766 est
502 1705 593 1785 quod
616 1723 683 1767 non
707 1712 818 1787 potest
840 1704 874 1768 in
896 1703 958 1767 hac
981 1705 1050 1768 vita
1073 1704 1245 1768 beatitudo
1268 1704 1431 1786 possibilis
1445 1713 1562 1764 Senecas

280 1804 392 1887 perfici
408 1807 477 1870 sine
490 1807 592 1870 animi
616 1807 865 1890 tranquillitate.
910 1806 982 1869 Nec
1005 1809 1074 1870 vita
1096 1829 1194 1871 verae
1216 1808 1432 1872 beatitudinis
1444 1780 1578 1896 {lifssffi

281 1908 409 1974 suturae
435 1910 655 1993 complebitur
679 1913 749 1976 sine
775 1911 840 1989 illa,
863 1932 930 1992 qua
953 1911 1069 1975 habita
1090 1932 1223 1976 necesse
1246 1923 1296 1976 est
1319 1913 1432 1977 omnia
1447 1911 1574 1988 qurltiiate

280 2015 419 2077 adversa
442 2014 575 2079 tolerari
599 2037 698 2098 posse
724 2017 767 2080 de
794 2016 890 2080 sacili
937 2015 1004 2080 Sed
1036 2017 1112 2098 quia
1143 2037 1204 2080 nos
1229 2037 1295 2082 non
1326 2018 1432 2100 magis
1446 1979 1538 2026 Animi.

280 2117 457 2181 adulamus
481 2116 553 2183 aliis
576 2140 677 2202 quam
702 2120 798 2183 nobis
822 2120 911 2201 ipsis,
936 2130 971 2183 et
999 2120 1115 2182 salsam
1143 2119 1244 2183 animi
1271 2121 1433 2186 laetitIam

280 2222 361 2284 vitia
399 2233 513 2288 nostra
550 2222 719 2307 palliando
757 2225 922 2298 metimur,
954 2225 1030 2287 ideo
1060 2225 1139 2289 dicit
1162 2245 1260 2307 porro
1290 2226 1433 2310 egregie,

281 2327 520 2391 ‘Familiariter
546 2329 730 2392 domestica
757 2329 945 2412 aspicimus,
970 2339 1003 2392 et
1033 2349 1165 2412 semper
1184 2328 1311 2412 judicio
1341 2329 1509 2408 lavorcap.
1525 2356 1546 2392 1.

280 2429 391 2493 officit
437 2431 523 2496 Puto
553 2433 675 2496 multos
705 2434 854 2516 potuisse
882 2435 926 2497 ad
951 2433 1147 2515 sapientiam
1174 2436 1342 2515 pervenire
1372 2435 1433 2499 nisi

281 2545 453 2615 putassent
478 2557 515 2600 se
537 2537 731 2620 pervenisse,
755 2537 816 2602 nisi
843 2539 1009 2620 quaedam
1037 2537 1070 2601 in
1098 2558 1135 2601 se
1164 2539 1435 2614 dissimulassem,

281 2640 446 2718 quaedam
470 2641 594 2722 opertis
617 2641 721 2706 oculis
745 2642 996 2706 transiluissent.
1056 2641 1134 2704 Non
1157 2652 1209 2705 est
1232 2643 1320 2706 enim
1343 2643 1433 2725 quod

282 2743 389 2823 magis
415 2743 524 2807 aliena
547 2745 676 2826 judices
701 2746 895 2810 adulatione
928 2740 1018 2832 [nos]
1045 2747 1150 2826 perire
1180 2766 1280 2827 quam
1312 2757 1432 2810 nostra

282 2847 365 2930 Quis
380 2848 442 2911 sibi
457 2868 572 2912 verum
587 2850 697 2912 dicere
712 2869 810 2913 ausus
829 2855 900 2912 est?
946 2849 1029 2932 Quis
1044 2869 1110 2912 non
1127 2851 1212 2913 inter
1226 2850 1432 2917 laudantium

280 2951 588 3034 blandientiumque
614 2955 742 3037 positus
767 2974 885 3037 greges
912 2955 1091 3037 plurimum
1121 2963 1235 3018 tamen
1267 2954 1331 3018 sibi
1362 2957 1433 3038 ipse

281 3056 474 3121 adsentatus
489 3067 539 3120 est
549 3055 581 3120 ?'

326 3159 445 3243 ‘Quod
462 3162 640 3238 desideras,
657 3161 789 3237 Serene,
806 3183 965 3245 magnum
986 3172 1020 3226 et
1042 3183 1208 3228 summum
1224 3173 1275 3228 est
1291 3163 1433 3247 Deoque
1446 3181 1508 3248 Cap.
1523 3197 1543 3232 ι.

282 3263 433 3342 vicinum,
454 3285 520 3328 non
543 3267 684 3330 concuti.
728 3266 825 3330 Hanc
851 3268 1005 3331 stabilem
1037 3268 1137 3330 animi
1167 3268 1281 3332 sedem
1315 3267 1433 3332 Graeci

282 3367 444 3446 ‹iduuiou1
473 3380 603 3446 vocant,
627 3372 670 3434 de
692 3391 759 3453 qua
782 3372 969 3435 Democriti
991 3371 1147 3436 volumen
1170 3373 1338 3456 egregium
1362 3383 1433 3447 est;

281 3492 344 3555 ego
360 3473 633 3554 tranquillitatem
645 3494 749 3539 voco.
767 3523 774 3538 .
791 3524 798 3539 .
816 3476 907 3558 Ergo
919 3478 1107 3559 quaerimus
1118 3480 1289 3558 quomodo
1304 3478 1433 3540 animus

281 3597 412 3660 semper
433 3577 580 3658 aequalis
602 3581 816 3662 secundoque
839 3600 934 3644 cursu
958 3591 1022 3659 eat,
1045 3582 1273 3664 propitiusque
1295 3581 1358 3644 sibi
1381 3583 1433 3660 sit,

282 3692 317 3746 et
338 3701 399 3743 sua
421 3681 527 3744 laetus
549 3683 698 3765 aspiciat,
714 3694 748 3748 et
770 3685 835 3748 hoc
857 3683 1017 3766 gaudium
1041 3705 1108 3748 non
1131 3685 1359 3767 interrumpat,
1374 3687 1432 3749 sed

202 3840 207 3848 .
282 3783 414 3867 placido
429 3796 518 3849 statu
536 3798 668 3851 maneat
684 3808 744 3850 nec
761 3787 918 3852 attollens
934 3809 970 3852 se
985 3807 1132 3870 unquam
1149 3809 1209 3851 nec
1224 3789 1433 3870 deprimens;

282 3889 316 3951 id
342 3889 561 3971 tranquillitas
589 3891 671 3955 erit’
728 3890 774 3956 Et
804 3893 912 3975 primo
942 3894 1048 3976 tangit
1081 3893 1161 3956 vitia
1195 3893 1314 3956 mentis
1348 3913 1434 3976 quae

281 3993 403 4058 tollunt
433 3993 715 4076 tranquillitatem,
744 4005 781 4059 ut
810 4017 850 4059 ea
882 3997 1025 4061 sciamus
1055 3995 1168 4072 vitare,
1196 4007 1360 4078 quatenus
1390 3997 1433 4060 ad

281 4108 406 4161 statum
437 4098 562 4163 animi²
591 4101 776 4165 redeamus.
823 4101 916 4164 Dicit
945 4120 1043 4183 ergo:
1073 4098 1180 4163 ‘Sunt
1211 4099 1267 4181 qui
1300 4097 1434 4163 levitate

281 4212 447 4265 vexantur
468 4223 508 4267 ac
534 4205 647 4268 taedio
676 4205 875 4286 assiduaque
905 4206 1090 4269 mutatione
1121 4204 1280 4286 propositi
1314 4204 1434 4286 quibus

283 4325 413 4389 semper
434 4306 542 4390 placet
564 4309 655 4388 quod
678 4308 881 4391 reliquerunt
906 4355 913 4370 .
936 4357 944 4373 .
970 4357 976 4370 .
1001 4316 1149 4371 marcent
1179 4316 1213 4373 et
1243 4308 1433 4372 oscitantur.

283 4409 403 4494 Adjice
426 4411 557 4493 eosqui
584 4431 650 4476 non
672 4413 766 4478 aliter
785 4434 886 4496 quam
909 4412 1028 4495 quibus
1053 4411 1192 4475 difficilis
1215 4431 1351 4476 somnus
1374 4423 1434 4488 est,

316 4589 325 4617 ¹
342 4588 407 4637 'liris
423 4589 497 4637 word
514 4590 537 4638 is
556 4590 706 4654 hopelessly
723 4591 851 4653 mis-spelt
868 4591 894 4639 in
908 4590 939 4642 D.
952 4592 1004 4640 end
1017 4591 1050 4649 Ο,
1063 4591 1115 4639 end
1133 4589 1155 4640 is
1174 4590 1200 4639 in
1219 4589 1319 4639 Roman
1337 4591 1434 4641 letters.

315 4667 325 4693 ²
342 4666 423 4716 Some
434 4669 498 4717 such
509 4671 584 4719 word
594 4685 623 4720 as
634 4669 710 4732 hunc,
724 4686 755 4719 or
765 4670 878 4733 priorem
890 4684 976 4718 seems
987 4669 1103 4731 missing.
