<?xml version="1.0" encoding="UTF-8"?>
<!DOCTYPE html PUBLIC "-//W3C//DTD XHTML 1.0 Transitional//EN"
    "http://www.w3.org/TR/xhtml1/DTD/xhtml1-transitional.dtd">
<html xmlns="http://www.w3.org/1999/xhtml" xml:lang="en" lang="en">
 <head>
  <title>
</title>
<meta http-equiv="Content-Type" content="text/html;charset=utf-8" />
  <meta name='ocr-system' content='tesseract 3.04.00' />
  <meta name='ocr-capabilities' content='ocr_page ocr_carea ocr_par ocr_line ocrx_word'/>
</head>
<body>
  <div class='ocr_page' id='page_1' title='image "./opusmajusrogerb02bridgoog/opusmajusrogerb02bridgoog_0402.png"; bbox 0 0 3542 5359; ppageno 0'>
   <div class='ocr_carea' id='block_1_1' title="bbox 365 591 1391 670">
    <p class='ocr_par' dir='ltr' id='par_1_1' title="bbox 365 591 1391 670">
     <span class='ocr_line' id='line_1_1' title="bbox 365 591 1391 670; baseline -0.005 -13"><span class='ocrx_word' id='word_1_1' title='bbox 365 598 561 657; x_wconf 67' lang='lat' dir='ltr'><strong>nonnus</strong></span> <span class='ocrx_word' id='word_1_2' title='bbox 586 596 903 657; x_wconf 72' lang='lat' dir='ltr'><strong>Parrosofflm:</strong></span> <span class='ocrx_word' id='word_1_3' title='bbox 941 597 1055 656; x_wconf 66' lang='lat' dir='ltr'><strong>Pras</strong></span> <span class='ocrx_word' id='word_1_4' title='bbox 1080 595 1263 670; x_wconf 69' lang='lat' dir='ltr'><strong>Qunam.</strong></span> <span class='ocrx_word' id='word_1_5' title='bbox 1331 591 1391 670; x_wconf 79' lang='lat'><strong>383</strong></span> 
     </span>
    </p>
   </div>
   <div class='ocr_carea' id='block_1_2' title="bbox 239 757 1560 3769">
    <p class='ocr_par' dir='ltr' id='par_1_2' title="bbox 239 757 1390 1138">
     <span class='ocr_line' id='line_1_2' title="bbox 239 757 1390 843; baseline -0.003 -19"><span class='ocrx_word' id='word_1_6' title='bbox 239 761 421 825; x_wconf 86' lang='lat' dir='ltr'><strong>duratione.</strong></span> <span class='ocrx_word' id='word_1_7' title='bbox 468 760 564 843; x_wconf 84' lang='lat' dir='ltr'><strong>Quae</strong></span> <span class='ocrx_word' id='word_1_8' title='bbox 594 781 669 825; x_wconf 90' lang='lat' dir='ltr'><strong>cum</strong></span> <span class='ocrx_word' id='word_1_9' title='bbox 692 761 739 824; x_wconf 90' lang='lat' dir='ltr'><strong>ita</strong></span> <span class='ocrx_word' id='word_1_10' title='bbox 768 761 844 834; x_wconf 90' lang='lat' dir='ltr'><strong>sint,</strong></span> <span class='ocrx_word' id='word_1_11' title='bbox 869 780 1001 824; x_wconf 87' lang='lat' dir='ltr'><strong>necesse</strong></span> <span class='ocrx_word' id='word_1_12' title='bbox 1027 771 1077 825; x_wconf 88' lang='lat' dir='ltr'><strong>est</strong></span> <span class='ocrx_word' id='word_1_13' title='bbox 1103 759 1230 823; x_wconf 92' lang='lat' dir='ltr'><strong>homini</strong></span> <span class='ocrx_word' id='word_1_14' title='bbox 1254 769 1291 822; x_wconf 94' lang='lat' dir='ltr'><strong>ut</strong></span> <span class='ocrx_word' id='word_1_15' title='bbox 1310 757 1390 820; x_wconf 89' lang='lat' dir='ltr'><strong>velit</strong></span> 
     </span>
     <span class='ocr_line' id='line_1_3' title="bbox 242 861 1389 948; baseline -0.003 -20"><span class='ocrx_word' id='word_1_16' title='bbox 242 866 316 929; x_wconf 90' lang='lat' dir='ltr'><strong>Deo</strong></span> <span class='ocrx_word' id='word_1_17' title='bbox 345 867 477 947; x_wconf 90' lang='lat' dir='ltr'><strong>placere</strong></span> <span class='ocrx_word' id='word_1_18' title='bbox 506 865 596 948; x_wconf 91' lang='lat' dir='ltr'><strong>quod</strong></span> <span class='ocrx_word' id='word_1_19' title='bbox 625 864 726 928; x_wconf 83' lang='lat' dir='ltr'><strong>saciat</strong></span> <span class='ocrx_word' id='word_1_20' title='bbox 755 864 827 947; x_wconf 88' lang='lat' dir='ltr'><strong>ejus</strong></span> <span class='ocrx_word' id='word_1_21' title='bbox 856 864 1075 940; x_wconf 87' lang='lat' dir='ltr'><strong>voluntatem,</strong></span> <span class='ocrx_word' id='word_1_22' title='bbox 1099 874 1263 948; x_wconf 88' lang='lat' dir='ltr'><strong>quatenus</strong></span> <span class='ocrx_word' id='word_1_23' title='bbox 1288 862 1317 924; x_wconf 92' lang='lat' dir='ltr'><strong>ei</strong></span> <span class='ocrx_word' id='word_1_24' title='bbox 1342 861 1389 924; x_wconf 92' lang='lat' dir='ltr'><strong>sic</strong></span> 
     </span>
     <span class='ocr_line' id='line_1_4' title="bbox 239 965 1389 1052; baseline -0.003 -20"><span class='ocrx_word' id='word_1_25' title='bbox 239 970 360 1033; x_wconf 90' lang='lat' dir='ltr'><strong>serviat</strong></span> <span class='ocrx_word' id='word_1_26' title='bbox 375 981 412 1033; x_wconf 91' lang='lat' dir='ltr'><strong>ut</strong></span> <span class='ocrx_word' id='word_1_27' title='bbox 433 970 538 1052; x_wconf 80' lang='lat' dir='ltr'><strong>fugiat</strong></span> <span class='ocrx_word' id='word_1_28' title='bbox 559 989 702 1052; x_wconf 88' lang='lat' dir='ltr'><strong>poenam</strong></span> <span class='ocrx_word' id='word_1_29' title='bbox 725 968 976 1046; x_wconf 82' lang='lat' dir='ltr'>intolerabilem,</span> <span class='ocrx_word' id='word_1_30' title='bbox 991 978 1026 1032; x_wconf 88' lang='lat' dir='ltr'><strong>et</strong></span> <span class='ocrx_word' id='word_1_31' title='bbox 1046 978 1264 1050; x_wconf 84' lang='lat' dir='ltr'><strong>consequatur</strong></span> <span class='ocrx_word' id='word_1_32' title='bbox 1283 965 1389 1030; x_wconf 89' lang='lat' dir='ltr'><strong>beati·</strong></span> 
     </span>
     <span class='ocr_line' id='line_1_5' title="bbox 239 1071 575 1138; baseline 0.006 -2"><span class='ocrx_word' id='word_1_33' title='bbox 239 1075 389 1136; x_wconf 86' lang='lat' dir='ltr'><strong>tudinem</strong></span> <span class='ocrx_word' id='word_1_34' title='bbox 407 1071 575 1138; x_wconf 88' lang='lat' dir='ltr'><strong>infinitam.</strong></span> 
     </span>
    </p>

    <p class='ocr_par' dir='ltr' id='par_1_3' title="bbox 240 1177 1560 2200">
     <span class='ocr_line' id='line_1_6' title="bbox 285 1177 1532 1268; baseline 0.004 -26"><span class='ocrx_word' id='word_1_35' title='bbox 285 1178 321 1242; x_wconf 92' lang='lat' dir='ltr'><strong>Si</strong></span> <span class='ocrx_word' id='word_1_36' title='bbox 342 1198 421 1241; x_wconf 89' lang='lat' dir='ltr'><strong>vero</strong></span> <span class='ocrx_word' id='word_1_37' title='bbox 444 1188 576 1262; x_wconf 84' lang='lat' dir='ltr'>oportet</span> <span class='ocrx_word' id='word_1_38' title='bbox 603 1179 770 1242; x_wconf 93' lang='lat' dir='ltr'><strong>hominem</strong></span> <span class='ocrx_word' id='word_1_39' title='bbox 799 1178 906 1242; x_wconf 81' lang='lat' dir='ltr'><strong>facere</strong></span> <span class='ocrx_word' id='word_1_40' title='bbox 929 1179 1136 1242; x_wconf 89' lang='lat' dir='ltr'><strong>voluntatem</strong></span> <span class='ocrx_word' id='word_1_41' title='bbox 1161 1177 1224 1240; x_wconf 90' lang='lat' dir='ltr'><strong>Dei</strong></span> <span class='ocrx_word' id='word_1_42' title='bbox 1254 1187 1389 1260; x_wconf 88' lang='lat' dir='ltr'><strong>propter</strong></span> <span class='ocrx_word' id='word_1_43' title='bbox 1402 1182 1532 1268; x_wconf 62' lang='lat' dir='ltr'><strong>Necesslty</strong></span> 
     </span>
     <span class='ocr_line' id='line_1_7' title="bbox 240 1249 1529 1365; baseline -0.002 -18"><span class='ocrx_word' id='word_1_44' title='bbox 240 1303 356 1347; x_wconf 89' lang='lat' dir='ltr'><strong>causas</strong></span> <span class='ocrx_word' id='word_1_45' title='bbox 367 1284 484 1359; x_wconf 91' lang='lat' dir='ltr'><strong>dictas,</strong></span> <span class='ocrx_word' id='word_1_46' title='bbox 495 1281 619 1346; x_wconf 88' lang='lat' dir='ltr'><strong>scilicet</strong></span> <span class='ocrx_word' id='word_1_47' title='bbox 630 1284 829 1365; x_wconf 85' lang='lat' dir='ltr'><strong>dignitatem</strong></span> <span class='ocrx_word' id='word_1_48' title='bbox 842 1282 1025 1363; x_wconf 89' lang='lat' dir='ltr'><strong>majestatis</strong></span> <span class='ocrx_word' id='word_1_49' title='bbox 1039 1283 1195 1356; x_wconf 88' lang='lat' dir='ltr'><strong>infinitae,</strong></span> <span class='ocrx_word' id='word_1_50' title='bbox 1206 1292 1239 1346; x_wconf 89' lang='lat' dir='ltr'><strong>et</strong></span> <span class='ocrx_word' id='word_1_51' title='bbox 1252 1292 1389 1364; x_wconf 87' lang='lat' dir='ltr'><strong>propter</strong></span> <span class='ocrx_word' id='word_1_52' title='bbox 1401 1249 1529 1364; x_wconf 53' lang='lat' dir='ltr'><strong>ffiffff&#39;</strong></span> 
     </span>
     <span class='ocr_line' id='line_1_8' title="bbox 240 1381 1481 1495; baseline 0.001 -45"><span class='ocrx_word' id='word_1_53' title='bbox 240 1385 437 1450; x_wconf 85' lang='lat' dir='ltr'><strong>beneficium</strong></span> <span class='ocrx_word' id='word_1_54' title='bbox 464 1389 641 1451; x_wconf 83' lang='lat' dir='ltr'><strong>creationis</strong></span> <span class='ocrx_word' id='word_1_55' title='bbox 666 1399 701 1452; x_wconf 87' lang='lat' dir='ltr'><strong>et</strong></span> <span class='ocrx_word' id='word_1_56' title='bbox 728 1389 984 1452; x_wconf 84' lang='lat' dir='ltr'><strong>conservationis</strong></span> <span class='ocrx_word' id='word_1_57' title='bbox 1015 1388 1050 1450; x_wconf 94' lang='lat' dir='ltr'><strong>in</strong></span> <span class='ocrx_word' id='word_1_58' title='bbox 1080 1407 1152 1451; x_wconf 89' lang='lat' dir='ltr'><strong>esse</strong></span> <span class='ocrx_word' id='word_1_59' title='bbox 1181 1397 1328 1464; x_wconf 88' lang='lat' dir='ltr'><strong>naturae,</strong></span> <span class='ocrx_word' id='word_1_60' title='bbox 1355 1397 1390 1451; x_wconf 90' lang='lat' dir='ltr'><strong>et</strong></span> <span class='ocrx_word' id='word_1_61' title='bbox 1401 1381 1481 1495; x_wconf 67' lang='lat' dir='ltr'>¹⁰W⁵F³</span> 
     </span>
     <span class='ocr_line' id='line_1_9' title="bbox 241 1449 1560 1575; baseline 0 -22"><span class='ocrx_word' id='word_1_62' title='bbox 241 1501 375 1573; x_wconf 92' lang='lat' dir='ltr'><strong>propter</strong></span> <span class='ocrx_word' id='word_1_63' title='bbox 396 1492 645 1556; x_wconf 88' lang='lat' dir='ltr'><strong>retributionem</strong></span> <span class='ocrx_word' id='word_1_64' title='bbox 672 1491 826 1570; x_wconf 78' lang='lat' dir='ltr'><strong>futuram,</strong></span> <span class='ocrx_word' id='word_1_65' title='bbox 841 1502 921 1555; x_wconf 91' lang='lat' dir='ltr'><strong>tunc</strong></span> <span class='ocrx_word' id='word_1_66' title='bbox 940 1501 1073 1575; x_wconf 88' lang='lat' dir='ltr'><strong>oportet</strong></span> <span class='ocrx_word' id='word_1_67' title='bbox 1096 1493 1187 1574; x_wconf 92' lang='lat' dir='ltr'><strong>quod</strong></span> <span class='ocrx_word' id='word_1_68' title='bbox 1210 1449 1560 1573; x_wconf 50' lang='lat' dir='ltr'><strong>cognoscatiiicosiiffoe</strong></span> 
     </span>
     <span class='ocr_line' id='line_1_10' title="bbox 240 1577 1557 1694; baseline 0.002 -38"><span class='ocrx_word' id='word_1_69' title='bbox 240 1596 386 1657; x_wconf 93' lang='lat' dir='ltr'><strong>divinam</strong></span> <span class='ocrx_word' id='word_1_70' title='bbox 409 1597 626 1675; x_wconf 87' lang='lat' dir='ltr'><strong>voluntatem,</strong></span> <span class='ocrx_word' id='word_1_71' title='bbox 640 1605 674 1660; x_wconf 91' lang='lat' dir='ltr'><strong>et</strong></span> <span class='ocrx_word' id='word_1_72' title='bbox 695 1618 734 1659; x_wconf 91' lang='lat' dir='ltr'><strong>ea</strong></span> <span class='ocrx_word' id='word_1_73' title='bbox 752 1616 840 1678; x_wconf 91' lang='lat' dir='ltr'><strong>quae</strong></span> <span class='ocrx_word' id='word_1_74' title='bbox 863 1596 927 1659; x_wconf 91' lang='lat' dir='ltr'><strong>Dei</strong></span> <span class='ocrx_word' id='word_1_75' title='bbox 951 1607 1037 1674; x_wconf 92' lang='lat' dir='ltr'><strong>sunt,</strong></span> <span class='ocrx_word' id='word_1_76' title='bbox 1058 1605 1092 1661; x_wconf 93' lang='lat' dir='ltr'><strong>et</strong></span> <span class='ocrx_word' id='word_1_77' title='bbox 1114 1607 1239 1660; x_wconf 91' lang='lat' dir='ltr'><strong>statum</strong></span> <span class='ocrx_word' id='word_1_78' title='bbox 1261 1597 1389 1669; x_wconf 77' lang='lat' dir='ltr'><strong>suturae</strong></span> <span class='ocrx_word' id='word_1_79' title='bbox 1402 1577 1557 1694; x_wconf 54' lang='lat' dir='ltr'><strong>ffiffi‘gfss</strong></span> 
     </span>
     <span class='ocr_line' id='line_1_11' title="bbox 240 1697 1391 1784; baseline 0.004 -26"><span class='ocrx_word' id='word_1_80' title='bbox 240 1697 406 1762; x_wconf 75' lang='lat' dir='ltr'><strong>felicitatis</strong></span> <span class='ocrx_word' id='word_1_81' title='bbox 424 1709 458 1763; x_wconf 90' lang='lat' dir='ltr'><strong>et</strong></span> <span class='ocrx_word' id='word_1_82' title='bbox 478 1701 639 1764; x_wconf 87' lang='lat' dir='ltr'><strong>miseriae.</strong></span> <span class='ocrx_word' id='word_1_83' title='bbox 684 1699 752 1764; x_wconf 91' lang='lat' dir='ltr'><strong>Sed</strong></span> <span class='ocrx_word' id='word_1_84' title='bbox 776 1700 858 1765; x_wconf 93' lang='lat' dir='ltr'><strong>haec</strong></span> <span class='ocrx_word' id='word_1_85' title='bbox 879 1721 946 1764; x_wconf 94' lang='lat' dir='ltr'><strong>non</strong></span> <span class='ocrx_word' id='word_1_86' title='bbox 968 1710 1080 1783; x_wconf 90' lang='lat' dir='ltr'><strong>potest</strong></span> <span class='ocrx_word' id='word_1_87' title='bbox 1101 1700 1203 1764; x_wconf 91' lang='lat' dir='ltr'><strong>homo</strong></span> <span class='ocrx_word' id='word_1_88' title='bbox 1226 1702 1308 1764; x_wconf 86' lang='lat' dir='ltr'><strong>scire</strong></span> <span class='ocrx_word' id='word_1_89' title='bbox 1330 1720 1391 1784; x_wconf 93' lang='lat' dir='ltr'><strong>per</strong></span> 
     </span>
     <span class='ocr_line' id='line_1_12' title="bbox 240 1803 1390 1889; baseline 0.004 -25"><span class='ocrx_word' id='word_1_90' title='bbox 240 1823 275 1865; x_wconf 84' lang='lat' dir='ltr'><strong>se</strong></span> <span class='ocrx_word' id='word_1_91' title='bbox 298 1803 427 1885; x_wconf 83' lang='lat' dir='ltr'><strong>ipsum3</strong></span> <span class='ocrx_word' id='word_1_92' title='bbox 450 1805 541 1886; x_wconf 90' lang='lat' dir='ltr'><strong>quod</strong></span> <span class='ocrx_word' id='word_1_93' title='bbox 566 1804 778 1868; x_wconf 83' lang='lat' dir='ltr'><strong>manifestum</strong></span> <span class='ocrx_word' id='word_1_94' title='bbox 801 1816 852 1870; x_wconf 75' lang='lat' dir='ltr'><strong>est</strong></span> <span class='ocrx_word' id='word_1_95' title='bbox 874 1814 1010 1889; x_wconf 90' lang='lat' dir='ltr'><strong>propter</strong></span> <span class='ocrx_word' id='word_1_96' title='bbox 1033 1825 1160 1868; x_wconf 90' lang='lat' dir='ltr'><strong>errores</strong></span> <span class='ocrx_word' id='word_1_97' title='bbox 1182 1814 1216 1867; x_wconf 91' lang='lat' dir='ltr'><strong>et</strong></span> <span class='ocrx_word' id='word_1_98' title='bbox 1238 1805 1390 1870; x_wconf 88' lang='lat' dir='ltr'><strong>haereses</strong></span> 
     </span>
     <span class='ocr_line' id='line_1_13' title="bbox 241 1907 1389 1990; baseline 0.003 -22"><span class='ocrx_word' id='word_1_99' title='bbox 241 1916 274 1970; x_wconf 93' lang='lat' dir='ltr'><strong>et</strong></span> <span class='ocrx_word' id='word_1_100' title='bbox 294 1907 510 1984; x_wconf 77' lang='lat' dir='ltr'><strong>diversitates,</strong></span> <span class='ocrx_word' id='word_1_101' title='bbox 526 1908 629 1972; x_wconf 90' lang='lat' dir='ltr'><strong>immo</strong></span> <span class='ocrx_word' id='word_1_102' title='bbox 651 1909 902 1972; x_wconf 88' lang='lat' dir='ltr'><strong>contrarietates</strong></span> <span class='ocrx_word' id='word_1_103' title='bbox 917 1917 1082 1972; x_wconf 90' lang='lat' dir='ltr'><strong>sectarum</strong></span> <span class='ocrx_word' id='word_1_104' title='bbox 1099 1909 1340 1990; x_wconf 89' lang='lat' dir='ltr'><strong>principalium,</strong></span> <span class='ocrx_word' id='word_1_105' title='bbox 1355 1922 1389 1972; x_wconf 89' lang='lat' dir='ltr'><strong>et</strong></span> 
     </span>
     <span class='ocr_line' id='line_1_14' title="bbox 241 2009 1390 2096; baseline 0.004 -23"><span class='ocrx_word' id='word_1_106' title='bbox 241 2031 306 2074; x_wconf 90' lang='lat' dir='ltr'><strong>non</strong></span> <span class='ocrx_word' id='word_1_107' title='bbox 338 2009 445 2074; x_wconf 91' lang='lat' dir='ltr'><strong>solum</strong></span> <span class='ocrx_word' id='word_1_108' title='bbox 482 2011 610 2088; x_wconf 90' lang='lat' dir='ltr'><strong>harum,</strong></span> <span class='ocrx_word' id='word_1_109' title='bbox 639 2014 697 2077; x_wconf 89' lang='lat' dir='ltr'><strong>sed</strong></span> <span class='ocrx_word' id='word_1_110' title='bbox 732 2022 869 2096; x_wconf 90' lang='lat' dir='ltr'><strong>propter</strong></span> <span class='ocrx_word' id='word_1_111' title='bbox 898 2012 1054 2076; x_wconf 87' lang='lat' dir='ltr'><strong>articulos</strong></span> <span class='ocrx_word' id='word_1_112' title='bbox 1092 2012 1240 2094; x_wconf 88' lang='lat' dir='ltr'><strong>ejusdem</strong></span> <span class='ocrx_word' id='word_1_113' title='bbox 1279 2023 1390 2077; x_wconf 87' lang='lat' dir='ltr'><strong>sectae</strong></span> 
     </span>
     <span class='ocr_line' id='line_1_15' title="bbox 241 2115 1388 2200; baseline 0.003 -24"><span class='ocrx_word' id='word_1_114' title='bbox 241 2115 439 2199; x_wconf 81' lang='lat' dir='ltr'><strong>principalis,</strong></span> <span class='ocrx_word' id='word_1_115' title='bbox 484 2117 588 2200; x_wconf 85' lang='lat' dir='ltr'><strong>Apud</strong></span> <span class='ocrx_word' id='word_1_116' title='bbox 605 2119 694 2181; x_wconf 90' lang='lat' dir='ltr'><strong>enim</strong></span> <span class='ocrx_word' id='word_1_117' title='bbox 710 2115 915 2182; x_wconf 86' lang='lat' dir='ltr'><strong>Christianos</strong></span> <span class='ocrx_word' id='word_1_118' title='bbox 930 2117 1082 2181; x_wconf 90' lang='lat' dir='ltr'><strong>videmus</strong></span> <span class='ocrx_word' id='word_1_119' title='bbox 1102 2126 1152 2179; x_wconf 92' lang='lat' dir='ltr'><strong>tot</strong></span> <span class='ocrx_word' id='word_1_120' title='bbox 1172 2117 1388 2181; x_wconf 85' lang='lat' dir='ltr'><strong>diversitates.</strong></span> 
     </span>
    </p>

    <p class='ocr_par' dir='ltr' id='par_1_4' title="bbox 240 2218 1390 3769">
     <span class='ocr_line' id='line_1_16' title="bbox 243 2218 1390 2304; baseline 0.001 -23"><span class='ocrx_word' id='word_1_121' title='bbox 243 2218 332 2282; x_wconf 85' lang='lat' dir='ltr'><strong>Nam</strong></span> <span class='ocrx_word' id='word_1_122' title='bbox 348 2221 482 2302; x_wconf 90' lang='lat' dir='ltr'><strong>quidam</strong></span> <span class='ocrx_word' id='word_1_123' title='bbox 504 2230 582 2285; x_wconf 90' lang='lat' dir='ltr'><strong>sunt</strong></span> <span class='ocrx_word' id='word_1_124' title='bbox 595 2221 762 2299; x_wconf 90' lang='lat' dir='ltr'><strong>haeretici,</strong></span> <span class='ocrx_word' id='word_1_125' title='bbox 778 2222 912 2304; x_wconf 89' lang='lat' dir='ltr'><strong>quidam</strong></span> <span class='ocrx_word' id='word_1_126' title='bbox 934 2221 1144 2294; x_wconf 89' lang='lat' dir='ltr'><strong>schismatici,</strong></span> <span class='ocrx_word' id='word_1_127' title='bbox 1159 2221 1295 2302; x_wconf 89' lang='lat' dir='ltr'><strong>quidam</strong></span> <span class='ocrx_word' id='word_1_128' title='bbox 1311 2241 1390 2283; x_wconf 92' lang='lat' dir='ltr'><strong>vero</strong></span> 
     </span>
     <span class='ocr_line' id='line_1_17' title="bbox 241 2322 1390 2390; baseline 0.002 -3"><span class='ocrx_word' id='word_1_129' title='bbox 241 2322 429 2387; x_wconf 90' lang='lat' dir='ltr'><strong>Christiani.</strong></span> <span class='ocrx_word' id='word_1_130' title='bbox 476 2325 522 2387; x_wconf 86' lang='lat' dir='ltr'><strong>Et</strong></span> <span class='ocrx_word' id='word_1_131' title='bbox 538 2325 776 2389; x_wconf 86' lang='lat' dir='ltr'><strong>haereticorum</strong></span> <span class='ocrx_word' id='word_1_132' title='bbox 792 2326 965 2390; x_wconf 88' lang='lat' dir='ltr'><strong>diversitas</strong></span> <span class='ocrx_word' id='word_1_133' title='bbox 980 2335 1031 2388; x_wconf 91' lang='lat' dir='ltr'><strong>est</strong></span> <span class='ocrx_word' id='word_1_134' title='bbox 1048 2324 1183 2388; x_wconf 84' lang='lat' dir='ltr'><strong>infinita.</strong></span> <span class='ocrx_word' id='word_1_135' title='bbox 1230 2323 1390 2389; x_wconf 91' lang='lat' dir='ltr'><strong>Similiter</strong></span> 
     </span>
     <span class='ocr_line' id='line_1_18' title="bbox 240 2429 1388 2512; baseline 0.004 -22"><span class='ocrx_word' id='word_1_136' title='bbox 240 2430 330 2509; x_wconf 90' lang='lat' dir='ltr'><strong>apud</strong></span> <span class='ocrx_word' id='word_1_137' title='bbox 344 2429 509 2510; x_wconf 89' lang='lat' dir='ltr'><strong>Judaeos:</strong></span> <span class='ocrx_word' id='word_1_138' title='bbox 531 2450 608 2492; x_wconf 90' lang='lat' dir='ltr'><strong>nam</strong></span> <span class='ocrx_word' id='word_1_139' title='bbox 629 2430 766 2512; x_wconf 90' lang='lat' dir='ltr'><strong>quidam</strong></span> <span class='ocrx_word' id='word_1_140' title='bbox 784 2430 918 2495; x_wconf 86' lang='lat' dir='ltr'><strong>luerunt</strong></span> <span class='ocrx_word' id='word_1_141' title='bbox 936 2430 1112 2509; x_wconf 87' lang='lat' dir='ltr'><strong>Pharisaei,</strong></span> <span class='ocrx_word' id='word_1_142' title='bbox 1127 2431 1263 2511; x_wconf 90' lang='lat' dir='ltr'><strong>quidam</strong></span> <span class='ocrx_word' id='word_1_143' title='bbox 1280 2429 1388 2495; x_wconf 88' lang='lat' dir='ltr'><strong>Sadu-</strong></span> 
     </span>
     <span class='ocr_line' id='line_1_19' title="bbox 241 2533 1388 2617; baseline 0.004 -22"><span class='ocrx_word' id='word_1_144' title='bbox 241 2535 319 2609; x_wconf 89' lang='lat' dir='ltr'><strong>caei,</strong></span> <span class='ocrx_word' id='word_1_145' title='bbox 345 2544 379 2598; x_wconf 88' lang='lat' dir='ltr'><strong>et</strong></span> <span class='ocrx_word' id='word_1_146' title='bbox 405 2533 459 2596; x_wconf 89' lang='lat' dir='ltr'><strong>alii</strong></span> <span class='ocrx_word' id='word_1_147' title='bbox 487 2535 724 2598; x_wconf 71' lang='lat' dir='ltr'><strong>contrariantes</strong></span> <span class='ocrx_word' id='word_1_148' title='bbox 746 2536 789 2599; x_wconf 90' lang='lat' dir='ltr'><strong>ad</strong></span> <span class='ocrx_word' id='word_1_149' title='bbox 814 2535 964 2614; x_wconf 90' lang='lat' dir='ltr'><strong>invicem,</strong></span> <span class='ocrx_word' id='word_1_150' title='bbox 989 2547 1025 2598; x_wconf 92' lang='lat' dir='ltr'><strong>ut</strong></span> <span class='ocrx_word' id='word_1_151' title='bbox 1052 2535 1234 2617; x_wconf 86' lang='lat' dir='ltr'><strong>Evangelia</strong></span> <span class='ocrx_word' id='word_1_152' title='bbox 1258 2537 1388 2610; x_wconf 90' lang='lat' dir='ltr'><strong>docent,</strong></span> 
     </span>
     <span class='ocr_line' id='line_1_20' title="bbox 242 2637 1389 2721; baseline 0.002 -21"><span class='ocrx_word' id='word_1_153' title='bbox 242 2648 275 2700; x_wconf 89' lang='lat' dir='ltr'><strong>et</strong></span> <span class='ocrx_word' id='word_1_154' title='bbox 308 2637 472 2720; x_wconf 89' lang='lat' dir='ltr'><strong>Josephus</strong></span> <span class='ocrx_word' id='word_1_155' title='bbox 505 2639 537 2700; x_wconf 91' lang='lat' dir='ltr'><strong>in</strong></span> <span class='ocrx_word' id='word_1_156' title='bbox 571 2638 821 2721; x_wconf 86' lang='lat' dir='ltr'><strong>Antiquitatum</strong></span> <span class='ocrx_word' id='word_1_157' title='bbox 855 2639 946 2703; x_wconf 90' lang='lat' dir='ltr'><strong>libris</strong></span> <span class='ocrx_word' id='word_1_158' title='bbox 984 2639 1182 2703; x_wconf 80' lang='lat' dir='ltr'><strong>manifestat.</strong></span> <span class='ocrx_word' id='word_1_159' title='bbox 1230 2637 1389 2704; x_wconf 90' lang='lat' dir='ltr'><strong>Similiter</strong></span> 
     </span>
     <span class='ocr_line' id='line_1_21' title="bbox 242 2740 1388 2826; baseline 0.003 -22"><span class='ocrx_word' id='word_1_160' title='bbox 242 2740 417 2806; x_wconf 90' lang='lat' dir='ltr'><strong>Saraceni:</strong></span> <span class='ocrx_word' id='word_1_161' title='bbox 443 2764 518 2807; x_wconf 88' lang='lat' dir='ltr'><strong>nam</strong></span> <span class='ocrx_word' id='word_1_162' title='bbox 543 2743 727 2819; x_wconf 90' lang='lat' dir='ltr'><strong>Avicenna,</strong></span> <span class='ocrx_word' id='word_1_163' title='bbox 742 2754 775 2806; x_wconf 89' lang='lat' dir='ltr'><strong>et</strong></span> <span class='ocrx_word' id='word_1_164' title='bbox 799 2742 990 2826; x_wconf 89' lang='lat' dir='ltr'><strong>philosophi</strong></span> <span class='ocrx_word' id='word_1_165' title='bbox 1013 2744 1132 2806; x_wconf 89' lang='lat' dir='ltr'><strong>caeteri</strong></span> <span class='ocrx_word' id='word_1_166' title='bbox 1157 2746 1388 2809; x_wconf 89' lang='lat' dir='ltr'><strong>contradicunt</strong></span> 
     </span>
     <span class='ocr_line' id='line_1_22' title="bbox 241 2845 1389 2929; baseline 0.006 -21"><span class='ocrx_word' id='word_1_167' title='bbox 241 2845 330 2928; x_wconf 92' lang='lat' dir='ltr'><strong>plebi</strong></span> <span class='ocrx_word' id='word_1_168' title='bbox 351 2859 385 2912; x_wconf 89' lang='lat' dir='ltr'><strong>et</strong></span> <span class='ocrx_word' id='word_1_169' title='bbox 409 2849 643 2912; x_wconf 89' lang='lat' dir='ltr'><strong>sacerdotibus.</strong></span> <span class='ocrx_word' id='word_1_170' title='bbox 689 2848 879 2913; x_wconf 90' lang='lat' dir='ltr'><strong>Ostendunt</strong></span> <span class='ocrx_word' id='word_1_171' title='bbox 898 2849 987 2911; x_wconf 91' lang='lat' dir='ltr'><strong>enim</strong></span> <span class='ocrx_word' id='word_1_172' title='bbox 1008 2849 1099 2929; x_wconf 92' lang='lat' dir='ltr'><strong>quod</strong></span> <span class='ocrx_word' id='word_1_173' title='bbox 1119 2868 1185 2910; x_wconf 91' lang='lat' dir='ltr'><strong>non</strong></span> <span class='ocrx_word' id='word_1_174' title='bbox 1206 2849 1314 2913; x_wconf 92' lang='lat' dir='ltr'><strong>solum</strong></span> <span class='ocrx_word' id='word_1_175' title='bbox 1337 2861 1389 2915; x_wconf 88' lang='lat' dir='ltr'><strong>est</strong></span> 
     </span>
     <span class='ocr_line' id='line_1_23' title="bbox 241 2951 1388 3036; baseline 0.003 -22"><span class='ocrx_word' id='word_1_176' title='bbox 241 2951 348 3033; x_wconf 84' lang='lat' dir='ltr'><strong>gloria</strong></span> <span class='ocrx_word' id='word_1_177' title='bbox 369 2972 555 3035; x_wconf 88' lang='lat' dir='ltr'><strong>corporum,</strong></span> <span class='ocrx_word' id='word_1_178' title='bbox 570 2953 629 3017; x_wconf 90' lang='lat' dir='ltr'><strong>sed</strong></span> <span class='ocrx_word' id='word_1_179' title='bbox 651 2955 784 3036; x_wconf 89' lang='lat' dir='ltr'><strong>propria</strong></span> <span class='ocrx_word' id='word_1_180' title='bbox 802 2963 835 3016; x_wconf 90' lang='lat' dir='ltr'><strong>et</strong></span> <span class='ocrx_word' id='word_1_181' title='bbox 858 2953 963 3033; x_wconf 89' lang='lat' dir='ltr'><strong>major</strong></span> <span class='ocrx_word' id='word_1_182' title='bbox 987 2954 1194 3030; x_wconf 66' lang='lat' dir='ltr'><strong>animarum</strong></span> <span class='ocrx_word' id='word_1_183' title='bbox 1221 2964 1255 3017; x_wconf 90' lang='lat' dir='ltr'><strong>et</strong></span> <span class='ocrx_word' id='word_1_184' title='bbox 1280 2954 1388 3019; x_wconf 87' lang='lat' dir='ltr'><strong>deter-</strong></span> 
     </span>
     <span class='ocr_line' id='line_1_24' title="bbox 244 3057 1389 3138; baseline 0.004 -20"><span class='ocrx_word' id='word_1_185' title='bbox 244 3057 371 3121; x_wconf 89' lang='lat' dir='ltr'><strong>minant</strong></span> <span class='ocrx_word' id='word_1_186' title='bbox 385 3060 475 3138; x_wconf 94' lang='lat' dir='ltr'><strong>quod</strong></span> <span class='ocrx_word' id='word_1_187' title='bbox 492 3069 582 3121; x_wconf 87' lang='lat' dir='ltr'><strong>secta</strong></span> <span class='ocrx_word' id='word_1_188' title='bbox 603 3058 661 3122; x_wconf 89' lang='lat' dir='ltr'><strong>illa</strong></span> <span class='ocrx_word' id='word_1_189' title='bbox 683 3059 751 3122; x_wconf 92' lang='lat' dir='ltr'><strong>cito</strong></span> <span class='ocrx_word' id='word_1_190' title='bbox 774 3058 971 3122; x_wconf 88' lang='lat' dir='ltr'><strong>destruetur.</strong></span> <span class='ocrx_word' id='word_1_191' title='bbox 1018 3057 1063 3120; x_wconf 91' lang='lat' dir='ltr'><strong>Et</strong></span> <span class='ocrx_word' id='word_1_192' title='bbox 1078 3058 1229 3122; x_wconf 91' lang='lat' dir='ltr'><strong>similiter</strong></span> <span class='ocrx_word' id='word_1_193' title='bbox 1245 3059 1389 3124; x_wconf 87' lang='lat' dir='ltr'><strong>idolola-</strong></span> 
     </span>
     <span class='ocr_line' id='line_1_25' title="bbox 241 3160 1387 3247; baseline 0.004 -25"><span class='ocrx_word' id='word_1_194' title='bbox 241 3170 312 3224; x_wconf 91' lang='lat' dir='ltr'><strong>trae</strong></span> <span class='ocrx_word' id='word_1_195' title='bbox 332 3160 455 3225; x_wconf 91' lang='lat' dir='ltr'><strong>habent</strong></span> <span class='ocrx_word' id='word_1_196' title='bbox 477 3173 585 3227; x_wconf 89' lang='lat' dir='ltr'><strong>sectas</strong></span> <span class='ocrx_word' id='word_1_197' title='bbox 600 3164 755 3226; x_wconf 90' lang='lat' dir='ltr'><strong>diversas.</strong></span> <span class='ocrx_word' id='word_1_198' title='bbox 802 3163 891 3226; x_wconf 90' lang='lat' dir='ltr'><strong>Nam</strong></span> <span class='ocrx_word' id='word_1_199' title='bbox 908 3163 953 3226; x_wconf 92' lang='lat' dir='ltr'><strong>illi</strong></span> <span class='ocrx_word' id='word_1_200' title='bbox 969 3164 1026 3245; x_wconf 92' lang='lat' dir='ltr'><strong>qui</strong></span> <span class='ocrx_word' id='word_1_201' title='bbox 1042 3175 1201 3227; x_wconf 90' lang='lat' dir='ltr'><strong>vocantur</strong></span> <span class='ocrx_word' id='word_1_202' title='bbox 1218 3163 1355 3247; x_wconf 84' lang='lat' dir='ltr'><strong>Ingures</strong></span> <span class='ocrx_word' id='word_1_203' title='bbox 1366 3163 1387 3240; x_wconf 89' lang='lat'><strong>¹,</strong></span> 
     </span>
     <span class='ocr_line' id='line_1_26' title="bbox 242 3266 1388 3351; baseline 0.004 -24"><span class='ocrx_word' id='word_1_204' title='bbox 242 3285 383 3346; x_wconf 91' lang='lat' dir='ltr'><strong>quorum</strong></span> <span class='ocrx_word' id='word_1_205' title='bbox 399 3266 511 3330; x_wconf 90' lang='lat' dir='ltr'><strong>literas</strong></span> <span class='ocrx_word' id='word_1_206' title='bbox 525 3268 648 3331; x_wconf 87' lang='lat' dir='ltr'><strong>habent</strong></span> <span class='ocrx_word' id='word_1_207' title='bbox 663 3268 805 3345; x_wconf 90' lang='lat' dir='ltr'><strong>Tartari,</strong></span> <span class='ocrx_word' id='word_1_208' title='bbox 814 3278 945 3351; x_wconf 91' lang='lat' dir='ltr'><strong>ponunt</strong></span> <span class='ocrx_word' id='word_1_209' title='bbox 962 3268 1070 3331; x_wconf 92' lang='lat' dir='ltr'><strong>Deum</strong></span> <span class='ocrx_word' id='word_1_210' title='bbox 1089 3288 1199 3340; x_wconf 80' lang='lat' dir='ltr'><strong>unum,</strong></span> <span class='ocrx_word' id='word_1_211' title='bbox 1216 3271 1307 3350; x_wconf 92' lang='lat' dir='ltr'><strong>quod</strong></span> <span class='ocrx_word' id='word_1_212' title='bbox 1323 3289 1388 3332; x_wconf 93' lang='lat' dir='ltr'><strong>non</strong></span> 
     </span>
     <span class='ocr_line' id='line_1_27' title="bbox 242 3368 1387 3450; baseline 0.005 -20"><span class='ocrx_word' id='word_1_213' title='bbox 242 3369 319 3432; x_wconf 86' lang='lat' dir='ltr'><strong>facit</strong></span> <span class='ocrx_word' id='word_1_214' title='bbox 337 3368 403 3434; x_wconf 90' lang='lat' dir='ltr'><strong>alia</strong></span> <span class='ocrx_word' id='word_1_215' title='bbox 426 3371 606 3435; x_wconf 92' lang='lat' dir='ltr'><strong>multitudo</strong></span> <span class='ocrx_word' id='word_1_216' title='bbox 623 3371 894 3450; x_wconf 88' lang='lat' dir='ltr'><strong>Idololatrarum,</strong></span> <span class='ocrx_word' id='word_1_217' title='bbox 909 3373 994 3437; x_wconf 90' lang='lat' dir='ltr'><strong>sicut</strong></span> <span class='ocrx_word' id='word_1_218' title='bbox 1018 3374 1050 3436; x_wconf 93' lang='lat' dir='ltr'><strong>in</strong></span> <span class='ocrx_word' id='word_1_219' title='bbox 1071 3373 1156 3436; x_wconf 93' lang='lat' dir='ltr'><strong>libro</strong></span> <span class='ocrx_word' id='word_1_220' title='bbox 1177 3373 1220 3436; x_wconf 95' lang='lat' dir='ltr'><strong>de</strong></span> <span class='ocrx_word' id='word_1_221' title='bbox 1241 3374 1387 3437; x_wconf 91' lang='lat' dir='ltr'><strong>moribus</strong></span> 
     </span>
     <span class='ocr_line' id='line_1_28' title="bbox 241 3473 1389 3541; baseline 0.004 -5"><span class='ocrx_word' id='word_1_222' title='bbox 241 3473 457 3538; x_wconf 90' lang='lat' dir='ltr'><strong>Tartarorum</strong></span> <span class='ocrx_word' id='word_1_223' title='bbox 473 3478 638 3540; x_wconf 89' lang='lat' dir='ltr'><strong>edocetur.</strong></span> <span class='ocrx_word' id='word_1_224' title='bbox 683 3476 814 3541; x_wconf 87' lang='lat' dir='ltr'><strong>Tartari</strong></span> <span class='ocrx_word' id='word_1_225' title='bbox 830 3498 910 3541; x_wconf 90' lang='lat' dir='ltr'><strong>vero</strong></span> <span class='ocrx_word' id='word_1_226' title='bbox 933 3476 1083 3540; x_wconf 91' lang='lat' dir='ltr'><strong>similiter</strong></span> <span class='ocrx_word' id='word_1_227' title='bbox 1106 3477 1247 3541; x_wconf 90' lang='lat' dir='ltr'><strong>multum</strong></span> <span class='ocrx_word' id='word_1_228' title='bbox 1265 3476 1389 3541; x_wconf 89' lang='lat' dir='ltr'><strong>discor-</strong></span> 
     </span>
     <span class='ocr_line' id='line_1_29' title="bbox 241 3578 1389 3662; baseline 0.003 -22"><span class='ocrx_word' id='word_1_229' title='bbox 241 3578 331 3641; x_wconf 88' lang='lat' dir='ltr'><strong>dant.</strong></span> <span class='ocrx_word' id='word_1_230' title='bbox 378 3579 466 3642; x_wconf 88' lang='lat' dir='ltr'><strong>Nam</strong></span> <span class='ocrx_word' id='word_1_231' title='bbox 484 3581 622 3662; x_wconf 91' lang='lat' dir='ltr'><strong>quidam</strong></span> <span class='ocrx_word' id='word_1_232' title='bbox 647 3593 843 3646; x_wconf 90' lang='lat' dir='ltr'><strong>convertunt</strong></span> <span class='ocrx_word' id='word_1_233' title='bbox 868 3603 904 3646; x_wconf 91' lang='lat' dir='ltr'><strong>se</strong></span> <span class='ocrx_word' id='word_1_234' title='bbox 923 3581 966 3644; x_wconf 93' lang='lat' dir='ltr'><strong>ad</strong></span> <span class='ocrx_word' id='word_1_235' title='bbox 993 3579 1254 3644; x_wconf 87' lang='lat' dir='ltr'><strong>Christianorum</strong></span> <span class='ocrx_word' id='word_1_236' title='bbox 1278 3583 1389 3662; x_wconf 90' lang='lat' dir='ltr'><strong>ritum,</strong></span> 
     </span>
     <span class='ocr_line' id='line_1_30' title="bbox 241 3682 1388 3769; baseline 0.005 -25"><span class='ocrx_word' id='word_1_237' title='bbox 241 3682 376 3762; x_wconf 89' lang='lat' dir='ltr'><strong>quidam</strong></span> <span class='ocrx_word' id='word_1_238' title='bbox 399 3685 441 3748; x_wconf 90' lang='lat' dir='ltr'><strong>ad</strong></span> <span class='ocrx_word' id='word_1_239' title='bbox 468 3684 717 3764; x_wconf 90' lang='lat' dir='ltr'><strong>Saracenorum,</strong></span> <span class='ocrx_word' id='word_1_240' title='bbox 737 3687 874 3769; x_wconf 90' lang='lat' dir='ltr'><strong>quidam</strong></span> <span class='ocrx_word' id='word_1_241' title='bbox 899 3687 941 3748; x_wconf 92' lang='lat' dir='ltr'><strong>ad</strong></span> <span class='ocrx_word' id='word_1_242' title='bbox 966 3683 1233 3762; x_wconf 89' lang='lat' dir='ltr'><strong>Idololatrarum,</strong></span> <span class='ocrx_word' id='word_1_243' title='bbox 1254 3684 1332 3748; x_wconf 89' lang='lat' dir='ltr'><strong>licet</strong></span> <span class='ocrx_word' id='word_1_244' title='bbox 1355 3688 1388 3750; x_wconf 93' lang='lat' dir='ltr'><strong>in</strong></span> 
     </span>
    </p>
   </div>
   <div class='ocr_carea' id='block_1_3' title="bbox 241 3786 1390 3873">
    <p class='ocr_par' dir='ltr' id='par_1_5' title="bbox 241 3786 1390 3873">
     <span class='ocr_line' id='line_1_31' title="bbox 241 3786 1390 3873; baseline 0.004 -24"><span class='ocrx_word' id='word_1_245' title='bbox 241 3786 413 3869; x_wconf 88' lang='lat' dir='ltr'><strong>principali</strong></span> <span class='ocrx_word' id='word_1_246' title='bbox 428 3801 519 3853; x_wconf 90' lang='lat' dir='ltr'><strong>secta</strong></span> <span class='ocrx_word' id='word_1_247' title='bbox 540 3792 742 3855; x_wconf 90' lang='lat' dir='ltr'><strong>concordent</strong></span> <span class='ocrx_word' id='word_1_248' title='bbox 753 3789 774 3852; x_wconf 87' lang='lat'><strong>².</strong></span> <span class='ocrx_word' id='word_1_249' title='bbox 820 3791 1030 3873; x_wconf 84' lang='lat' dir='ltr'><strong>Paganorum</strong></span> <span class='ocrx_word' id='word_1_250' title='bbox 1053 3790 1188 3871; x_wconf 89' lang='lat' dir='ltr'><strong>quidem</strong></span> <span class='ocrx_word' id='word_1_251' title='bbox 1212 3789 1317 3870; x_wconf 82' lang='lat' dir='ltr'><strong>major</strong></span> <span class='ocrx_word' id='word_1_252' title='bbox 1339 3802 1390 3854; x_wconf 91' lang='lat' dir='ltr'><strong>est</strong></span> 
     </span>
    </p>
   </div>
   <div class='ocr_carea' id='block_1_4' title="bbox 239 3918 1391 4700">
    <p class='ocr_par' dir='ltr' id='par_1_6' title="bbox 273 3918 915 3985">
     <span class='ocr_line' id='line_1_32' title="bbox 273 3918 915 3985; baseline 0.008 -18"><span class='ocrx_word' id='word_1_253' title='bbox 273 3919 280 3947; x_wconf 90' lang='lat'>¹</span> <span class='ocrx_word' id='word_1_254' title='bbox 299 3918 351 3968; x_wconf 87' lang='lat' dir='ltr'><strong>See</strong></span> <span class='ocrx_word' id='word_1_255' title='bbox 364 3919 451 3970; x_wconf 72' lang='lat' dir='ltr'><strong>Marco</strong></span> <span class='ocrx_word' id='word_1_256' title='bbox 465 3921 527 3970; x_wconf 89' lang='lat' dir='ltr'><strong>Polo</strong></span> <span class='ocrx_word' id='word_1_257' title='bbox 539 3920 640 3981; x_wconf 85' lang='lat' dir='ltr'><strong>(Yule’s</strong></span> <span class='ocrx_word' id='word_1_258' title='bbox 651 3923 716 3985; x_wconf 83' lang='lat' dir='ltr'><strong>ed),</strong></span> <span class='ocrx_word' id='word_1_259' title='bbox 730 3923 778 3972; x_wconf 89' lang='lat' dir='ltr'><strong>vol.</strong></span> <span class='ocrx_word' id='word_1_260' title='bbox 791 3923 808 3972; x_wconf 92' lang='lat' dir='ltr'><strong>i.</strong></span> <span class='ocrx_word' id='word_1_261' title='bbox 819 3939 844 3985; x_wconf 86' lang='lat' dir='ltr'><strong>p.</strong></span> <span class='ocrx_word' id='word_1_262' title='bbox 858 3935 915 3983; x_wconf 75' lang='lat'><strong>225.</strong></span> 
     </span>
    </p>

    <p class='ocr_par' dir='ltr' id='par_1_7' title="bbox 239 3997 1391 4541">
     <span class='ocr_line' id='line_1_33' title="bbox 275 3997 1391 4064; baseline 0.004 -18"><span class='ocrx_word' id='word_1_263' title='bbox 275 3997 424 4060; x_wconf 87' lang='lat' dir='ltr'><strong>Rubruquis</strong></span> <span class='ocrx_word' id='word_1_264' title='bbox 438 4001 533 4062; x_wconf 80' lang='lat' dir='ltr'><strong>speaks</strong></span> <span class='ocrx_word' id='word_1_265' title='bbox 550 4002 580 4049; x_wconf 82' lang='lat' dir='ltr'><strong>os</strong></span> <span class='ocrx_word' id='word_1_266' title='bbox 592 4003 637 4050; x_wconf 88' lang='lat' dir='ltr'><strong>the</strong></span> <span class='ocrx_word' id='word_1_267' title='bbox 654 4001 764 4063; x_wconf 77' lang='lat' dir='ltr'><strong>lngures</strong></span> <span class='ocrx_word' id='word_1_268' title='bbox 777 4004 832 4063; x_wconf 90' lang='lat' dir='ltr'><strong>(pp.</strong></span> <span class='ocrx_word' id='word_1_269' title='bbox 849 4003 932 4064; x_wconf 67' lang='lat' dir='ltr'><strong>ofin-3</strong></span> <span class='ocrx_word' id='word_1_270' title='bbox 947 4002 998 4050; x_wconf 79' lang='lat' dir='ltr'><strong>and</strong></span> <span class='ocrx_word' id='word_1_271' title='bbox 1015 4003 1071 4058; x_wconf 71' lang='lat' dir='ltr'><strong>aua</strong></span> <span class='ocrx_word' id='word_1_272' title='bbox 1086 4001 1126 4050; x_wconf 93' lang='lat' dir='ltr'><strong>ed.</strong></span> <span class='ocrx_word' id='word_1_273' title='bbox 1138 4000 1193 4062; x_wconf 88' lang='lat' dir='ltr'><strong>eit.)</strong></span> <span class='ocrx_word' id='word_1_274' title='bbox 1205 4015 1234 4048; x_wconf 79' lang='lat' dir='ltr'><strong>aa</strong></span> <span class='ocrx_word' id='word_1_275' title='bbox 1250 4016 1267 4049; x_wconf 76' lang='lat' dir='ltr'><strong>a</strong></span> <span class='ocrx_word' id='word_1_276' title='bbox 1280 4001 1344 4050; x_wconf 84' lang='lat' dir='ltr'><strong>tribe</strong></span> <span class='ocrx_word' id='word_1_277' title='bbox 1360 4017 1391 4050; x_wconf 90' lang='lat' dir='ltr'><strong>or</strong></span> 
     </span>
     <span class='ocr_line' id='line_1_34' title="bbox 240 4077 1390 4140; baseline 0.006 -17"><span class='ocrx_word' id='word_1_278' title='bbox 240 4077 327 4125; x_wconf 85' lang='lat' dir='ltr'><strong>nation</strong></span> <span class='ocrx_word' id='word_1_279' title='bbox 337 4079 406 4135; x_wconf 87' lang='lat' dir='ltr'><strong>who,</strong></span> <span class='ocrx_word' id='word_1_280' title='bbox 416 4079 504 4140; x_wconf 83' lang='lat' dir='ltr'><strong>owing</strong></span> <span class='ocrx_word' id='word_1_281' title='bbox 514 4086 541 4127; x_wconf 93' lang='lat' dir='ltr'><strong>to</strong></span> <span class='ocrx_word' id='word_1_282' title='bbox 553 4082 665 4129; x_wconf 81' lang='lat' dir='ltr'><strong>mixture</strong></span> <span class='ocrx_word' id='word_1_283' title='bbox 673 4081 737 4129; x_wconf 88' lang='lat' dir='ltr'><strong>with</strong></span> <span class='ocrx_word' id='word_1_284' title='bbox 752 4079 904 4130; x_wconf 73' lang='lat' dir='ltr'><strong>Nestorians</strong></span> <span class='ocrx_word' id='word_1_285' title='bbox 915 4081 966 4129; x_wconf 83' lang='lat' dir='ltr'><strong>and</strong></span> <span class='ocrx_word' id='word_1_286' title='bbox 980 4079 1199 4138; x_wconf 80' lang='lat' dir='ltr'><strong>llahommedans‚</strong></span> <span class='ocrx_word' id='word_1_287' title='bbox 1209 4079 1270 4128; x_wconf 89' lang='lat' dir='ltr'><strong>held</strong></span> <span class='ocrx_word' id='word_1_288' title='bbox 1282 4097 1297 4128; x_wconf 83' lang='lat' dir='ltr'><strong>a</strong></span> <span class='ocrx_word' id='word_1_289' title='bbox 1309 4081 1390 4130; x_wconf 84' lang='lat' dir='ltr'><strong>modi·</strong></span> 
     </span>
     <span class='ocr_line' id='line_1_35' title="bbox 240 4155 1389 4222; baseline 0.005 -19"><span class='ocrx_word' id='word_1_290' title='bbox 240 4155 292 4204; x_wconf 84' lang='lat' dir='ltr'><strong>fied</strong></span> <span class='ocrx_word' id='word_1_291' title='bbox 304 4156 368 4204; x_wconf 86' lang='lat' dir='ltr'><strong>t&#39;orm</strong></span> <span class='ocrx_word' id='word_1_292' title='bbox 380 4157 411 4205; x_wconf 83' lang='lat' dir='ltr'><strong>ol</strong></span> <span class='ocrx_word' id='word_1_293' title='bbox 418 4157 531 4219; x_wconf 77' lang='lat' dir='ltr'><strong>idolatry</strong></span> <span class='ocrx_word' id='word_1_294' title='bbox 543 4157 717 4222; x_wconf 57' lang='lat' dir='ltr'><strong>lundunam).</strong></span> <span class='ocrx_word' id='word_1_295' title='bbox 755 4158 854 4219; x_wconf 83' lang='lat' dir='ltr'><strong>‘Sunt,&#39;</strong></span> <span class='ocrx_word' id='word_1_296' title='bbox 867 4160 902 4207; x_wconf 89' lang='lat' dir='ltr'><strong>he</strong></span> <span class='ocrx_word' id='word_1_297' title='bbox 912 4175 981 4220; x_wconf 85' lang='lat' dir='ltr'><strong>says,</strong></span> <span class='ocrx_word' id='word_1_298' title='bbox 994 4159 1083 4220; x_wconf 78' lang='lat' dir='ltr'><strong>‘qussi</strong></span> <span class='ocrx_word' id='word_1_299' title='bbox 1098 4167 1169 4208; x_wconf 83' lang='lat' dir='ltr'><strong>secta</strong></span> <span class='ocrx_word' id='word_1_300' title='bbox 1182 4158 1263 4208; x_wconf 81' lang='lat' dir='ltr'><strong>divisa</strong></span> <span class='ocrx_word' id='word_1_301' title='bbox 1274 4160 1306 4208; x_wconf 75' lang='lat' dir='ltr'><strong>ab</strong></span> <span class='ocrx_word' id='word_1_302' title='bbox 1316 4160 1389 4209; x_wconf 73' lang='lat' dir='ltr'><strong>aliis.¹</strong></span> 
     </span>
     <span class='ocr_line' id='line_1_36' title="bbox 240 4235 1390 4300; baseline 0.005 -18"><span class='ocrx_word' id='word_1_303' title='bbox 240 4235 299 4283; x_wconf 77' lang='lat' dir='ltr'><strong>And</strong></span> <span class='ocrx_word' id='word_1_304' title='bbox 311 4236 396 4296; x_wconf 57' lang='lat' dir='ltr'><strong>quin,</strong></span> <span class='ocrx_word' id='word_1_305' title='bbox 409 4241 416 4265; x_wconf 86' lang='lat'>‘</span> <span class='ocrx_word' id='word_1_306' title='bbox 428 4235 538 4298; x_wconf 70' lang='lat' dir='ltr'><strong>lngures</strong></span> <span class='ocrx_word' id='word_1_307' title='bbox 548 4238 660 4298; x_wconf 91' lang='lat' dir='ltr'><strong>quisunt</strong></span> <span class='ocrx_word' id='word_1_308' title='bbox 670 4238 742 4287; x_wconf 80' lang='lat' dir='ltr'><strong>mixti</strong></span> <span class='ocrx_word' id='word_1_309' title='bbox 754 4254 811 4288; x_wconf 88' lang='lat' dir='ltr'><strong>cum</strong></span> <span class='ocrx_word' id='word_1_310' title='bbox 823 4238 978 4286; x_wconf 74' lang='lat' dir='ltr'><strong>Christianis</strong></span> <span class='ocrx_word' id='word_1_311' title='bbox 989 4245 1015 4286; x_wconf 89' lang='lat' dir='ltr'><strong>et</strong></span> <span class='ocrx_word' id='word_1_312' title='bbox 1025 4237 1169 4298; x_wconf 80' lang='lat' dir='ltr'><strong>Saracenis,</strong></span> <span class='ocrx_word' id='word_1_313' title='bbox 1182 4253 1230 4300; x_wconf 85' lang='lat' dir='ltr'><strong>per</strong></span> <span class='ocrx_word' id='word_1_314' title='bbox 1241 4239 1390 4300; x_wconf 80' lang='lat' dir='ltr'><strong>frequentes</strong></span> 
     </span>
     <span class='ocr_line' id='line_1_37' title="bbox 240 4313 1389 4379; baseline 0.007 -19"><span class='ocrx_word' id='word_1_315' title='bbox 240 4313 437 4375; x_wconf 81' lang='lat' dir='ltr'><strong>disputationes,</strong></span> <span class='ocrx_word' id='word_1_316' title='bbox 447 4317 566 4378; x_wconf 90' lang='lat' dir='ltr'><strong>utcredo,</strong></span> <span class='ocrx_word' id='word_1_317' title='bbox 577 4326 750 4378; x_wconf 86' lang='lat' dir='ltr'><strong>pervenerunt</strong></span> <span class='ocrx_word' id='word_1_318' title='bbox 761 4319 794 4366; x_wconf 77' lang='lat' dir='ltr'><strong>ad</strong></span> <span class='ocrx_word' id='word_1_319' title='bbox 807 4318 856 4365; x_wconf 91' lang='lat' dir='ltr'><strong>hoc</strong></span> <span class='ocrx_word' id='word_1_320' title='bbox 867 4318 937 4379; x_wconf 88' lang='lat' dir='ltr'><strong>quod</strong></span> <span class='ocrx_word' id='word_1_321' title='bbox 949 4332 1001 4364; x_wconf 89' lang='lat' dir='ltr'><strong>non</strong></span> <span class='ocrx_word' id='word_1_322' title='bbox 1013 4318 1122 4365; x_wconf 87' lang='lat' dir='ltr'><strong>credunt</strong></span> <span class='ocrx_word' id='word_1_323' title='bbox 1134 4317 1183 4365; x_wconf 86' lang='lat' dir='ltr'><strong>nisi</strong></span> <span class='ocrx_word' id='word_1_324' title='bbox 1196 4333 1274 4366; x_wconf 90' lang='lat' dir='ltr'><strong>unum</strong></span> <span class='ocrx_word' id='word_1_325' title='bbox 1289 4317 1389 4368; x_wconf 66' lang='lat' dir='ltr'><strong>Deum)</strong></span> 
     </span>
     <span class='ocr_line' id='line_1_38' title="bbox 241 4395 1388 4463; baseline 0.005 -20"><span class='ocrx_word' id='word_1_326' title='bbox 241 4395 264 4443; x_wconf 92' lang='lat' dir='ltr'><strong>lt</strong></span> <span class='ocrx_word' id='word_1_327' title='bbox 271 4412 328 4446; x_wconf 77' lang='lat' dir='ltr'><strong>was</strong></span> <span class='ocrx_word' id='word_1_328' title='bbox 339 4413 374 4446; x_wconf 90' lang='lat' dir='ltr'><strong>on</strong></span> <span class='ocrx_word' id='word_1_329' title='bbox 386 4399 431 4447; x_wconf 88' lang='lat' dir='ltr'><strong>the</strong></span> <span class='ocrx_word' id='word_1_330' title='bbox 443 4400 568 4448; x_wconf 87' lang='lat' dir='ltr'><strong>northern</strong></span> <span class='ocrx_word' id='word_1_331' title='bbox 581 4399 645 4448; x_wconf 89' lang='lat' dir='ltr'><strong>limit</strong></span> <span class='ocrx_word' id='word_1_332' title='bbox 654 4401 684 4448; x_wconf 83' lang='lat' dir='ltr'><strong>ol</strong></span> <span class='ocrx_word' id='word_1_333' title='bbox 691 4401 759 4449; x_wconf 87' lang='lat' dir='ltr'><strong>their</strong></span> <span class='ocrx_word' id='word_1_334' title='bbox 770 4402 900 4463; x_wconf 84' lang='lat' dir='ltr'><strong>territory,</strong></span> <span class='ocrx_word' id='word_1_335' title='bbox 909 4415 969 4462; x_wconf 81' lang='lat' dir='ltr'><strong>says</strong></span> <span class='ocrx_word' id='word_1_336' title='bbox 978 4401 1136 4461; x_wconf 85' lang='lat' dir='ltr'><strong>Rubruquis,</strong></span> <span class='ocrx_word' id='word_1_337' title='bbox 1144 4401 1199 4449; x_wconf 79' lang='lat' dir='ltr'><strong>that</strong></span> <span class='ocrx_word' id='word_1_338' title='bbox 1207 4401 1274 4449; x_wconf 82' lang='lat' dir='ltr'><strong>Cara</strong></span> <span class='ocrx_word' id='word_1_339' title='bbox 1283 4401 1388 4460; x_wconf 90' lang='lat' dir='ltr'><strong>Corum,</strong></span> 
     </span>
     <span class='ocr_line' id='line_1_39' title="bbox 239 4475 1008 4541; baseline 0.01 -19"><span class='ocrx_word' id='word_1_340' title='bbox 239 4475 284 4522; x_wconf 89' lang='lat' dir='ltr'><strong>the</strong></span> <span class='ocrx_word' id='word_1_341' title='bbox 295 4476 482 4539; x_wconf 74' lang='lat' dir='ltr'><strong>headquarters</strong></span> <span class='ocrx_word' id='word_1_342' title='bbox 495 4479 525 4527; x_wconf 80' lang='lat' dir='ltr'><strong>ol</strong></span> <span class='ocrx_word' id='word_1_343' title='bbox 532 4479 578 4527; x_wconf 88' lang='lat' dir='ltr'><strong>the</strong></span> <span class='ocrx_word' id='word_1_344' title='bbox 591 4477 699 4540; x_wconf 78' lang='lat' dir='ltr'><strong>hlongol</strong></span> <span class='ocrx_word' id='word_1_345' title='bbox 711 4495 810 4541; x_wconf 82' lang='lat' dir='ltr'><strong>power,</strong></span> <span class='ocrx_word' id='word_1_346' title='bbox 821 4495 878 4528; x_wconf 73' lang='lat' dir='ltr'><strong>was</strong></span> <span class='ocrx_word' id='word_1_347' title='bbox 888 4479 1008 4530; x_wconf 85' lang='lat' dir='ltr'><strong>situated.</strong></span> 
     </span>
    </p>

    <p class='ocr_par' dir='ltr' id='par_1_8' title="bbox 239 4551 1389 4700">
     <span class='ocr_line' id='line_1_40' title="bbox 271 4551 1389 4620; baseline 0.004 -16"><span class='ocrx_word' id='word_1_348' title='bbox 271 4551 283 4584; x_wconf 89' lang='lat'><strong>¹</strong></span> <span class='ocrx_word' id='word_1_349' title='bbox 301 4557 449 4619; x_wconf 86' lang='lat' dir='ltr'><strong>Rubruquis</strong></span> <span class='ocrx_word' id='word_1_350' title='bbox 465 4573 527 4620; x_wconf 75' lang='lat' dir='ltr'><strong>says</strong></span> <span class='ocrx_word' id='word_1_351' title='bbox 544 4558 599 4606; x_wconf 77' lang='lat' dir='ltr'><strong>that</strong></span> <span class='ocrx_word' id='word_1_352' title='bbox 615 4572 650 4606; x_wconf 91' lang='lat' dir='ltr'><strong>on</strong></span> <span class='ocrx_word' id='word_1_353' title='bbox 668 4557 735 4607; x_wconf 73' lang='lat' dir='ltr'><strong>feast</strong></span> <span class='ocrx_word' id='word_1_354' title='bbox 751 4559 817 4620; x_wconf 83' lang='lat' dir='ltr'><strong>days</strong></span> <span class='ocrx_word' id='word_1_355' title='bbox 835 4558 932 4619; x_wconf 76' lang='lat' dir='ltr'><strong>liangu</strong></span> <span class='ocrx_word' id='word_1_356' title='bbox 950 4559 1010 4607; x_wconf 84' lang='lat' dir='ltr'><strong>held</strong></span> <span class='ocrx_word' id='word_1_357' title='bbox 1030 4558 1119 4608; x_wconf 77' lang='lat' dir='ltr'><strong>formal</strong></span> <span class='ocrx_word' id='word_1_358' title='bbox 1136 4558 1284 4620; x_wconf 73' lang='lat' dir='ltr'><strong>receptione</strong></span> <span class='ocrx_word' id='word_1_359' title='bbox 1300 4559 1331 4607; x_wconf 80' lang='lat' dir='ltr'><strong>ol</strong></span> <span class='ocrx_word' id='word_1_360' title='bbox 1343 4561 1389 4609; x_wconf 88' lang='lat' dir='ltr'><strong>the</strong></span> 
     </span>
     <span class='ocr_line' id='line_1_41' title="bbox 239 4636 1389 4700; baseline 0.003 -16"><span class='ocrx_word' id='word_1_361' title='bbox 239 4636 459 4699; x_wconf 70' lang='lat' dir='ltr'><strong>representative·</strong></span> <span class='ocrx_word' id='word_1_362' title='bbox 470 4637 500 4685; x_wconf 79' lang='lat' dir='ltr'><strong>os</strong></span> <span class='ocrx_word' id='word_1_363' title='bbox 507 4637 552 4685; x_wconf 84' lang='lat' dir='ltr'><strong>the</strong></span> <span class='ocrx_word' id='word_1_364' title='bbox 562 4637 667 4685; x_wconf 71' lang='lat' dir='ltr'><strong>varium</strong></span> <span class='ocrx_word' id='word_1_365' title='bbox 678 4637 803 4699; x_wconf 69' lang='lat' dir='ltr'><strong>religione</strong></span> <span class='ocrx_word' id='word_1_366' title='bbox 811 4638 896 4686; x_wconf 89' lang='lat' dir='ltr'><strong>round</strong></span> <span class='ocrx_word' id='word_1_367' title='bbox 908 4636 970 4697; x_wconf 84' lang='lat' dir='ltr'><strong>him,</strong></span> <span class='ocrx_word' id='word_1_368' title='bbox 978 4637 1118 4700; x_wconf 81' lang='lat' dir='ltr'><strong>Christian,</strong></span> <span class='ocrx_word' id='word_1_369' title='bbox 1127 4639 1325 4688; x_wconf 71' lang='lat' dir='ltr'><strong>nmommedan</strong></span> <span class='ocrx_word' id='word_1_370' title='bbox 1337 4641 1389 4688; x_wconf 79' lang='lat' dir='ltr'><strong>and</strong></span> 
     </span>
    </p>
   </div>
   <div class='ocr_carea' id='block_1_5' title="bbox 0 0 1778 5359">
    <p class='ocr_par' dir='ltr' id='par_1_9' title="bbox 0 0 1778 5359">
     <span class='ocr_line' id='line_1_42' title="bbox 0 0 1778 5359; baseline 0 0"><span class='ocrx_word' id='word_1_371' title='bbox 0 0 1778 5359; x_wconf 95' lang='lat' dir='ltr'><strong> </strong></span> 
     </span>
    </p>
   </div>
  </div>
 </body>
</html>
