3542 5359
376 607 438 686 278
589 609 745 670 OPERIS
767 605 957 680 MAJORIS
980 609 1096 668 PARS
1118 607 1318 668 SEPTIMA.

377 765 542 850 sibiloque
558 761 687 850 mugitu
711 775 745 832 et
760 767 902 831 stridore
929 776 1201 850 perstrepentem,
1218 766 1310 830 omni
1333 765 1413 829 odio
1435 760 1530 828 labo·

379 881 509 937 rantem
531 873 592 949 sui,
611 872 758 934 maxime
778 872 806 934 si
823 870 922 935 aliter
942 891 1059 935 nocere
1077 891 1144 936 non
1160 872 1273 953 possit,
1288 879 1399 944 terras,
1417 867 1531 944 maria,

378 975 575 1058 coelumque
606 996 700 1039 ruere
729 975 919 1058 cupientem
929 972 959 1037 ¹.'
1006 974 1052 1038 Et
1083 975 1115 1038 in
1148 974 1248 1039 tertio
1286 973 1371 1037 libro
1401 972 1532 1048 dicitur,

378 1079 649 1143 ‘Necessarium²
662 1090 713 1142 est
725 1080 840 1161 itaque
847 1079 1042 1143 foeditatem
1054 1078 1125 1161 ejus
1134 1088 1167 1143 et
1177 1078 1340 1142 feritatem
1350 1096 1532 1160 coarguere

377 1192 411 1247 et
441 1193 519 1247 ante
549 1183 664 1247 oculos
701 1200 833 1266 ponere,
868 1192 1031 1264 quantum
1069 1193 1254 1247 monstrum
1290 1181 1334 1246 sit
1364 1181 1466 1244 homo
1497 1179 1532 1244 in

378 1287 548 1351 hominem
572 1286 719 1365 surens3’
750 1297 785 1351 et
806 1291 863 1350 ‘ut
885 1288 1078 1351 iracundum
1100 1286 1333 1368 descripsimus
1355 1304 1466 1349 acrem
1497 1292 1532 1347 et

378 1412 467 1456 nunc
483 1393 650 1456 subducto
671 1401 831 1460 retrursus
850 1393 1011 1474 sanguine
1030 1392 1213 1473 fugatoque
1233 1389 1423 1473 pallentem,
1446 1408 1533 1453 nunc

378 1496 411 1559 in
432 1516 470 1561 os
495 1497 585 1560 omni
601 1496 712 1561 colore
732 1507 767 1560 et
788 1495 905 1581 spiritu
922 1517 1016 1560 verso
1031 1495 1313 1562 subrubicundum
1329 1505 1363 1560 et
1387 1492 1531 1558 similem

377 1609 525 1678 cruento,
546 1601 638 1664 venis
652 1600 865 1681 tumentibus,
880 1611 914 1665 et
934 1600 1039 1664 oculis
1060 1619 1146 1665 nunc
1165 1600 1304 1684 trepidis
1326 1607 1360 1664 et
1377 1597 1534 1664 exsilien-

378 1703 479 1781 tibus,
505 1725 592 1767 nunc
624 1705 655 1768 in
688 1725 753 1769 uno
782 1705 903 1769 obtutu
929 1702 1050 1767 defixis
1080 1713 1114 1767 et
1144 1703 1363 1768 haerentibus
1410 1703 1535 1784 Adjice

378 1791 529 1871 dentium
546 1808 633 1872 inter
646 1829 683 1874 se
694 1809 910 1873 arietatorum
928 1828 993 1871 non
1010 1807 1113 1870 alium
1129 1827 1247 1872 sonum
1259 1827 1360 1889 quarn
1377 1818 1428 1874 est
1443 1808 1536 1891 apris

378 1911 447 1974 tela
462 1931 520 1975 sua
536 1913 650 1976 attritu
666 1914 871 1976 acuentibus
915 1909 1038 1993 Adjice
1049 1911 1263 1976 articulorum
1277 1911 1440 1994 crepitum
1455 1931 1534 1976 cum

377 2035 414 2079 se
429 2015 517 2097 ipsas
536 2036 652 2080 manus
666 2017 831 2098 frangunt,
845 2025 880 2080 et
895 2017 1063 2100 pulsatum
1078 2015 1209 2098 saepius
1227 2025 1352 2098 pectus,
1367 2014 1536 2082 anhelitus

378 2120 510 2183 crebros
538 2129 727 2202 tractosque
755 2119 856 2184 altius
884 2120 1039 2201 gemitus,
1068 2120 1222 2184 instabile
1251 2139 1380 2204 corpus,
1410 2121 1536 2184 incerta

377 2221 488 2300 verba,
510 2223 629 2287 subitis
651 2223 951 2288 exclamationibus
977 2224 1154 2288 trementia
1175 2223 1268 2288 labra
1300 2224 1534 2306 interdumque

376 2345 576 2409 compressa,
590 2336 624 2389 et
638 2328 747 2389 dirum
760 2327 931 2409 quoddam
947 2325 1178 2392 exsibilanda!
1225 2326 1402 2391 Praeterea
1417 2337 1535 2391 contra

378 2439 531 2493 naturam
542 2430 686 2493 hominis
695 2442 745 2494 est
761 2432 839 2513 quia
854 2451 976 2515 corpus
992 2430 1105 2495 multis
1116 2431 1361 2515 gravaminibus
1376 2431 1481 2496 laedit
1497 2440 1532 2494 et

377 2533 477 2597 variis
508 2536 718 2617 passionibus
740 2547 774 2600 et
797 2535 1056 2603 informitatibus
1085 2537 1239 2620 flagellat.
1283 2539 1373 2602 Nam
1405 2537 1535 2602 Seneca

378 2638 459 2702 dicit
475 2639 508 2700 in
524 2637 590 2703 fine
604 2641 741 2704 secundi
764 2639 839 2703 libri
858 2641 1094 2705 ‘Videndum³
1113 2661 1215 2723 quam
1232 2641 1344 2706 multis
1360 2661 1419 2725 per
1434 2663 1471 2706 se
1487 2643 1536 2706 ira

379 2741 536 2807 nocuerit.
581 2742 651 2806 Alii
666 2745 770 2808 nimio
781 2744 909 2809 fervore
925 2764 1042 2827 rupere
1054 2765 1163 2820 venas,
1174 2754 1208 2808 et
1224 2746 1417 2826 sanguinem
1433 2765 1537 2830 super

379 2845 465 2909 vires
486 2845 592 2909 elatus
626 2847 752 2911 clamor
780 2849 913 2931 egessit,
943 2858 976 2912 et
1006 2848 1168 2912 luminum
1199 2847 1336 2912 suffudit
1362 2850 1468 2913 aciem
1500 2850 1536 2914 in

379 2947 494 3012 oculos
526 2949 759 3014 vehementius
795 2951 916 3014 humor
952 2962 1093 3034 egestus,
1127 2963 1162 3016 et
1199 2953 1232 3017 in
1270 2953 1409 3016 morbos
1444 2953 1537 3036 aegri

379 3049 541 3115 recidere.'
588 3052 634 3116 Et
655 3055 800 3118 vidimus
822 3075 922 3119 sanos
946 3055 1116 3121 multoties
1137 3056 1288 3120 homines
1308 3058 1537 3139 aegritudines

378 3155 487 3217 varias
502 3156 668 3220 incurrere
684 3156 880 3222 ferventiore
896 3160 944 3223 ira
958 3171 1139 3242 permotos.

210 3273 351 3350 sugerus·
424 3254 493 3320 Sed
522 3259 672 3322 similiter
701 3281 722 3322 a
752 3271 847 3344 parte
875 3263 1008 3327 animae
1034 3272 1085 3327 est
1107 3263 1155 3328 ira
1176 3264 1373 3330 innaturalis
1395 3264 1538 3330 homini.

210 3337 369 3454 ffiffl
381 3359 478 3424 Duae
493 3361 582 3423 enim
607 3371 683 3426 sunt
709 3376 820 3446 partes
840 3367 973 3430 animae
998 3367 1236 3445 intellectivae3
1259 3388 1325 3432 una
1346 3379 1398 3432 est
1419 3390 1539 3451 specu·

211 3469 330 3520 saeuitia.
379 3461 481 3526 lativa
495 3471 529 3526 et
545 3465 673 3529 ratione
688 3478 803 3543 utens;
825 3468 890 3532 alia
905 3480 957 3534 est
971 3472 1118 3554 practica
1132 3481 1166 3536 et
1188 3471 1222 3535 in
1236 3492 1385 3536 amorem
1402 3475 1539 3538 virtutis

379 3566 544 3629 ordinata.
590 3566 734 3632 Primam
763 3592 844 3636 vero
877 3575 1049 3654 perturbat
1079 3575 1126 3638 ira
1156 3585 1191 3639 et
1227 3585 1280 3639 est
1317 3575 1347 3640 ei
1386 3578 1541 3640 maxime

381 3668 522 3747 inimica,
556 3679 590 3734 et
620 3691 694 3734 eam
733 3673 902 3740 multoties
935 3677 1028 3740 ducit
1058 3678 1091 3741 in
1121 3677 1264 3742 furorem
1294 3690 1329 3744 et
1360 3681 1538 3745 insaniam.

379 3771 469 3835 Nam
501 3775 703 3839 insecundo
733 3776 818 3841 libro
847 3779 928 3842 dicit
956 3779 1094 3860 Seneca,
1118 3780 1268 3846 ‘Ratio‘
1292 3784 1425 3867 utrique
1448 3785 1539 3868 parti

380 3885 512 3958 tempus
527 3877 595 3954 dat,
610 3888 645 3941 et
659 3880 722 3944 sibi
735 3882 819 3963 petit
831 3893 868 3944 ut
883 3884 1101 3948 excutiendae
1112 3886 1241 3951 veritati
1253 3897 1386 3971 tempus
1402 3889 1540 3954 habeat.

381 3977 435 4041 Ira
446 3979 589 4043 festinat.
627 3981 730 4046 Ratio
740 3982 924 4069 adjudicari
939 3987 1009 4049 vult
1021 3989 1112 4070 quod
1124 4009 1269 4072 aequum
1284 4001 1342 4055 est
1383 3993 1438 4056 Ira
1454 3992 1541 4058 illud

378 4101 523 4163 aequum
546 4103 614 4147 non
630 4085 700 4149 vult
720 4089 811 4168 quod
834 4089 936 4151 Ratio
959 4089 1129 4170 judicavit.
1176 4094 1277 4158 Ratio
1300 4095 1379 4158 nihil
1406 4108 1542 4178 praeter

379 4185 489 4265 ipsum
520 4186 564 4248 de
593 4207 662 4268 quo
690 4190 800 4272 agitur
825 4201 964 4274 spectat.
1018 4193 1072 4258 Ira
1093 4197 1187 4261 vanis
1209 4207 1243 4262 et
1273 4209 1372 4264 extra
1400 4220 1542 4265 causam

379 4287 631 4352 obversantibus
653 4304 892 4358 commovetur.
937 4296 1111 4362 Iracundia
1143 4320 1209 4363 non
1236 4301 1307 4365 vult
1331 4304 1426 4386 regi;
1458 4305 1543 4369 iras-

413 4471 422 4500 ¹
438 4473 495 4522 The
506 4473 582 4523 latter
591 4483 649 4538 part
660 4479 690 4526 ot
698 4479 750 4529 this
761 4481 894 4541 quotation
907 4483 929 4532 is
941 4487 1086 4537 somewhet
1096 4490 1245 4540 condensed
1258 4489 1324 4540 from
1336 4493 1382 4541 the
1395 4493 1516 4556 original.

413 4547 423 4575 ²
439 4550 541 4609 Dalm,
554 4553 588 4600 iii.
600 4569 626 4614 3,
638 4571 661 4615 4.
1248 4567 1258 4596 ²
1275 4567 1306 4618 ι’ὸ.
1319 4570 1345 4621 ἰὶ.
1360 4573 1402 4632 36.

412 4625 422 4654 ⁴
440 4627 470 4676 it.
484 4627 499 4676 i.
515 4630 553 4689 ιθ,
567 4643 598 4690 19
610 4637 667 4693 (not
677 4632 742 4682 from
753 4635 797 4684 tbe
808 4639 907 4686 second
918 4638 1006 4702 book).
