3542 5359
349 604 390 684 56
572 606 728 667 OPERIS
752 605 943 677 MAJORIS
966 605 1081 663 PARS
1106 604 1276 677 QUINTA.

350 791 454 855 prope
477 771 540 837 tria
566 771 718 837 milliaria
743 772 787 836 ad
813 770 887 853 plus
910 771 1059 835 videmus
1084 769 1116 832 in
1144 778 1231 832 terra
1256 767 1376 850 plana3
1410 776 1444 831 et
1470 766 1504 829 in

351 876 510 939 altissimo
527 886 649 953 monte,
664 875 757 957 cujus
771 876 912 940 altitudo
928 874 1077 938 maxima
1096 883 1147 937 est
1162 882 1239 937 octo
1261 872 1422 949 milliaria,
1437 891 1504 936 non

351 980 536 1045 videbimus
551 981 660 1045 adhuc
675 980 707 1043 in
726 979 897 1064 superficie
910 989 1019 1043 terrae
1033 978 1095 1041 nisi
1110 978 1239 1043 circiter
1256 989 1318 1056 250
1334 977 1504 1054 milliaria3

352 1096 386 1149 et
401 1085 465 1150 hoc
481 1085 558 1150 iacit
571 1084 754 1169 gibbositas
769 1094 875 1149 terrae
890 1084 973 1147 visui
989 1083 1153 1148 resistens.

783 1362 1009 1428 Currruuuu
1034 1362 1079 1426 II.

452 1538 507 1601 De
520 1530 627 1614 tertio,
642 1538 732 1621 quod
749 1546 799 1602 est
814 1529 980 1620 oppositio
994 1535 1129 1599 visibilis
1144 1545 1294 1618 respectu
1309 1536 1408 1600 visus.

187 1716 280 1797 Third·
398 1708 548 1773 Tertium
572 1720 623 1774 est
647 1710 814 1794 oppositio
836 1709 973 1773 visibilis
1000 1716 1149 1792 respectu
1172 1707 1269 1771 visus.
1317 1708 1393 1772 Hoc
1420 1711 1507 1772 enim

187 1786 335 1915 ξιοζέξξζζᾎ
356 1814 502 1897 exigitur
524 1815 556 1876 in
578 1814 650 1878 visu
675 1812 779 1878 fracto
804 1815 986 1877 secundum
1010 1813 1113 1876 lineas
1137 1823 1252 1891 rectaS,
1274 1812 1357 1876 sicut
1381 1812 1435 1877 hic
1457 1825 1508 1876 est

187 1924 254 2031 pust
267 1931 326 2031 cpn-
357 1918 504 1995 intenti0,
527 1919 679 2000 quamvis
708 1936 767 2001 per
793 1916 1008 1982 reflexionem
1039 1926 1073 1981 et
1101 1916 1292 1982 fractionem
1323 1917 1428 1999 possit
1457 1938 1509 1980 res

188 1990 307 2113 eryzntte
357 2021 458 2119 yideri
474 2022 543 2085 siue
558 2022 773 2106 oppositione.
819 2020 887 2085 Sed
904 2020 1054 2085 mirabile
1072 2028 1123 2085 est
1143 2021 1215 2097 hoc,
1230 2042 1306 2086 cum
1321 2042 1381 2085 nos
1396 2022 1509 2085 audia-

358 2147 432 2191 mus
456 2127 603 2209 undique
626 2136 660 2191 et
684 2125 886 2203 olfaciamus,
909 2136 944 2189 et
968 2125 1002 2188 in
1027 2123 1135 2189 fronte
1160 2126 1341 2189 sentiamus
1365 2125 1510 2189 calorem

359 2230 443 2313 ignis
469 2240 556 2295 retro
583 2231 692 2315 positi,
716 2231 744 2293 si
772 2230 895 2293 multus
920 2230 964 2293 sit
990 2240 1024 2294 et
1050 2230 1162 2308 sortis3
1196 2239 1230 2294 et
1255 2230 1353 2305 visus,
1377 2231 1434 2312 qui
1459 2238 1510 2293 est

359 2354 473 2399 sensus
496 2334 643 2411 nobilior,
666 2348 732 2399 non
760 2332 838 2398 facit
860 2334 917 2398 sic.
963 2332 1010 2398 Et
1032 2353 1130 2397 causa
1152 2332 1250 2416 hujus
1272 2335 1319 2397 rei
1342 2346 1392 2398 est
1414 2333 1511 2399 valde

361 2438 492 2502 occulta
512 2450 546 2502 et
567 2438 675 2503 adhuc
697 2438 844 2502 inaudita
865 2447 899 2501 et
920 2438 1025 2501 invisa
1046 2439 1136 2521 apud
1159 2438 1335 2522 sapientes.
1380 2438 1511 2501 Aristo·

360 2541 445 2607 teles
458 2542 547 2605 enim
561 2542 688 2605 in¹libro
702 2541 973 2606 Problematum¹
986 2542 1102 2607 debuit
1118 2564 1178 2607 nos
1191 2543 1371 2608 certificare
1383 2543 1510 2619 dehoc,

362 2666 440 2710 nam
461 2646 505 2710 ibi
526 2646 632 2731 tangit
651 2646 738 2710 istud
763 2647 847 2711 inter
865 2646 931 2710 alia
952 2667 1013 2710 sua
1035 2646 1244 2729 problemata
1266 2656 1399 2712 secreta.
1445 2646 1512 2710 Sed

361 2750 413 2814 vel
437 2750 525 2814 mala
548 2751 727 2829 translatio,
742 2750 795 2814 vel
818 2750 944 2815 salsitas
966 2751 1166 2834 exemplaris
1187 2750 1313 2830 Graeci,
1327 2751 1379 2814 vel
1402 2752 1514 2833 aliqua

361 2855 427 2921 alia
442 2875 542 2919 causa
558 2876 617 2919 nos
633 2854 772 2938 impedit
787 2854 820 2918 in
839 2855 900 2919 hac
916 2864 1020 2937 parte.

195 2978 320 3089 uropapa·
408 2958 543 3033 Certum
560 2970 672 3023 tamen
687 2968 747 3036 est,
763 2959 853 3041 quod
869 2960 1021 3023 audimus
1040 2980 1085 3023 ex
1105 2960 1193 3024 omni
1213 2968 1308 3041 parte
1327 2980 1427 3024 sonos
1447 2960 1516 3023 sine

194 3051 276 3093 ¹¹⁰¹¹⁰
364 3063 522 3127 fractione
548 3072 582 3126 et
608 3064 677 3126 sine
705 3062 893 3138 reflexione,
919 3074 956 3126 ut
983 3064 1150 3147 proferens
1177 3064 1269 3127 audit
1293 3084 1410 3128 vocem
1437 3085 1514 3147 pro·

195 3107 274 3155 sonnd
286 3104 336 3155 and

196 3170 332 3222 odourdif·
364 3168 488 3248 priam;
513 3168 570 3229 sed
586 3166 786 3249 impossibile
805 3177 855 3230 est
871 3169 961 3249 quod
981 3168 1045 3233 hoc
1063 3168 1106 3230 sit
1121 3169 1301 3231 secundum
1318 3169 1516 3251 multiplica·

196 3237 319 3353 {ppttppm
364 3271 489 3335 tionem
512 3270 758 3350 accidentalem,
776 3272 855 3353 quia
878 3272 1005 3353 species
1029 3272 1242 3337 accidentalis
1266 3292 1332 3338 non
1355 3272 1433 3337 facit
1457 3293 1518 3337 nos

197 3369 269 3433 light.
365 3374 485 3438 sentire
513 3373 691 3456 objectum,
716 3386 752 3439 ut
779 3375 868 3457 prius
894 3375 1045 3440 habitum
1072 3386 1129 3440 est
1176 3376 1248 3441 Nec
1275 3388 1327 3441 est
1352 3397 1411 3460 per
1434 3378 1517 3441 frac-

366 3480 501 3556 tionem,
517 3478 594 3561 quia
609 3500 708 3543 unum
725 3489 775 3542 est
791 3480 957 3556 medium3
980 3501 1039 3544 nec
1055 3490 1105 3544 est
1126 3481 1172 3544 ibi
1193 3480 1343 3557 densum,
1360 3502 1379 3544 a
1394 3501 1460 3563 quo
1481 3480 1518 3544 fit

367 3582 522 3659 reflexi03
553 3595 756 3667 quapropter
777 3605 913 3647 necesse
939 3594 1000 3663 est,
1022 3586 1112 3667 quod
1139 3586 1182 3647 sit
1207 3585 1388 3649 secundum
1415 3585 1518 3649 lineas

367 3698 474 3751 rectas
495 3684 625 3751 factas²
644 3688 678 3751 iu
697 3708 819 3752 aurem.
866 3688 958 3771 Ergo
983 3698 1118 3772 oportet
1133 3690 1223 3771 quod
1246 3710 1345 3753 sonus
1367 3710 1462 3752 verus
1485 3700 1519 3753 et

368 3812 434 3855 non
449 3791 519 3854 sola
534 3792 659 3873 species
674 3793 746 3857 soni
767 3794 810 3856 sit
830 3794 985 3877 opposita
1004 3795 1084 3872 auri,
1100 3804 1134 3857 et
1154 3794 1213 3857 fiat
1234 3793 1466 3877 multiplicatio
1487 3794 1520 3856 in

368 3956 383 3989 a
394 3940 528 3989 mountain
545 3940 615 4003 eight
628 3943 701 3991 miles
712 3944 738 3989 ln
750 3942 842 4004 height¹
851 3942 873 3990 is
885 3949 939 4004 put,
952 3941 979 3990 in
990 3942 1038 4002 J.'s
1052 3944 1103 4005 ed.,
1117 3959 1147 3991 as
1163 3943 1381 4008 vigintiquinque,
1395 3943 1482 3992 which
1499 3944 1520 3992 is

369 4018 398 4067 os
411 4034 503 4067 course
520 4036 535 4068 a
552 4034 627 4081 gross
645 4022 873 4069 understntement.
909 4022 940 4069 In
958 4022 1098 4070 Alhaz'en's
1109 4022 1192 4081 work,
1204 4023 1254 4070 and
1273 4022 1299 4069 in
1317 4030 1384 4070 most
1401 4021 1477 4072 MSS.
1494 4022 1524 4070 of

369 4098 458 4146 Bacon
471 4097 490 4146 it
502 4098 523 4146 is
535 4098 640 4147 written
652 4099 678 4147 in
690 4100 784 4149 Arabic
796 4100 934 4161 numerals,
943 4102 995 4149 and
1007 4102 1052 4150 the
1063 4101 1199 4149 smallness
1211 4101 1241 4149 os
1249 4100 1294 4151 the
1306 4100 1367 4149 final
1379 4100 1468 4162 cipher
1479 4100 1521 4148 led

367 4176 480 4239 perhaps
493 4183 519 4223 to
531 4176 575 4225 the
587 4176 703 4227 mistake.

404 4253 412 4285 ¹
431 4254 487 4302 ‘l'he
499 4254 632 4303 reference
645 4255 667 4305 is
678 4256 803 4319 probably
815 4264 843 4304 to
854 4263 918 4305 sect.
930 4256 966 4307 xi.
978 4258 1020 4318 58,
1032 4257 1062 4306 os
1071 4257 1122 4305 this
1133 4257 1254 4319 spurious
1265 4256 1347 4305 work

403 4332 414 4361 ¹
431 4332 511 4382 Some
523 4333 598 4383 MSS.
609 4335 674 4383 have
686 4334 779 4384 tractas
788 4335 827 4398 (as
837 4335 864 4382 in
874 4334 889 4395 J
893 4336 923 4383 .'s
931 4336 985 4396 ed.)
998 4350 1028 4383 or
1038 4335 1132 4386 fracta:
1150 4336 1195 4383 but
1204 4335 1284 4384 lactas
1293 4350 1378 4384 seems
1388 4335 1524 4397 obviously

370 4411 447 4472 right.

403 4488 459 4537 The
474 4490 597 4553 meaning
614 4490 644 4539 os
655 4492 700 4539 the
719 4494 864 4555 paragraph
882 4492 905 4540 is
922 4492 977 4540 that
993 4492 1079 4540 sound
1097 4492 1173 4555 itsell,
1186 4492 1331 4554 consisting
1344 4492 1371 4539 in
1387 4499 1485 4541 tremor
1500 4492 1528 4540 ol

370 4567 448 4615 aerial
461 4570 590 4630 penicles,
603 4571 654 4619 and
667 4577 713 4619 not
724 4571 822 4632 merely
832 4572 876 4619 the
886 4570 980 4633 εμὰς,
991 4584 1022 4619 or
1033 4570 1170 4632 radiation,
1180 4569 1245 4618 from
1256 4571 1341 4619 sound
1350 4586 1407 4620 was
1416 4569 1525 4620 diffused

370 4644 485 4708 through
495 4660 581 4709 space.
617 4648 666 4713 (Cf.
681 4647 720 4697 De
730 4647 804 4698 Mau.
817 4648 885 4713 Spcc.
897 4648 915 4698 i.
927 4650 963 4712 a)
