3542 5359
514 612 629 671 raas
658 609 834 668 marm.-
870 607 959 666 cre.
985 608 1043 667 rrr.
1296 617 1353 682 511

205 801 244 841 eo
271 778 361 860 quod
388 777 535 841 habeant
561 796 684 859 organa
712 776 807 839 nimis
836 774 983 855 humida,
1011 784 1145 856 propter
1170 773 1260 854 quod
1287 792 1352 834 non

205 885 344 946 retinent
359 883 484 963 species
500 891 533 944 et
550 881 671 963 figuras
687 901 806 944 rerum.
839 880 970 943 Deinde
984 878 1058 943 dico
1073 880 1163 961 quod
1179 878 1353 941 Avicenna

204 1000 253 1051 est
272 989 349 1052 alibi
369 989 460 1052 istius
480 988 663 1050 sententiae
684 987 715 1049 in
731 986 844 1050 multis
864 984 952 1059 locis,
967 994 1036 1047 tam
1056 985 1087 1046 in
1109 983 1200 1046 libris
1217 981 1351 1045 medici-

204 1094 330 1157 nalibus
359 1114 460 1175 quam
488 1091 700 1154 naturalibus.
748 1090 837 1153 Dicit
860 1076 953 1153 ⁴enim
983 1090 1015 1152 in
1046 1088 1130 1151 libro
1159 1090 1202 1150 de
1228 1088 1354 1150 Anima

204 1199 317 1281 primu,
333 1198 423 1279 quod
445 1216 560 1259 sensus
576 1195 760 1258 communis
783 1195 899 1278 reoipit
920 1196 1045 1275 species
1066 1194 1123 1257 sed
1141 1214 1206 1256 non
1223 1193 1352 1263 retinet,

204 1304 395 1385 imaginatio
410 1322 487 1364 vero
507 1301 643 1364 retinet:
666 1300 792 1363 addens
812 1300 904 1380 quod
923 1298 1012 1361 aliud
1029 1310 1079 1362 est
1095 1300 1246 1373 retinere,
1262 1296 1350 1360 aliud

202 1429 278 1470 vero
305 1408 458 1489 recipere,
486 1425 610 1488 ponens
637 1404 829 1487 exemplum
853 1404 896 1466 de
927 1424 1014 1485 aqua
1039 1424 1125 1485 quae
1150 1402 1266 1483 recipit
1293 1402 1351 1463 im-

202 1512 403 1594 pressionem
424 1510 531 1593 sigilli,
550 1509 609 1573 sed
629 1528 695 1570 non
718 1510 842 1572 retinet.
890 1506 956 1572 Sed
981 1508 1230 1571 innumerabilia
1251 1508 1351 1569 verba

202 1637 260 1679 sua
278 1617 321 1680 ad
340 1615 403 1678 hoc
423 1623 556 1695 possent
577 1613 696 1691 induci,
713 1633 774 1677 nec
792 1624 946 1694 oportet;
969 1622 1002 1675 et
1025 1614 1099 1675 ideo
1119 1632 1193 1674 cum
1213 1630 1277 1673 non
1300 1618 1351 1673 est

202 1718 373 1783 fatendum
396 1718 484 1800 quod
508 1719 579 1801 ipse
602 1726 713 1781 tantus
737 1717 952 1798 philosophus
975 1716 1071 1780 luerit
1094 1716 1155 1779 sibi
1179 1736 1238 1779 nec
1259 1714 1351 1777 Aris-

201 1826 295 1887 toteli
307 1825 497 1902 contrarius,
510 1824 684 1886 dicendum
697 1825 785 1904 quod
803 1823 889 1885 male
903 1820 961 1884 luit
977 1822 1057 1884 illud
1068 1821 1204 1884 verbum
1221 1819 1351 1883 decimo

201 1929 242 1990 de
258 1929 470 1992 Animalibus
491 1928 694 2007 translatum,
712 1938 745 1991 et
765 1926 856 2008 pejus
877 1928 1064 2008 exponitur,
1080 1934 1118 1988 ut
1137 1925 1353 1988 concludatur

201 2032 232 2094 in
256 2034 319 2096 hoc
342 2054 420 2098 casu
443 2035 486 2095 eir
509 2032 574 2097 hoc
598 2054 668 2095 esse
695 2032 865 2115 spirituale
892 2032 993 2111 ipsius
1019 2030 1137 2111 speciei
1164 2027 1350 2110 corporalia,

200 2138 375 2221 praecipue
401 2158 476 2200 cum
502 2160 562 2204 sua
587 2138 689 2200 verba
715 2138 757 2199 ad
786 2136 913 2199 literam
937 2132 1013 2195 nihil
1041 2143 1182 2213 tangunt
1210 2132 1251 2194 de
1278 2150 1350 2193 esse

199 2242 368 2323 spirituali.
416 2242 462 2305 Et
483 2251 613 2323 praeter
630 2242 711 2305 baec
731 2240 842 2302 omnia
860 2238 924 2300 dici
946 2246 1054 2319 potest
1070 2237 1159 2317 quod
1176 2235 1349 2298 Avicenna

200 2366 265 2408 non
292 2347 486 2409 contradicit
513 2344 685 2427 proposito
712 2345 743 2405 in
771 2343 891 2425 aliqu0,
915 2341 1068 2424 quoniam
1096 2360 1157 2404 nos
1184 2338 1349 2420 loquimur

199 2448 252 2512 hic
270 2451 312 2512 de
328 2451 437 2532 specie
458 2459 651 2530 comparata
671 2448 713 2511 ad
735 2448 842 2510 solum
861 2466 980 2529 corpus
998 2446 1212 2509 inanimatum
1233 2445 1348 2524 inquo

200 2565 257 2629 est,
281 2556 409 2636 etipse
433 2552 579 2634 loquitur
600 2554 642 2616 de
666 2554 774 2635 specie
796 2561 989 2633 comparata
1011 2551 1053 2614 ad
1080 2550 1225 2613 animam
1249 2547 1347 2609 etad

199 2677 319 2739 corpus
345 2658 540 2735 animatum,
567 2659 741 2739 praecipue
772 2657 899 2720 ratione
932 2655 1070 2730 animae,
1097 2654 1139 2716 de
1165 2673 1231 2734 qua
1258 2671 1348 2713 corn-

199 2763 369 2843 paratione
397 2761 474 2825 nihil
501 2762 666 2843 loquimur
691 2759 753 2824 hic.
799 2760 892 2822 Haec
923 2760 1009 2821 enim
1040 2756 1217 2820 auctoritas
1246 2756 1347 2819 habet

198 2865 308 2928 locum
331 2867 500 2949 proprium
523 2866 554 2927 in
575 2864 808 2945 sequentibus;
831 2874 864 2927 et
880 2864 924 2927 ibi
940 2864 1029 2927 dabo
1044 2862 1115 2945 ejus
1135 2859 1347 2938 intellectum,

197 2972 378 3033 secundum
395 2970 484 3051 quod
501 2969 665 3033 videbitur
679 2969 844 3053 expedire.

621 3209 848 3273 Caurutuu
871 3208 938 3272 111.

242 3378 286 3441 Et
308 3398 383 3442 cum
403 3378 473 3460 jam
495 3378 722 3443 ventilaverim
743 3380 801 3443 diu
820 3400 892 3443 esse
914 3377 1103 3445 materiale¹
1125 3390 1158 3444 et
1177 3378 1348 3464 corporale
1362 3391 1470 3470 Mixtnre
1483 3396 1510 3441 or

196 3482 296 3563 ipsius
318 3484 436 3566 speciei
461 3487 504 3547 rei
523 3483 704 3566 corporalis
723 3485 755 3546 in
774 3486 894 3557 medi0,
911 3486 1000 3567 quod
1026 3494 1136 3548 tamen
1157 3484 1224 3566 jam
1246 3493 1346 3548 teneo
1360 3458 1506 3575 fflgiffmffie

195 3589 376 3651 secuudum
402 3590 585 3667 veritatem,
608 3590 757 3671 sequitur
785 3590 881 3654 tertia
907 3590 1027 3653 veritas
1057 3589 1216 3654 mirabilis
1244 3587 1346 3672 vulgo

195 3711 239 3754 ex
266 3692 501 3775 imaginatione
527 3693 617 3757 salsa.
665 3693 757 3757 Nulli
783 3704 896 3757 tamen
923 3694 1062 3777 sapienti
1090 3694 1132 3757 sit
1162 3694 1346 3776 stupenda;

194 3799 253 3860 sed
281 3808 417 3880 propter
442 3798 701 3879 magnitudinem
731 3796 961 3862 occultationis
988 3808 1103 3861 tantae
1131 3798 1288 3875 veritatis
1312 3806 1346 3859 et

194 3913 332 3984 propter
370 3903 455 3963 hanc
498 3902 704 3979 eliciendam,
740 3899 888 3963 laboravi
928 3902 1112 3965 evidentius
1148 3901 1235 3963 circa
1275 3921 1346 3964 esse

194 4006 340 4069 naturale
367 4018 400 4071 et
430 4004 599 4088 corporale
626 4006 808 4087 specierum
838 4006 871 4067 in
907 4006 1015 4069 medio
1045 4004 1216 4087 corporali.
1263 4004 1346 4068 Dico

194 4110 295 4193 igitur
318 4110 464 4194 praecise
486 4112 575 4191 quod
599 4112 726 4193 species
749 4130 857 4173 rerum
879 4109 1097 4192 corporalium
1117 4108 1294 4172 miscentur
1312 4110 1344 4171 in

193 4215 284 4276 omni
304 4224 398 4296 parte
420 4214 519 4278 medii
529 4211 551 4291 ²,
566 4215 700 4296 quando
723 4215 764 4278 ad
790 4214 927 4277 invicem
944 4224 1142 4277 concurrunt
1164 4213 1239 4277 illae
1259 4233 1345 4296 quae

192 4331 269 4382 sunt
293 4322 485 4391 contrariae,
501 4330 535 4381 et
558 4336 624 4381 non
647 4327 723 4383 sunt
744 4320 985 4400 contingentes.
1032 4318 1077 4381 Et
1100 4317 1246 4381 similiter
1269 4317 1344 4379 illae

192 4443 278 4503 quae
305 4434 381 4485 sunt
404 4423 554 4503 ejusdem
579 4424 708 4504 speciei.
754 4422 929 4486 Contraria
955 4422 1041 4485 enim
1069 4421 1262 4486 naturaliter
1284 4422 1344 4483 mi-

191 4540 334 4601 scentur,
350 4536 408 4590 aut
431 4546 532 4589 unum
555 4527 657 4592 vincit
679 4547 778 4610 super
801 4526 961 4607 reliquum
986 4525 1122 4589 utillud
1146 4535 1346 4609 corrumpat,

324 4663 331 4691 ¹
347 4662 475 4723 naturale,
485 4663 510 4723 J.
822 4661 833 4690 ²
849 4662 887 4711 ct
898 4666 1047 4726 ameum,
1061 4678 1096 4725 pp
1116 4678 1205 4725 39-42.
