3542 5359
392 597 725 658 PERSPECTIVAE
750 598 865 656 PARS
894 598 1072 657 TERTIA:
1107 598 1215 659 DIST.
1243 600 1267 658 I.
1345 617 1400 676 141

249 760 324 826 libri
337 762 379 826 de
392 761 474 836 visu,
492 760 573 826 ‘sub
588 759 819 827 elevatioribus
835 761 937 828 radiis
952 761 1024 826 visa
1040 762 1219 827 elevatiora
1233 783 1401 846 apparere,

249 867 311 930 sub
346 865 577 930 humilioribus
610 865 787 930 humiliora
796 862 827 930 ¹.'
885 864 955 929 Sed
983 875 1097 930 tamen
1125 866 1402 931 considerandum

249 971 340 1052 quod
363 969 450 1034 male
472 969 631 1052 figuratur
652 969 894 1034 demonstratio
909 970 944 1033 in
964 969 1048 1034 libro
1071 970 1114 1034 de
1141 969 1304 1053 Speculis,
1325 971 1404 1055 quia

250 1073 373 1137 catheti
402 1073 526 1138 debent
558 1076 678 1137 cadere
708 1073 742 1138 in
765 1082 913 1138 centrum
944 1073 1113 1156 sphaerae,
1139 1075 1230 1157 quod
1260 1074 1306 1138 ibi
1335 1094 1403 1138 non

250 1186 408 1254 servatur,
432 1188 467 1243 et
489 1178 567 1242 ideo
589 1177 642 1242 hic
664 1198 754 1261 pono
776 1188 901 1240 rectam
924 1177 1165 1261 figurationem.

296 1281 336 1344 In
361 1281 503 1364 speculis
529 1280 774 1346 columnaribus
798 1281 884 1345 intra
908 1280 1022 1364 politis
1045 1282 1201 1346 accidunt
1223 1280 1343 1344 similia
1368 1291 1405 1345 ut

250 1387 284 1448 in
311 1384 451 1469 speculis
481 1386 633 1449 concavis
660 1394 729 1449 tam
761 1385 794 1448 in
823 1387 1011 1467 quantitate
1040 1386 1087 1449 rei
1109 1385 1212 1464 visae,
1240 1405 1342 1468 quam
1372 1386 1406 1448 in

251 1509 387 1553 numero
415 1489 616 1572 imaginum:
654 1489 808 1572 quoniam
836 1490 1004 1554 eversione
1029 1489 1207 1554 visibilium
1237 1488 1275 1554 lit
1304 1490 1406 1555 etiam

251 1593 472 1657 diversimode
493 1593 632 1657 reflexio
654 1595 687 1656 in
710 1594 773 1669 his,
793 1603 831 1657 ut
852 1593 884 1656 in
911 1592 1156 1658 columnaribus
1178 1594 1406 1671 exterioribus,

250 1720 272 1764 a
295 1699 509 1780 longitudine,
533 1697 714 1772 latitudine,
737 1718 758 1761 a
779 1698 844 1761 situ
869 1698 1002 1775 medi03
1030 1706 1064 1762 et
1084 1698 1186 1781 juxta
1210 1698 1275 1760 hoc
1297 1697 1405 1762 diver-

250 1801 420 1867 sificantur
443 1802 605 1886 imagines
624 1811 658 1866 et
682 1801 849 1865 variantur
875 1802 1086 1867 nihilominus
1112 1801 1186 1865 loca
1215 1801 1406 1886 imaginum,

251 1910 432 1972 secundum
453 1907 678 1971 diversitatem
699 1907 780 1970 situs
800 1918 950 1988 respectu
970 1906 1156 1984 columnae,
1173 1907 1257 1971 sicut
1277 1907 1310 1969 in
1328 1926 1407 1970 con-

251 2013 338 2076 cavis
361 2010 548 2093 sphaericis.
596 2010 634 2073 In
657 2011 918 2095 pyramidalibus
938 2011 1090 2075 concavis
1110 2011 1264 2074 accidunt
1286 2010 1407 2076 similia

253 2125 289 2178 ut
313 2116 346 2178 in
370 2114 614 2179 columnaribus
635 2125 669 2180 et
689 2115 868 2197 sphaericis
889 2116 1059 2190 concavis;
1088 2115 1233 2178 variatur
1252 2115 1352 2179 etiam
1374 2116 1407 2178 in

251 2218 302 2283 his
325 2219 469 2294 reflexio,
491 2227 528 2283 ut
551 2219 585 2282 in
609 2219 870 2303 pyramidalibus
892 2231 990 2284 extra
1013 2218 1170 2301 politis,a
1191 2217 1406 2302 longitudine,

252 2323 426 2388 latitudine
436 2333 469 2387 et
480 2324 589 2387 medio
601 2325 701 2387 modo
714 2347 722 2400 3
740 2333 775 2387 et
787 2323 888 2406 juxta
898 2324 961 2388 hoc
975 2322 1236 2387 diversificantur
1246 2322 1407 2405 imagines

254 2429 286 2492 in
303 2426 407 2510 figura
422 2437 457 2491 et
475 2428 672 2510 quantitate

676 2740 905 2806 crprrunuu
929 2739 993 2805 ν’.

300 2923 345 2989 Et
358 2923 457 3007 juxta
469 2923 539 3007 jam
554 2923 661 2987 dictas
675 2921 872 2988 reflexiones
893 2940 1067 3004 possumus
1086 2919 1196 2984 adhuc
1218 2920 1329 3004 aliqua
1344 2918 1409 2984 alia
1422 2940 1521 3004 Depen-

255 3047 440 3112 proponere
455 3028 613 3110 exempla
627 3027 775 3110 speciosa
796 3027 830 3089 in
850 3028 947 3090 rebus
966 3024 1179 3089 naturalibus.
1225 3025 1315 3088 Nam
1332 3044 1408 3086 cum
1421 3005 1553 3120 {gfffln

255 3153 353 3216 saepe
367 3133 492 3197 dictum
508 3132 551 3195 sit
567 3132 656 3213 quod
677 3152 720 3195 ex
741 3130 932 3194 diversitate
950 3151 1045 3194 casus
1066 3128 1149 3194 lueis
1169 3139 1203 3193 et
1224 3127 1584 3216 reflexionisthevmgleor

255 3256 276 3301 a
301 3237 465 3300 coloribus
491 3246 525 3300 et
555 3237 651 3300 rebus
678 3236 722 3300 ad
748 3235 880 3299 oculum
911 3245 1051 3317 apparet
1081 3236 1228 3298 diversus
1258 3233 1351 3298 color
1376 3203 1556 3298 et¹⁰⁰¹d‘⁰⁰“

254 3341 384 3405 diversa
414 3340 493 3406 lucis
523 3339 703 3405 relucentia
733 3340 766 3402 in
797 3341 896 3404 rebus
925 3339 1054 3415 lucidis,
1076 3338 1328 3420 intelligendum
1359 3349 1411 3402 est

254 3445 344 3527 quod
377 3444 441 3508 hoc
472 3453 523 3509 est
552 3453 689 3528 propter
717 3463 828 3508 casum
866 3454 901 3507 et
940 3442 1154 3507 reflexionem
1191 3444 1235 3506 ad
1272 3443 1412 3525 angulos

253 3551 409 3613 diversos
455 3549 544 3612 Nam
560 3549 696 3631 quando
712 3548 826 3612 incidit
842 3559 877 3612 et
893 3546 1072 3611 reflectitur
1086 3548 1129 3610 ad
1148 3547 1288 3630 angulos
1304 3557 1411 3612 rectos

256 3652 371 3717 fortior
394 3663 444 3718 est
470 3652 557 3717 actio
582 3652 672 3730 lucis,
703 3662 736 3714 et
765 3653 901 3734 quando
930 3653 974 3716 ad
1003 3652 1141 3734 angulos
1168 3652 1277 3715 miuus
1303 3663 1411 3715 rectos

255 3758 405 3836 debilior,
428 3768 462 3821 et
487 3758 621 3840 quando
650 3758 694 3820 ad
719 3756 858 3841 angulos
885 3755 1029 3822 multum
1054 3768 1169 3822 acutos
1195 3767 1275 3820 tunc
1305 3755 1411 3821 multo

255 3861 405 3938 debilior,
421 3870 455 3923 et
474 3861 521 3926 sic
540 3859 598 3923 lux
615 3862 735 3924 cadens
755 3861 976 3926 diversimode
995 3872 1106 3944 potest
1120 3861 1173 3924 vel
1190 3859 1412 3936 manifestare,

255 3967 309 4031 vel
324 3964 498 4041 occultare,
513 3963 565 4028 vel
582 3965 732 4046 mitigare
752 3965 970 4029 intensionem
986 3965 1114 4041 coloris,
1129 3966 1181 4030 vel
1197 3974 1412 4049 augmentare

257 4071 288 4134 in
304 4070 441 4134 diversis
459 4070 575 4149 modis,
585 4079 621 4132 ut
637 4077 731 4153 patet
747 4070 780 4133 in
799 4070 886 4134 collo
902 4068 1077 4134 columbae
1092 4081 1126 4134 et
1141 4071 1246 4134 canda
1262 4069 1410 4152 pavonis,

256 4186 291 4240 et
313 4173 425 4238 multis
444 4171 550 4238 rebus.
596 4173 674 4237 Non
691 4182 804 4238 tamen
825 4174 910 4254 dico,
925 4173 1029 4257 quin³
1051 4174 1118 4237 veri
1141 4173 1267 4237 colores
1288 4173 1355 4236 sint
1377 4173 1412 4235 in

291 4327 374 4377 'vid
400 4328 470 4376 Eucl.
491 4327 587 4392 Opfl'ca,
605 4326 657 4376 del.
675 4341 691 4388 5
715 4325 850 4376 ὑποκείσθω
863 4365 869 4378 .
882 4325 952 4377 ..rd
969 4326 1016 4388 μὲν
1038 4324 1085 4376 ὑπὸ
1106 4323 1289 4389 μετεωροτέραν
1310 4323 1414 4374 taertm

257 4406 364 4470 ὁρώμενα
375 4405 541 4469 μετεωρίηερει
551 4405 686 4468 φαίνεσθαι,
699 4405 731 4454 τὰ
743 4406 769 4454 δὲ
782 4405 827 4455 ὑπὸ
838 4405 1014 4470 ταπεινοτέρων
1025 4403 1191 4468 ταπεινότερα.

290 4486 328 4536 ¹1
347 4487 436 4536 follow
454 4486 486 4535 0.
504 4487 530 4536 in
548 4485 666 4549 marking
684 4485 736 4534 this
755 4501 784 4536 as
803 4501 820 4534 a
837 4487 943 4536 distinct
960 4486 1076 4548 chapter.
1108 4483 1166 4532 The
1184 4483 1284 4544 subject
1301 4481 1415 4545 changes

258 4565 412 4628 altogether.
446 4565 503 4614 The
514 4565 665 4615 distinction
678 4564 700 4614 is
714 4573 768 4627 not,
780 4565 914 4628 however,
926 4563 1055 4615 indicated
1067 4564 1093 4611 in
1106 4562 1173 4625 Reg.

290 4647 300 4674 ¹
315 4645 448 4707 quoniam,
460 4644 487 4704 J.
