3542 5359
370 590 565 649 MORALIS
588 589 910 650 PHILOSOPHIA:
949 589 1064 648 PARS
1091 589 1256 649 TERTIA.
1337 559 1394 663 27r

246 753 414 836 Archytas
426 755 624 817 Tarentinus
637 752 878 838 Pythagoricus
894 764 928 818 et
941 753 1088 818 Platonis
1100 755 1257 837 magister
1271 754 1393 818 nemini

244 858 401 923 censebat
417 858 487 922 iore
501 859 638 922 dubium
654 857 743 940 quin,
759 859 919 940 quamdiu
939 857 1111 944 voluptate
1126 860 1296 941 gauderet,
1312 856 1393 921 nihil

243 963 369 1046 agitare
388 973 508 1033 mente,
524 961 605 1025 nihil
622 962 749 1026 ratione
767 962 846 1024 nihil
868 947 1070 1045 cogitatione
1089 964 1247 1046 consequi
1263 973 1396 1045 posset3

245 1067 272 1129 si
284 1067 418 1148 quidem
431 1086 480 1142 ea,
492 1086 568 1130 cum
582 1065 687 1148 major
698 1075 785 1130 esset
796 1077 899 1148 atque
912 1066 1048 1149 longior,
1057 1088 1156 1130 omne
1168 1067 1279 1130 lumen
1293 1068 1394 1131 animi

245 1173 466 1253 extingueret.
521 1171 621 1236 Unde
645 1170 775 1235 Tullius
801 1171 901 1236 tertio
924 1173 967 1236 de
987 1170 1246 1254 Quaestionibus
1266 1173 1395 1237 Tuscu·

246 1275 329 1339 lanis
349 1275 443 1353 dicit,
473 1275 782 1359 ‘intemperantiam
802 1295 873 1340 esse
895 1276 1023 1340 sontem
1048 1278 1197 1340 omnium
1224 1259 1395 1359 perturba:

245 1380 375 1442 tionum
390 1380 493 1444 animi
508 1400 592 1462 quae
607 1391 658 1445 est
673 1400 693 1443 a
714 1389 786 1445 tota
809 1390 921 1443 mente
940 1401 961 1443 a
983 1392 1073 1445 recta
1095 1382 1224 1445 ratione
1241 1380 1394 1459 desectio,

246 1483 292 1547 sic
308 1484 447 1548 adversa
462 1505 482 1546 a
494 1485 733 1568 prescriptione
745 1485 881 1548 rationis
895 1496 933 1550 ut
948 1484 1039 1548 nullo
1055 1485 1157 1549 modo
1172 1486 1398 1568 appetitiones

245 1589 345 1652 animi
369 1608 429 1653 nec
452 1588 520 1670 regi
543 1609 604 1652 nec
626 1589 785 1654 contineri
809 1587 954 1669 queant’
1001 1590 1047 1653 Et
1074 1590 1150 1654 ideo
1177 1589 1300 1653 Plinius
1315 1590 1395 1654 dicit

247 1694 375 1757 decimo
391 1701 508 1776 quarto
526 1692 694 1756 Naturalis
708 1693 887 1775 Historiae,
904 1693 1104 1776 ‘Postquam
1120 1694 1276 1777 voluptas
1286 1695 1397 1758 vivere

246 1797 356 1879 coepit
367 1796 437 1861 vita
452 1794 556 1861 desit.'
595 1795 797 1862 Aristoteles
812 1799 913 1862 etiam
930 1798 1013 1862 libro
1027 1800 1071 1862 de
1087 1798 1263 1882 Regimine
1273 1797 1395 1862 Vitael

246 1901 334 1964 dixit
365 1900 570 1982 Alexandro,
600 1902 760 1966 ‘Declina
793 1912 933 1968 conatus
963 1903 1152 1984 bestialium
1175 1903 1396 1987 voluptatum,

247 2004 394 2069 carnales
423 2007 511 2069 enim
543 2007 711 2090 appetitus
737 2005 897 2070 inclinant
920 2007 1069 2070 animum
1095 2007 1138 2069 ad
1169 2008 1397 2088 corruptibiles

246 2108 435 2193 voluptates
457 2110 587 2173 animae
604 2110 752 2174 bestialis
771 2110 862 2174 nulla
884 2111 1080 2174 discretione
1101 2110 1304 2193 praehabita.
1350 2111 1395 2174 Et

247 2213 320 2276 ideo
336 2234 454 2295 corpus
475 2214 686 2296 corruptibile
704 2215 890 2292 laetabitur,
906 2226 940 2278 et
958 2215 1207 2278 contristabitur
1229 2217 1395 2297 incorrup-

225 2303 347 2382 ¹tibilis
378 2319 563 2382 intellectus
619 2317 767 2383 Conatus
789 2340 869 2403 ergo
896 2320 1036 2384 carnalis
1057 2320 1237 2400 voluptatis
1260 2331 1395 2403 generat

247 2424 412 2487 carnalem
435 2444 595 2488 amorem.
640 2421 789 2488 Camalis
810 2435 923 2489 autem
941 2444 1036 2489 amor
1057 2434 1195 2509 generat
1212 2426 1397 2500 avaritiam,

247 2530 384 2591 avaritia
415 2537 551 2610 generat
586 2527 786 2592 desiderium
822 2529 1034 2608 divitiarum,
1071 2531 1271 2594 desiderium
1311 2531 1396 2593 divi·

247 2633 368 2696 tiarum
392 2632 678 2708 inverecundiam3
701 2633 935 2697 inverecundia
962 2635 1274 2717 praesumptionem,
1301 2655 1397 2717 prae·

248 2737 394 2820 sumptio
425 2735 664 2802 infidelitatem.
714 2735 760 2799 Et
793 2737 870 2800 ideo
900 2738 1054 2820 voluptas
1089 2739 1235 2802 maculas
1270 2738 1396 2802 inducit

247 2861 359 2924 secum
392 2841 425 2904 in
459 2842 603 2906 animam
634 2841 787 2920 hominis,
817 2861 876 2924 per
907 2851 991 2924 quas
1027 2844 1174 2906 redditur
1199 2842 1394 2908 tenebrosa?

249 2945 295 3009 Et
314 2946 389 3009 ideo
409 2945 489 3009 dicit
508 2944 718 3021 Aristoteles,
735 2947 768 3009 in
789 2946 874 3010 libro
891 2945 1147 3024 Problematum‚
1163 2945 1265 3029 Quod
1289 2949 1395 3030 magis

248 3049 387 3112 dicimur
423 3049 665 3114 incontinentes
694 3059 730 3113 et
759 3049 993 3133 vituperabiles
1029 3061 1165 3135 propter
1197 3061 1330 3136 gustum
1362 3063 1396 3117 et

248 3162 374 3216 tactum
401 3173 503 3236 quam
530 3164 665 3238 propter
685 3154 770 3218 alios
793 3175 918 3229 sensus,
939 3154 1098 3237 quoniam
1123 3178 1143 3220 a
1164 3157 1315 3238 pessimis
1337 3156 1396 3220 de·

248 3257 479 3321 lectationibus
508 3257 672 3321 vincimur
701 3267 736 3322 et
770 3259 803 3320 in
836 3259 959 3341 quibus
995 3259 1279 3323 communicamus
1318 3280 1393 3324 cum

247 3360 353 3425 brutis
379 3361 480 3426 etiam
506 3361 714 3425 animalibus.
761 3362 823 3426 Illa
846 3364 935 3427 enim
959 3383 1026 3426 non
1049 3363 1255 3428 delectantur
1275 3365 1307 3427 in
1324 3366 1396 3428 visu

247 3475 281 3529 et
302 3465 419 3529 auditu
443 3475 477 3530 et
499 3463 644 3530 ollactu²
665 3467 751 3531 sicut
773 3466 885 3530 homo.
934 3467 1021 3531 Nam
1045 3469 1183 3531 odorem
1205 3490 1272 3532 non
1295 3491 1397 3552 quae·

247 3579 321 3633 runt
344 3579 480 3653 propter
502 3591 548 3645 se,
574 3571 632 3635 sed
653 3581 790 3653 propter
812 3572 923 3636 cibum
950 3573 993 3635 ad
1020 3593 1119 3654 quem
1145 3575 1312 3638 ducuntur
1337 3595 1397 3658 per

246 3676 395 3739 odorem.
442 3672 510 3738 Sed
537 3673 638 3738 homo
668 3675 852 3739 delectatur
874 3676 907 3739 in
930 3677 1033 3740 odore
1059 3698 1126 3740 non
1156 3677 1336 3755 famelicus,
1359 3689 1397 3743 ut

247 3777 280 3840 in
312 3778 393 3842 rosis
423 3779 515 3841 etin
542 3778 614 3842 aliis
640 3779 821 3843 odoriferis.
868 3780 914 3843 Et
940 3781 1080 3844 multum
1105 3781 1140 3844 in
1164 3783 1279 3845 auditu
1305 3793 1339 3847 et
1363 3783 1396 3845 in

246 3883 317 3946 visu
332 3881 535 3960 delectatur;
558 3882 617 3945 sed
632 3882 731 3948 bruta
746 3903 813 3946 non
829 3884 890 3947 nisi
903 3894 1038 3968 propter
1051 3906 1091 3947 ea
1105 3905 1191 3968 quae
1206 3886 1248 3950 ad
1260 3897 1396 3969 gustum

246 3986 299 4050 vel
321 3986 364 4048 ad
387 3995 513 4050 tactum
537 3985 701 4068 pertinere
727 3997 916 4052 noscuntur.
963 3989 1008 4052 Et
1033 3989 1110 4053 ideo
1137 3987 1219 4053 fiunt
1245 3991 1336 4072 leges
1362 3998 1396 4053 et

246 4092 446 4154 documenta
469 4088 601 4153 vivendi
626 4090 764 4154 honeste
788 4091 875 4155 circa
899 4091 1137 4157 delectationes
1162 4103 1196 4155 et
1222 4102 1339 4174 gustus
1362 4102 1396 4157 et

245 4203 372 4268 tactus;
394 4203 428 4257 et
444 4193 618 4257 laudamur
638 4195 743 4278 magis
757 4196 892 4277 quando
914 4197 1120 4260 abstinemus
1136 4198 1179 4260 ab
1194 4196 1246 4259 his
1261 4204 1296 4259 et
1310 4197 1396 4258 vitu·

246 4317 400 4382 peramur
418 4309 554 4380 propter
572 4318 627 4360 eas
647 4297 886 4364 delectationes
904 4301 984 4382 quia
998 4299 1079 4364 viles
1097 4309 1173 4363 sunt
1189 4309 1222 4364 et
1241 4300 1396 4364 brutales.

279 4463 287 4493 ¹
303 4463 385 4512 what
401 4462 506 4512 follows
522 4463 545 4512 is
561 4479 594 4512 arr
612 4471 711 4512 extract
727 4464 793 4513 from
810 4465 856 4514 the
872 4463 1000 4513 secretum
1015 4463 1178 4524 saraetomm,
1197 4465 1238 4514 sor
1254 4466 1350 4528 which,
1368 4481 1398 4516 as

245 4543 351 4603 already
362 4542 522 4602 mentioned,
535 4541 574 4591 De
584 4543 716 4606 Regimr'ne
730 4543 798 4592 Vitae
809 4544 964 4593 isesecond
976 4544 1041 4593 title.

277 4619 288 4650 ²
306 4627 395 4682 gustu,
409 4620 439 4669 D.
453 4627 480 4668 et
492 4619 525 4672 0.
