3542 5359
337 586 399 649 550
598 571 894 630 MULTIPLICAT
891 571 936 629 10
961 570 1217 630 SPECIERUM.

337 734 457 799 accidit
479 735 513 798 in
534 732 731 818 praedictis¹
755 734 898 797 multum
917 732 1071 797 debilitat
1096 732 1217 795 lucem.
1264 732 1331 799 Sed
1354 754 1375 797 a
1395 742 1494 815 parte

337 838 416 903 solis
434 860 499 903 non
519 848 571 902 est
592 839 652 902 nisi
676 859 741 901 una
764 838 881 902 fractio
905 847 939 901 et
962 836 1017 901 illa
1040 848 1090 901 est
1113 838 1241 917 debilis,
1256 840 1335 920 quia
1350 837 1493 901 variatio

338 942 495 1025 diaphani
519 942 552 1005 in
575 942 716 1025 sphaera
737 941 872 1007 coelesti
895 952 930 1005 et
952 941 1093 1024 sphaera
1115 942 1199 1026 ignis
1223 963 1290 1005 non
1316 952 1368 1006 est
1394 951 1493 1005 tanta

338 1048 423 1111 sicut
443 1057 494 1112 est
517 1047 664 1130 crystalli
688 1056 721 1111 et
747 1046 843 1110 aeris.
889 1045 975 1110 Item
999 1046 1032 1109 in
1060 1066 1133 1110 raro
1157 1056 1207 1112 est
1232 1047 1392 1129 dispersio
1415 1066 1492 1109 cor·

337 1152 501 1234 puralium
517 1153 669 1235 partium,
685 1161 718 1215 et
737 1152 812 1216 ideo
827 1152 953 1235 species
977 1152 1117 1214 multum
1140 1152 1342 1235 dispergitur
1364 1160 1399 1215 et
1421 1170 1491 1215 non

337 1257 458 1331 unitur,
473 1266 507 1319 et
523 1276 590 1320 non
605 1254 806 1338 colliguntur
822 1254 927 1318 multa
943 1256 976 1317 in
991 1276 1094 1338 parvo
1118 1255 1192 1319 loco
1212 1257 1299 1320 sicut
1318 1257 1350 1318 in
1372 1255 1491 1322 denso.

338 1360 553 1443 Quapropter
579 1370 711 1443 oportet
735 1362 826 1443 quod
850 1361 893 1425 sit
916 1360 1035 1423 debilis
1064 1361 1276 1443 operationis,
1301 1370 1334 1423 et
1356 1360 1432 1424 ideo
1457 1360 1491 1425 in

336 1463 421 1526 libro
439 1464 482 1527 de
502 1462 618 1528 Causis
634 1464 754 1528 dicitur
771 1466 862 1546 quod
878 1464 980 1525 virtus
1001 1463 1148 1545 dispersa
1163 1473 1214 1527 est
1236 1464 1353 1528 debilis
1371 1485 1491 1547 opera·

336 1569 445 1642 tionis,
461 1577 494 1631 et
510 1567 584 1631 ideo
599 1568 682 1631 haec
698 1577 749 1631 est
764 1588 864 1632 causa
878 1587 981 1650 quare
998 1587 1064 1629 non
1081 1578 1193 1650 potest
1215 1568 1273 1631 diu
1294 1588 1491 1633 conservare

335 1694 371 1735 se
386 1673 419 1735 iu
434 1692 507 1734 raro
523 1671 674 1753 quamvis
688 1673 721 1735 in
736 1673 849 1735 denso.
1419 1666 1424 1673 ⁴

380 1775 459 1839 Alia
479 1796 579 1839 causa
598 1784 657 1852 est,
674 1775 753 1856 quia
770 1776 814 1838 ab
827 1775 918 1838 omni
942 1784 1066 1857 puncto
1088 1776 1172 1839 aeris
1194 1776 1293 1840 lucidi
1315 1774 1353 1840 fit
1376 1775 1490 1839 multi-

337 1878 469 1962 plicatio
485 1879 567 1943 lucis
586 1878 771 1943 secundum
791 1898 905 1943 omnes
928 1881 1116 1957 diametros,
1131 1891 1165 1944 et
1188 1881 1265 1944 ideo
1283 1882 1416 1962 quando
1437 1892 1491 1945 est

337 2004 457 2067 magna
472 1983 641 2065 quantitas
656 1983 741 2047 sicut
756 1984 878 2047 accidit
895 1984 927 2045 in
943 2003 1025 2060 raro,
1041 1984 1136 2065 quasi
1152 1984 1222 2047 sine
1238 1984 1490 2066 comparatione

336 2098 387 2152 est
419 2087 525 2169 major
555 2089 714 2170 dispersio
743 2088 865 2171 speciei
896 2089 940 2151 ab
970 2109 1010 2151 eo
1039 2109 1139 2170 quam
1169 2109 1190 2150 a
1220 2091 1333 2165 denso,
1362 2099 1396 2152 et
1424 2089 1490 2153 ista

336 2191 568 2274 multiplicatio
584 2191 712 2255 infinita
733 2192 860 2256 inducit
880 2191 1146 2256 debilitationem
1165 2194 1297 2276 speciei,
1312 2194 1490 2276 praecipue

334 2318 410 2360 cum
431 2298 474 2361 sit
498 2298 531 2360 in
555 2297 692 2361 materia
714 2296 834 2361 aliena.
880 2296 927 2359 Et
949 2298 1028 2378 quia
1049 2296 1241 2361 debilitatur
1264 2298 1405 2361 multum
1429 2320 1491 2381 per

334 2402 498 2465 actionem
522 2402 731 2478 exteriorem,
753 2400 872 2465 accidit
895 2402 985 2482 quod
1011 2419 1077 2464 non
1101 2410 1213 2483 potest
1234 2422 1271 2464 se
1293 2422 1490 2467 conservare

334 2506 367 2567 in
383 2507 520 2569 materia
534 2505 567 2568 in
584 2525 651 2587 qua
665 2515 725 2581 est,
742 2516 776 2568 et
791 2506 866 2569 ideo
881 2504 994 2569 delicit
1011 2504 1043 2566 in
1064 2506 1212 2587 potentia
1229 2508 1394 2570 materiae.
1441 2508 1490 2573 Et

334 2610 385 2672 his
401 2610 444 2672 de
458 2610 565 2673 causis
581 2618 692 2692 potest
708 2618 826 2671 natura
842 2608 940 2671 medii
952 2609 1108 2691 diaphani
1121 2610 1274 2693 specifica
1291 2610 1491 2675 invalescere

334 2734 433 2795 super
455 2713 598 2796 speciem
622 2713 829 2777 debilitatem
855 2722 889 2775 et
916 2714 1136 2797 corrumpitur
1162 2718 1275 2778 statim
1301 2718 1489 2782 necessario

335 2829 413 2901 post
428 2819 675 2900 generationem
691 2817 759 2881 sine
775 2828 925 2900 tempore
940 2818 1085 2881 sensibili
1100 2818 1293 2904 intercepto

163 2934 194 2983 111
206 2933 280 2982 dense
382 2923 451 2988 Sed
467 2923 501 2985 in
517 2923 622 2987 denso
637 2932 750 3005 potest
766 2922 822 2985 diu
844 2942 977 2985 manere
993 2934 1026 2985 et
1045 2922 1172 2987 intendi
1190 2935 1327 3007 propter
1341 2926 1490 2991 rationes

164 3010 254 3048 ¹¹¹³⁸¹²¹
266 2999 308 3049 the
337 3028 525 3107 contrarias,
535 3038 572 3091 ut
586 3028 619 3090 in
635 3026 713 3089 luna
728 3037 761 3090 et
777 3026 889 3104 stellis,
900 3026 980 3089 dum
995 3027 1168 3091 radiositas
1183 3027 1262 3091 solis
1278 3029 1320 3093 sit
1332 3050 1489 3112 praesens

163 3082 175 3113 s
222 3065 257 3114 ies
268 3065 314 3115 has

164 3082 233 3179 iiie
245 3146 298 3195 1³0¹·
336 3135 394 3211 eis,
409 3134 484 3223 quia
500 3134 533 3195 in
550 3152 653 3215 parvo
668 3132 742 3194 loco
763 3131 905 3194 multum
926 3132 968 3194 de
988 3132 1099 3213 specie
1116 3131 1283 3215 colligitur
1295 3143 1365 3196 eta
1384 3155 1489 3216 parva

164 3211 282 3310 iffi?
337 3238 521 3319 quantitate
543 3244 694 3319 respectu
718 3236 789 3311 rari,
806 3236 897 3317 quod
923 3244 1052 3299 lantum
1074 3235 1211 3300 haberet
1234 3239 1277 3300 de
1298 3239 1490 3307 substantia

162 3344 224 3377 ΜΕ·
335 3343 485 3422 dispersa
511 3343 602 3423 quod
633 3341 677 3403 sit
704 3340 834 3404 modica
867 3340 1029 3423 dispersio
1059 3359 1118 3422 per
1149 3340 1394 3406 multitudinem
1424 3366 1488 3407 ex-

333 3447 507 3520 teriorem;
538 3460 572 3508 et
602 3445 679 3508 ideo
709 3444 906 3508 fortificatur
936 3445 1061 3525 species
1087 3454 1120 3507 et
1147 3446 1329 3509 intenditur
1363 3448 1395 3510 in
1425 3448 1487 3513 tali

331 3551 445 3620 denso,
476 3558 510 3611 et
543 3567 609 3610 non
646 3549 867 3631 cormmpitur
900 3548 961 3610 nisi
998 3568 1057 3630 per
1090 3549 1307 3633 privationem
1345 3552 1489 3617 actionis

331 3654 470 3738 agentis.
518 3653 617 3718 Unde
637 3653 717 3717 luna
731 3664 765 3717 et
781 3654 897 3718 stellae
913 3673 1043 3734 semper
1058 3653 1172 3719 lucent
1186 3656 1246 3717 nisi
1262 3676 1320 3738 per
1337 3657 1487 3741 eclipsin,

331 3770 366 3824 et
392 3760 468 3823 ideo
494 3759 575 3822 haec
601 3768 653 3821 est
677 3778 776 3821 causa
803 3758 940 3840 duplex,
965 3777 1068 3839 quare
1095 3759 1234 3822 densum
1259 3761 1343 3823 bene
1368 3764 1489 3826 retinet

332 3864 438 3928 lucem
454 3871 489 3927 et
504 3863 696 3945 hujusmodi
712 3862 847 3945 species,
862 3862 941 3945 quia
962 3864 1047 3925 bene
1067 3863 1318 3945 incorporantur
1336 3867 1368 3927 in
1385 3886 1435 3945 e0,
1451 3878 1489 3931 et

332 3989 399 4033 non
422 3968 467 4033 sic
491 3968 523 4030 in
546 3987 630 4032 raro.
676 3964 713 4029 Si
737 3967 867 4030 dicatur
889 3968 981 4048 quod
1003 3967 1035 4029 in
1059 3968 1249 4049 regionibus
1269 3970 1332 4032 sub
1354 3968 1488 4034 Cancro

331 4082 365 4136 et
391 4072 468 4135 alibi
499 4083 550 4136 est
580 4072 686 4154 magis
715 4071 904 4136 combustio
933 4070 1152 4151 elementaris,
1179 4080 1213 4135 et
1243 4084 1294 4136 est
1325 4073 1370 4136 ibi
1398 4076 1490 4139 mala

331 4175 492 4239 habitatio
523 4196 584 4239 nec
614 4176 780 4251 continua,
808 4186 844 4238 ut
877 4175 957 4240 dicit
989 4174 1198 4239 Ptolemaeus
1228 4178 1312 4240 libro
1336 4179 1379 4241 de
1406 4178 1490 4243 Dis·

331 4278 497 4359 positione
513 4274 691 4358 sphaerae,
701 4285 904 4359 quapropter
919 4276 1102 4339 manebunt
1117 4276 1244 4358 species
1262 4288 1296 4341 et
1312 4280 1489 4351 continua-

331 4381 454 4443 buntur
477 4381 548 4443 sine
572 4380 803 4462 corruptione3
835 4380 1014 4443 dicendum
1040 4390 1099 4457 est,
1123 4381 1213 4461 quod
1244 4400 1311 4444 non
1342 4392 1491 4464 oportet,

330 4484 409 4565 quia
429 4481 506 4547 licet
528 4494 782 4565 corrumpantur
803 4484 898 4565 quasi
921 4483 1077 4547 infinities
1098 4484 1163 4547 illic
1186 4485 1220 4546 in
1243 4486 1298 4548 die
1318 4486 1403 4551 sicut
1422 4487 1493 4569 hic,

461 4613 470 4641 ¹
487 4616 504 4664 i.
512 4631 535 4664 e.
547 4632 576 4665 as
589 4631 631 4665 we
642 4632 697 4667 saw
708 4616 872 4679 previously:
890 4632 911 4666 e
921 4632 945 4679 g.
957 4617 984 4666 in
997 4632 1021 4679 p.
1035 4619 1085 4679 53⁶
1095 4617 1146 4666 and
1158 4616 1313 4667 elsewhere.
