3542 5359
381 568 577 627 MORALIS
601 567 923 628 PHILOSOPHIA:
948 570 1064 629 PARS
1094 570 1258 630 TERTIA.
1334 587 1395 649 273

244 729 406 812 pravitate
423 730 613 793 deterreat?
659 729 705 792 Et
728 730 829 792 etiam
853 728 934 794 illud
953 732 1044 813 quod
1060 731 1092 794 in
1113 733 1206 796 omni
1222 734 1397 814 perturba-

243 834 333 898 tione
351 833 470 898 dicitur
485 834 781 898 demonstrandum
805 834 929 898 nullam
948 855 1020 899 esse
1036 837 1097 898 nisi
1117 836 1318 919 opinabilem
1335 837 1396 900 nisi

240 937 368 1019 judicio
401 950 589 1022 susceptam
624 938 687 1002 nisi
722 939 952 1004 voluntariam.
1009 939 1145 1004 Etenim
1179 941 1206 1004 si
1236 941 1396 1006 naturalis

242 1063 338 1108 amor
367 1052 454 1108 esset
483 1053 517 1107 et
546 1055 698 1109 amarent
727 1065 845 1108 omnes
872 1054 907 1109 et
935 1065 1068 1129 semper
1098 1056 1257 1122 amarent,
1287 1066 1395 1128 neque

243 1148 346 1214 alium
369 1149 485 1230 pudor,
507 1148 610 1214 alium
632 1149 800 1231 cogitatio,
822 1149 924 1213 alium
950 1151 1086 1214 satietas
1104 1147 1303 1215 deterreret.'
1349 1149 1395 1214 Et

245 1262 380 1336 propter
394 1252 457 1316 boc
467 1253 664 1318 Aristoteles
680 1255 714 1316 in
732 1254 873 1320 Secretis
886 1253 1096 1331 Secretorum
1106 1256 1186 1320 dicit
1197 1254 1395 1320 Alexandro

245 1356 420 1422 ‘Clemens
436 1357 632 1441 imperator,
646 1358 749 1422 nolite
764 1357 921 1424 inclinare
935 1360 979 1422 ad
994 1361 1101 1422 coitus
1117 1359 1301 1438 mulierum,
1316 1359 1395 1442 quia

244 1463 351 1526 coitus
366 1471 416 1526 est
431 1464 596 1544 quaedam
612 1463 799 1546 proprietas
811 1483 996 1544 porcorum.
1032 1463 1128 1547 Quae
1142 1462 1247 1547 gloria
1266 1463 1393 1527 esttibi

245 1566 273 1628 si
290 1585 425 1630 exerces
439 1567 557 1630 vitium
573 1566 810 1631 irrationalium
825 1567 1017 1644 bestiarum,
1032 1579 1066 1632 et
1088 1579 1181 1632 actus
1201 1568 1396 1632 brutorum?

247 1667 355 1734 Crede
371 1671 451 1736 mihi
472 1672 699 1736 indubitanter
716 1671 806 1756 quod
823 1673 930 1736 coitus
949 1683 999 1736 est
1019 1672 1202 1737 destructio
1222 1691 1397 1754 corporum

247 1783 281 1840 et
301 1775 506 1840 abbreviatio
526 1776 627 1853 vitae,
640 1785 675 1840 et
694 1775 861 1859 corruptio
881 1776 1052 1852 virtutum,
1069 1775 1151 1858 legis
1170 1775 1397 1859 transgressio,

246 1878 408 1941 femineos
438 1899 547 1944 mores
577 1877 734 1962 generat!
781 1880 827 1942 Et
854 1880 938 1955 ideo,
960 1889 999 1944 ut
1021 1892 1121 1944 omne
1144 1879 1271 1943 malum
1296 1881 1397 1944 moris

247 1982 376 2062 vitetur,
402 1982 531 2048 Seneca
553 1986 597 2048 ad
621 1983 776 2048 Helviam
800 1985 889 2062 dicit,
904 1983 959 2048 ‘Si
983 1985 1110 2068 cogitas
1135 1985 1304 2048 libidinem
1327 2005 1395 2048 non

248 2087 428 2171 voluptatis
447 2108 547 2153 causa
563 2087 692 2152 homini
710 2089 825 2151 datam
844 2088 903 2152 sed
919 2089 1126 2173 propagandi
1142 2088 1282 2172 generis,
1297 2108 1397 2170 quem

249 2211 315 2254 non
327 2190 498 2256 violaverit
510 2191 573 2257 hoc
589 2202 751 2256 secretum
767 2199 801 2257 et
812 2190 953 2256 infixum
969 2193 1148 2257 visceribus
1160 2193 1241 2274 ipsis
1257 2193 1398 2257 exitium

249 2295 356 2360 omnis
371 2295 437 2360 alia
452 2296 616 2378 cupiditas
632 2296 793 2361 intactum
810 2293 1020 2380 praeteribit!

295 2400 348 2463 De
369 2398 541 2482 voluptate
560 2421 639 2464 vero
654 2421 740 2482 quae
761 2411 812 2465 est
827 2401 860 2464 in
877 2401 957 2484 gula
972 2401 1100 2467 Seneca
1122 2401 1269 2484 loquitur
1287 2401 1399 2486 pulcre
1413 2421 1537 2485 Gluruuy

250 2504 292 2568 ad
318 2504 484 2582 Helviam,
507 2501 581 2570 ‘O1
605 2504 809 2569 miserabiles
831 2525 972 2588 quorum
995 2505 1142 2589 palatum
1174 2526 1240 2569 non
1268 2506 1329 2569 nisi
1355 2506 1398 2570 ad
1412 2489 1536 2605 iffi&

250 2609 413 2691 pretiosos
450 2608 544 2672 cibos
581 2610 762 2674 excitaturi
818 2609 983 2673 Pretiosos
1013 2619 1126 2673 autem
1160 2630 1227 2673 non
1256 2609 1399 2673 eximius
1409 2636 1476 2675 nass.

250 2732 350 2796 sapor
373 2723 431 2777 aut
456 2712 569 2796 aliqua
594 2713 737 2778 faucium
762 2713 914 2789 dulcedo,
935 2714 995 2778 sed
1020 2714 1138 2777 raritas
1162 2724 1196 2776 et
1222 2713 1400 2777 difficultas

251 2817 391 2900 parandi
414 2818 502 2882 facit.
547 2818 719 2900 Alioquin,
741 2819 768 2881 si
793 2820 835 2881 ad
861 2837 977 2882 sanam
1005 2816 1068 2880 illis
1094 2817 1224 2899 placeat
1250 2828 1398 2881 mentem

252 2921 379 2998 reverti,
400 2922 481 3003 quid
504 2943 590 3005 opus
615 2933 667 2987 est
692 2933 743 2987 tot
768 2922 894 2985 artibus
916 2921 1022 2984 ventri
1048 2922 1290 2985 servientibus?
1317 2923 1401 3004 quid

251 3027 437 3090 vastatione
463 3026 640 3108 sylvarum,
667 3026 747 3109 quid
775 3025 930 3120 profundi
961 3025 1243 3109 perscrutatione?
1277 3026 1400 3108 passim

249 3129 360 3213 jacent
382 3129 540 3194 alimenta
561 3152 647 3213 quae
669 3150 775 3194 rerum
804 3139 921 3195 natura
945 3129 1100 3194 omnibus
1124 3131 1207 3194 locis
1230 3131 1402 3215 disposuit.

252 3233 321 3300 Sed
342 3236 425 3299 haec
444 3234 537 3299 velut
561 3233 649 3301 caeci
674 3244 857 3310 transeunt,
883 3281 892 3298 .
917 3283 925 3297 .
949 3283 958 3298 .
981 3245 1014 3298 et
1037 3255 1113 3299 cum
1134 3234 1257 3298 famem
1278 3237 1403 3318 exiguo

253 3339 382 3422 possint
407 3341 534 3417 sedare,
557 3361 678 3424 magno
704 3341 841 3403 irritant.
889 3339 1046 3421 Undique
1072 3339 1259 3403 convehunt
1289 3340 1401 3404 omnia

253 3453 334 3507 nota
354 3443 536 3508 fastidienti
556 3443 673 3525 gulae;
697 3454 729 3508 et
752 3445 840 3526 quod
865 3444 1045 3509 dissolutus
1067 3443 1194 3508 deliciis
1210 3443 1402 3509 stomachus

251 3549 311 3612 vix
329 3548 487 3623 admittit,
503 3548 546 3612 ab
569 3546 686 3611 ultimo
707 3557 858 3630 portatur
877 3546 1024 3612 Oceano.
1071 3547 1164 3611 Deus
1188 3548 1269 3612 istos
1287 3550 1404 3631 perdat

251 3671 393 3734 quorum
408 3650 506 3736 gulae
521 3651 652 3716 luxuria
668 3651 715 3714 sic
731 3651 814 3714 fines
828 3650 891 3714 loci
901 3650 1123 3716 transcendit.'
1152 3652 1199 3715 Et
1209 3653 1253 3716 de
1267 3653 1402 3735 crapula

254 3767 289 3821 et
306 3756 466 3820 ebrietate
482 3755 609 3821 Seneca
624 3755 706 3820 dicit
722 3755 754 3818 in
770 3754 855 3818 libro
868 3754 1094 3839 Epistolarum
1114 3757 1293 3838 primarum
1306 3756 1329 3834 ²,
1351 3757 1402 3821 ‘O

253 3880 354 3942 quarn
367 3858 473 3925 multa
484 3860 565 3924 ebrii
580 3860 705 3923 iaciunt
717 3858 837 3942 quibus
851 3858 952 3921 sobrii
968 3861 1180 3923 erubescant!
1213 3853 1309 3946 [Dic]
1322 3857 1403 3922 nihil

253 3962 343 4028 aliud
354 3963 627 4027 esseebrietatem
641 3983 742 4044 quam
753 3961 975 4027 voluntariam
987 3963 1158 4025 insaniam.
1197 3961 1357 4025 Extende
1370 3964 1403 4024 in

254 4065 364 4151 plures
379 4067 448 4131 dies
468 4068 560 4131 illum
576 4067 657 4131 ebrii
672 4066 834 4142 habitum,
850 4067 1011 4148 numquid
1027 4068 1070 4131 de
1087 4064 1197 4129 furore
1212 4066 1403 4130 dubitabis?

255 4169 427 4238 ...Certe
449 4172 534 4236 eruit
556 4191 657 4235 omne
678 4171 797 4234 vitium
819 4171 962 4234 ebrietas
983 4181 1017 4232 et
1040 4169 1185 4232 incendit
1204 4179 1237 4232 et
1258 4169 1405 4251 detegit3

253 4275 446 4339 obstantem
478 4273 573 4338 malis
603 4275 776 4340 conatibus
797 4274 1029 4338 verecundiam
1060 4282 1230 4348 removet3
1252 4319 1261 4335 .
1284 4319 1293 4334 .
1316 4319 1325 4338 .
1346 4272 1404 4338 ubi

254 4379 402 4444 animum
419 4380 566 4460 possedit
583 4380 684 4443 nimia
698 4379 748 4442 vis
762 4377 838 4455 vini,
853 4378 1012 4459 quicquid
1028 4376 1107 4439 mali
1119 4377 1246 4440 latebat
1256 4376 1405 4460 emergit

278 4513 284 4542 ¹
295 4514 344 4563 Ad
349 4513 474 4575 Heluium,
485 4531 522 4564 ro.
550 4514 607 4564 'l'he
616 4515 694 4564 order
701 4514 731 4563 os
738 4514 781 4563 tire
790 4521 932 4564 sentences
940 4515 963 4563 is
970 4513 1116 4563 somewlrat
1124 4514 1243 4576 changed
1250 4514 1284 4577 by
1291 4513 1389 4563 Bacon.

275 4593 375 4657 ’Epist
387 4593 429 4644 nb.
442 4594 488 4644 xii.
503 4607 524 4642 1.

297 4689 379 4741 voc.
398 4691 435 4742 11.
666 4743 672 4758 ,
806 4691 831 4742 τ
