3542 5359
398 631 594 691 MORALIS
619 631 944 692 PHILOSOPHIA:
970 633 1085 692 PARS
1113 633 1279 694 TERTIA.
1353 651 1410 709 291

261 804 391 858 caetera
409 793 576 868 miracula,
591 796 681 877 quod
703 792 868 872 Socrates,
884 815 1004 878 parens
1019 796 1292 881 philosophorum
1313 817 1411 881 gran-

261 898 363 976 dium,
378 918 549 980 nunquam
564 898 693 963 vultum
711 900 861 974 mutavit,
876 899 936 963 sed
959 920 1090 982 semper
1113 900 1146 964 in
1167 900 1287 964 eodem
1308 901 1410 964 animi

261 1012 296 1065 et
325 1000 419 1067 faciei
450 1002 565 1065 habitu
591 1003 783 1086 permansit.
840 1002 886 1066 Et
917 1001 1044 1069 Seneca
1077 1003 1161 1069 libro
1190 1003 1336 1069 secundo
1369 1004 1412 1068 de

263 1105 318 1170 Ira
340 1107 429 1171 idem
456 1107 564 1189 tangit
588 1106 631 1170 de
653 1105 801 1172 Socrate.
847 1107 893 1170 Et
918 1107 1146 1190 Hieronymus
1168 1109 1275 1190 tangit
1297 1117 1412 1172 contra

262 1210 473 1292 Jovinianum
510 1211 554 1274 de
591 1210 730 1276 Socrate
761 1210 906 1276 habente
940 1212 1120 1295 pessimam
1158 1232 1305 1290 uxorem,
1336 1231 1412 1276 cum

262 1325 474 1398 quaereretur
495 1315 538 1379 ab
560 1335 601 1379 eo
623 1335 726 1397 quare
742 1325 813 1379 tam
832 1317 986 1380 acerbam
1007 1334 1148 1380 uxorem
1170 1336 1235 1380 non
1256 1316 1413 1398 abigeret,

262 1419 361 1498 dixit,
373 1419 543 1484 Exerceor
556 1420 660 1498 domi,
673 1428 710 1483 ut
726 1418 804 1482 foris
820 1418 973 1500 injuriam
989 1428 1023 1483 et
1038 1419 1272 1485 contumeliam
1288 1420 1413 1484 facilius

262 1523 376 1588 feram.
422 1523 469 1588 Et
484 1524 607 1587 ibidem
624 1523 740 1587 recitat
753 1523 980 1606 Hieronymus
996 1525 1085 1606 quod
1100 1525 1245 1607 quodam
1262 1535 1413 1607 tempore

262 1648 284 1691 a
304 1629 472 1710 superiore
494 1627 568 1692 loco
590 1648 678 1710 aqua
698 1627 849 1710 perfusus
872 1637 943 1691 erat
965 1628 1137 1691 immunda
1165 1638 1243 1711 post
1270 1628 1414 1693 convitia

264 1729 391 1796 infinita
419 1752 479 1815 per
503 1751 653 1810 uxorem,
678 1751 739 1796 nec
767 1731 859 1796 aliud
889 1732 978 1797 dixit
1003 1752 1103 1814 quam
1132 1732 1216 1808 hoc;
1249 1730 1413 1810 Sciebam,

263 1835 380 1916 inquit,
421 1845 459 1900 ut
500 1835 629 1899 futurus
670 1835 734 1900 ista
775 1835 921 1900 tonitrua
959 1835 1065 1900 imber
1106 1845 1306 1918 sequeretur.
1367 1836 1413 1901 Et

262 1950 372 2003 narrat
395 1938 571 2003 Cassianus
594 1940 626 2003 in
650 1939 736 2003 libro
765 1939 1030 2004 Collocationum
1056 1940 1099 2006 de
1122 1941 1268 2023 quodam
1292 1961 1414 2024 expro-

263 2044 381 2108 brante
404 2043 535 2108 Socrati
558 2045 648 2125 quod
672 2053 759 2108 esset
781 2055 954 2127 corruptor
979 2064 1178 2127 puerorum;
1208 2044 1413 2108 scholaribus

263 2158 374 2211 autem
405 2147 591 2212 volentibus
620 2147 788 2231 insurgere
817 2149 852 2211 in
886 2169 962 2211 eum
993 2148 1175 2233 compescit
1204 2169 1261 2212 eos
1291 2149 1413 2226 dicens,

265 2251 347 2316 Sum
369 2252 502 2326 etenim,
517 2253 576 2316 sed
596 2272 650 2316 me
672 2252 838 2316 contineo.
884 2250 1011 2316 Seneca
1033 2272 1112 2316 vero
1130 2253 1275 2317 secunda
1294 2253 1337 2316 de
1359 2252 1413 2318 Ira

264 2355 358 2436 dicit,
379 2355 534 2420 Socrates
556 2377 651 2421 servo
674 2357 730 2433 ait,
754 2357 937 2421 Caederem
960 2366 995 2421 te
1017 2356 1077 2420 nisi
1102 2357 1264 2420 irascerer.
1311 2357 1356 2421 Et
1380 2359 1412 2420 in

265 2461 363 2524 tertio
386 2460 471 2523 libro
494 2460 574 2525 dicit
597 2460 788 2525 ‘Socratem
810 2461 905 2525 aiunt
927 2458 1090 2543 colapho¹
1115 2481 1308 2544 percussum
1331 2461 1412 2526 nihil

263 2563 404 2647 amplius
419 2564 546 2628 dixisse
562 2585 663 2647 quam
681 2564 858 2628 molestum
874 2584 946 2629 esse
965 2566 1057 2648 quod
1076 2565 1242 2629 nescirent
1261 2565 1413 2630 homines

263 2668 397 2749 quando
420 2687 495 2732 cum
518 2669 614 2750 galea
635 2668 768 2751 prodire
793 2666 972 2733 deberent’
1018 2668 1132 2733 ‘Plato
1154 2690 1241 2748 vero,
1265 2668 1413 2733 Socratis

266 2771 457 2855 discipulus,
478 2792 610 2836 servum
636 2793 698 2837 sua
719 2793 818 2836 manu
848 2791 1011 2848 caesurus,
1038 2781 1217 2860 postquam
1247 2772 1413 2836 intellexit

265 2875 359 2938 irasci
389 2896 434 2953 se,
456 2877 541 2941 sicut
570 2877 748 2942 sustulerat
778 2896 924 2954 manum,
946 2894 1141 2959 suspensam
1171 2876 1353 2952 detinebat,
1380 2887 1412 2940 et

262 2981 375 3045 stabat
408 3000 603 3062 percussuro
635 2978 761 3044 similis.
820 2979 1045 3062 Interrogatus
1077 2980 1197 3043 deinde
1230 2981 1274 3045 ab
1307 2980 1413 3045 amico

263 3085 344 3166 quid
356 3095 481 3167 ageret,
492 3083 614 3167 Exigo,
627 3083 742 3166 inquit,
754 3104 877 3166 poenas
891 3085 934 3148 ab
945 3083 1079 3148 homine
1091 3085 1269 3163 iracundo,
1289 3085 1412 3149 oblitus

259 3187 330 3270 jam
345 3188 440 3266 servi,
454 3188 532 3271 quia
546 3186 649 3250 alium
664 3208 763 3271 quem
779 3189 892 3272 potius
912 3189 1090 3272 castigaret
1105 3186 1294 3253 invenerat!
1335 3188 1412 3252 Hoc

263 3300 374 3356 narrat
405 3290 533 3356 Seneca
554 3290 641 3354 libro
667 3292 766 3356 tertio
790 3292 833 3355 de
864 3291 926 3356 Ira
977 3293 1022 3357 Et
1047 3293 1142 3356 infert
1176 3313 1220 3356 ex
1246 3313 1287 3356 eo
1312 3292 1426 3364 alium.

262 3394 465 3479 exemplum.
509 3393 584 3459 ‘Ob
606 3407 780 3478 peccatum
807 3398 978 3478 quoddam
1006 3396 1100 3460 Plato
1126 3397 1333 3476 commotior,
1360 3397 1412 3461 Tu

262 3499 374 3583 igitur,
396 3497 592 3582 Speusippe,
613 3499 780 3563 servulum
806 3499 907 3562 istum
934 3498 1125 3564 verberibus
1151 3499 1307 3585 objurga:
1335 3521 1412 3566 nam

261 3625 325 3687 ego
355 3603 482 3668 irascor.
528 3605 584 3670 Ob
613 3604 677 3668 hoc
706 3625 772 3667 non
801 3605 985 3669 cecidit..
1010 3651 1018 3666 .
1043 3604 1170 3669 Irascor
1200 3606 1314 3688 inquit,
1339 3607 1413 3689 plus

262 3706 382 3771 faciam
399 3727 500 3790 quam
523 3718 664 3790 oportet,
680 3707 835 3772 libentius
853 3705 993 3771 faciam:
1016 3727 1082 3770 non
1100 3709 1143 3774 sit
1164 3709 1228 3773 iste
1246 3730 1359 3774 servus
1381 3711 1413 3772 in

262 3811 334 3893 ejus
349 3822 516 3894 potestate
531 3814 588 3894 qui
603 3813 636 3875 in
651 3832 712 3876 sua
727 3832 794 3877 non
809 3809 879 3876 est!
925 3812 971 3876 Et
991 3815 1025 3879 in
1043 3815 1189 3878 secundo
1210 3813 1295 3878 libro
1316 3813 1414 3880 refert

261 3915 464 3996 exemplum,
480 3918 570 3999 quod
585 3917 736 3998 superius
750 3915 897 4000 positum
916 3926 976 3992 est,
991 3920 1034 3982 de
1056 3937 1160 4000 puero
1180 3919 1304 3982 nutrito
1325 3920 1413 4001 apud

264 4018 437 4083 Platonem
458 4021 524 4103 qui,
542 4040 617 4084 curn
640 4021 778 4084 domum
797 4041 945 4084 reversus
964 4023 1048 4086 vidit
1068 4031 1198 4103 patrem
1220 4022 1412 4098 clamosum,

262 4125 349 4189 dixit
365 4125 430 4189 hoc
445 4144 510 4188 non
525 4125 646 4188 vidisse
660 4145 696 4188 se
711 4126 800 4208 apud
821 4124 1003 4191 Platonem.
1043 4124 1089 4188 Et
1103 4125 1274 4207 Archytas
1290 4126 1413 4190 Taren-

243 4229 352 4294 'tinus
381 4230 465 4293 alter
495 4229 652 4312 magister
683 4229 831 4293 Platonis
860 4249 936 4294 cum
966 4230 1077 4294 villico
1107 4249 1166 4293 suo
1193 4228 1301 4293 factus
1327 4240 1414 4295 esset

262 4332 385 4410 iratior,
400 4334 456 4410 ait,
470 4331 548 4414 Quo
564 4342 597 4396 te
615 4333 716 4397 modo
731 4333 942 4416 accepissem,
958 4335 1019 4398 nisi
1040 4335 1142 4396 iratus
1157 4333 1283 4397 essem!
1320 4333 1415 4398 Haec

261 4436 364 4499 verba
386 4433 538 4500 Tullius²
564 4437 682 4501 recitat
709 4447 829 4518 quarto
852 4437 896 4499 de
924 4436 1182 4519 Quaestionibus
1205 4435 1413 4502 Tusculanis.

256 4537 308 4602 'Et
328 4538 492 4604 Eusebius
512 4541 545 4603 in
569 4540 742 4604 Chronicis
768 4539 874 4619 refert,
895 4541 985 4624 quod
1010 4541 1199 4625 Xenophon
1225 4539 1413 4606 Socraticus

392 4657 401 4687 ¹
418 4658 520 4721 Drlm,
535 4660 570 4710 iii.
585 4674 676 4721 11,12.
1031 4659 1041 4689 ¹
1063 4659 1132 4710 Tusc.
1144 4659 1216 4725 Dap.
1229 4661 1262 4710 iv.
1274 4663 1317 4724 ³⁶·

804 4751 866 4807 ua
