3542 5359
381 590 445 653 504
655 569 991 631 MULTIPLICATIO
1015 568 1271 629 SPECIERUM.

383 736 501 818 inquo
516 736 590 799 loco
605 745 639 800 et
653 733 717 799 sub
734 734 821 799 trina
836 733 1043 798 dimensione
1057 732 1182 797 claudit
1191 752 1303 797 secum
1320 752 1365 795 ex
1381 730 1549 795 incidenti

383 839 591 904 debilitatem
624 840 745 922 speciei
759 836 779 901 ¹.
826 838 910 901 Ideo
939 837 1021 903 haec
1050 838 1175 920 species
1207 856 1273 901 non
1300 846 1447 900 meretur
1478 836 1549 898 dici

385 964 515 1025 corpus,
531 943 649 1007 saltem
672 963 748 1005 curn
771 943 881 1006 medio
897 942 929 1004 in
945 962 1013 1023 quo
1037 950 1087 1005 est
1107 960 1234 1024 ponens
1255 941 1288 1004 in
1309 960 1488 1003 numerum
1513 940 1550 1001 in

385 1048 472 1110 trina
488 1048 692 1112 dimensione
707 1057 741 1111 et
757 1047 819 1110 loci
835 1045 1110 1109 determinatione
1123 1069 1131 1123 ;
1153 1045 1212 1108 sed
1229 1053 1279 1108 est
1295 1063 1363 1107 una
1377 1043 1550 1107 dimensio

390 1160 425 1214 et
439 1170 524 1213 unus
540 1148 641 1226 locus,
657 1149 778 1232 quibus
793 1170 897 1212 unum
911 1169 1031 1231 corpus
1052 1146 1277 1230 principaliter
1295 1146 1551 1230 correspondet,

386 1255 511 1318 scilieet
527 1254 637 1335 ipsum
653 1254 809 1329 medium,
825 1254 1042 1317 assimilatum
1058 1263 1171 1316 tamen
1187 1252 1300 1335 agenti
1320 1271 1380 1333 per
1396 1250 1551 1334 speciem

386 1358 457 1438 ejus
483 1357 687 1441 corporalem
712 1357 960 1441 incompletam,
985 1357 1071 1420 unde
1093 1367 1145 1420 est
1167 1376 1286 1440 corpus
1312 1356 1346 1418 in
1371 1366 1449 1419 actu
1477 1356 1551 1418 dis·
1661 1372 1662 1383 ³

388 1462 536 1540 tinctum,
565 1471 599 1525 et
629 1462 704 1525 ideo
734 1473 785 1525 est
814 1462 984 1544 corporale
1014 1463 1047 1524 in
1080 1482 1219 1544 corpore
1248 1459 1431 1537 actualiter,
1463 1459 1553 1522 alias
1662 1470 1663 1477 ’

390 1565 639 1629 accidentaliter
661 1567 819 1629 existens.

222 1690 381 1756 Thespeeies
437 1667 538 1750 Quod
565 1669 665 1734 etiam
692 1668 889 1753 generaliter
916 1690 976 1752 pro
1003 1670 1093 1732 omni
1123 1670 1233 1751 specie
1262 1669 1416 1733 videatur
1446 1688 1554 1751 posse

223 1756 371 1872 111anth
393 1772 538 1857 proferri,
553 1773 644 1855 quod
667 1775 793 1855 species
817 1774 941 1838 incedit
965 1793 1023 1855 per
1044 1795 1081 1838 se
1103 1774 1135 1837 in
1160 1774 1281 1851 medio,
1296 1773 1373 1838 licet
1396 1772 1554 1836 medium

223 1832 380 2007 legltgtssm
393 1879 436 1940 sit
452 1876 621 1940 immobile
636 1885 670 1940 et
684 1877 842 1960 quietum,
855 1888 890 1942 et
908 1897 953 1940 ex
969 1897 1029 1940 sua
1040 1886 1205 1959 potestate
1217 1878 1302 1960 petit
1317 1876 1390 1939 loca
1405 1877 1555 1953 diversa,

226 2088 357 2165 snbstmce
396 2090 511 2157 moto;
532 2081 573 2143 sit
600 2081 654 2153 ita,
679 2081 769 2162 quod
798 2082 965 2164 quiescat;
995 2102 1097 2163 quare
1124 2091 1176 2145 est
1200 2102 1330 2164 corpus,
1359 2101 1436 2144 curn
1464 2080 1556 2145 nihil

226 2151 358 2269 {mh-3⁶1„
396 2208 456 2269 per
473 2206 508 2249 se
530 2194 731 2249 transmutat
754 2185 863 2249 locum
886 2187 920 2249 in
944 2206 1082 2268 corpore
1104 2186 1295 2268 quiescente
1320 2186 1381 2249 nisi
1406 2205 1556 2269 corpus;
1661 2164 1663 2243 l

228 2232 383 2335 tllmsecond.
396 2290 572 2355 dicendum
599 2299 658 2367 est,
681 2291 772 2371 quod
798 2310 863 2353 non
894 2301 945 2354 est
971 2291 1059 2354 idem
1090 2310 1226 2355 numero
1255 2290 1287 2353 in
1316 2291 1423 2373 prima
1455 2301 1558 2373 parte

397 2394 495 2457 medii
510 2402 544 2456 et
558 2394 702 2456 secunda
717 2402 752 2456 et
766 2392 847 2458 aliis.
894 2395 965 2458 Nec
986 2393 1066 2457 illud
1088 2394 1179 2476 quod
1203 2395 1304 2457 estin
1327 2404 1419 2476 parte
1440 2394 1558 2475 prima

398 2500 471 2562 exit
487 2517 570 2571 eam,
586 2516 648 2559 nec
670 2498 820 2561 similiter
837 2497 927 2579 quod
947 2508 999 2562 est
1020 2498 1053 2561 in
1073 2498 1219 2563 secunda
1236 2498 1328 2561 vadit
1348 2497 1391 2560 ad
1408 2498 1557 2573 tertiam,

400 2602 459 2665 sed
472 2600 639 2683 quaelibet
652 2600 684 2664 in
696 2621 757 2663 suo
769 2601 908 2682 quiescit
921 2599 1027 2680 loco²;
1048 2612 1081 2665 et
1094 2602 1169 2665 ideo
1184 2622 1249 2665 non
1262 2611 1311 2665 est
1322 2601 1446 2684 aliquid
1459 2604 1557 2684 quod

400 2700 572 2769 moueatur
597 2705 642 2769 ibi
668 2703 810 2768 deloco
835 2705 878 2768 ad
904 2705 1023 2781 locum,
1044 2706 1103 2770 sed
1127 2715 1178 2769 est
1203 2705 1359 2769 continua
1378 2707 1559 2788 generatio

400 2828 505 2873 novae
520 2808 576 2888 rei,
592 2809 677 2872 sicut
692 2818 743 2871 est
758 2808 802 2871 de
817 2808 935 2871 umbra
949 2830 1035 2891 quae
1051 2828 1117 2872 non
1134 2819 1285 2872 movetur
1299 2810 1359 2873 sed
1375 2821 1560 2874 renovatur
1660 2878 1662 2901 ÷

400 2914 530 2979 diversa
546 2921 580 2976 et
595 2914 734 2985 diversa,
752 2931 814 2976 nec
835 2923 885 2976 est
903 2914 1073 2976 renovatio
1088 2932 1189 2995 penes
1205 2912 1278 2977 loca
1296 2914 1429 2997 proprie
1445 2922 1479 2976 et
1499 2934 1561 2997 per

225 2017 380 2072 incutientia
395 2001 460 2045 non
483 1991 642 2063 operante
666 1981 790 2063 aliquid
819 1982 891 2064 ipso
916 1982 1037 2060 medio,
1065 2002 1125 2045 nec
1146 1981 1283 2063 juvante
1306 1990 1463 2045 movente
1486 2000 1555 2045 nec
1661 2052 1662 2055 Ἴ

402 3038 449 3095 se,
464 3018 522 3081 sed
537 3036 638 3099 penes
653 3016 812 3098 subjecta,
830 3017 909 3098 quia
924 3017 1052 3100 species
1062 3027 1113 3080 est
1129 3017 1240 3100 passio
1258 3017 1368 3089 medii,
1384 3036 1446 3081 nec
1461 3016 1561 3082 locus
1660 3046 1661 3049 ¹

402 3122 448 3185 ibi
465 3122 640 3202 requiritur
655 3122 715 3184 nisi
729 3119 821 3186 locus
836 3121 944 3186 medii.

236 3246 331 3309 Whya
450 3226 487 3289 Si
515 3227 646 3289 dicatur
674 3227 765 3307 quod
796 3236 888 3289 moto
919 3246 994 3289 aere
1023 3247 1082 3309 per
1114 3234 1248 3291 ventum
1279 3226 1333 3290 vel
1362 3225 1463 3301 aliud,
1491 3246 1561 3291 non

235 3322 375 3427 gfflg
406 3339 557 3394 movetur
578 3329 713 3411 species,
735 3330 794 3393 sed
817 3331 1000 3395 secundum
1026 3331 1167 3394 eandem
1198 3331 1428 3394 extensionem
1453 3331 1563 3395 lineae

238 3453 283 3494 not
293 3442 367 3519 ancer
406 3433 457 3499 vel
476 3433 634 3517 sphaerae
659 3435 815 3497 continue
840 3455 861 3497 a
886 3456 948 3499 suo
975 3445 1096 3517 agente
1122 3434 1364 3518 multiplicatur,
1388 3455 1563 3517 occupans
1659 3430 1660 3456 ¹

237 3510 384 3626 {ffiffie
408 3540 518 3603 locum
539 3536 645 3600 fixum
667 3538 872 3601 immobilem
892 3540 1076 3602 secundum
1095 3560 1131 3602 se
1149 3549 1268 3613 toturn,
1283 3539 1360 3603 licet
1381 3550 1564 3603 renovetur

238 3641 313 3691 foroe.
408 3643 589 3707 secundum
609 3651 720 3724 partes
743 3643 842 3706 medii
865 3642 899 3705 in
923 3644 1041 3707 eodem
1061 3643 1145 3720 loco,
1168 3654 1205 3707 ut
1228 3663 1313 3706 nunc
1340 3652 1466 3707 tactum
1500 3654 1564 3722 est,

408 3749 465 3811 sed
488 3747 518 3809 si
540 3757 626 3810 esset
648 3746 877 3811 indistinctum
896 3746 940 3809 ab
963 3768 1040 3812 aere
1060 3758 1094 3811 et
1118 3747 1190 3828 ejus
1210 3747 1328 3830 passio,
1344 3757 1424 3811 tunc
1446 3767 1565 3811 move·

408 3862 498 3916 retur
513 3860 605 3914 moto
620 3870 703 3925 aere,
720 3851 797 3931 quia
814 3852 1025 3915 moventibus
1040 3852 1135 3915 nobis
1154 3862 1330 3915 moventur
1344 3851 1458 3914 omnia
1473 3870 1566 3933 quae

409 3956 443 4018 in
467 3954 563 4018 nobis
586 3964 665 4018 sunt
694 3953 886 4018 indistincta
917 3954 949 4017 in
980 3955 1261 4031 dimensionibus;
1287 3955 1465 4019 dicendum
1501 3968 1566 4033 ὅτ,

410 4060 500 4143 quod
520 4059 602 4122 haec
617 4068 667 4122 est
684 4057 814 4122 fallacia
831 4059 1066 4140 consequentis
1080 4081 1101 4122 a
1116 4060 1245 4123 duabus
1261 4059 1366 4121 causis
1385 4061 1429 4123 ad
1449 4080 1567 4127 unam.

444 4243 452 4271 ¹
471 4241 528 4289 The
540 4257 596 4303 ray,
604 4240 683 4302 being
695 4240 805 4303 nothing
814 4241 950 4290 whatever
961 4241 1006 4290 but
1017 4256 1032 4289 a
1042 4241 1146 4303 portion
1158 4242 1188 4289 ol
1196 4242 1240 4290 the
1258 4241 1369 4290 medium
1381 4246 1571 4309 momenurtly

412 4321 532 4373 modified
541 4320 576 4381 by
587 4320 632 4368 the
643 4328 731 4382 agent,
740 4320 788 4369 has
800 4336 835 4368 no
846 4320 1008 4369 dimensions
1019 4321 1096 4369 other
1104 4321 1167 4369 than
1179 4321 1254 4370 those
1267 4320 1296 4369 ot
1304 4320 1359 4369 that
1371 4322 1475 4382 portion
1483 4326 1516 4373 ol
1523 4326 1573 4375 the

411 4402 530 4453 medium

445 4482 455 4508 ²
471 4479 535 4528 Thi,
546 4492 664 4541 passage,
676 4478 728 4527 and
738 4478 834 4527 indeed
845 4479 891 4526 the
901 4478 989 4527 whole
1000 4478 1116 4540 chapter,
1129 4477 1248 4527 contains
1264 4478 1375 4540 striking
1385 4480 1577 4543 anticipatione
1655 4508 1656 4511 ¹

413 4559 443 4607 ol
452 4558 559 4606 modern
571 4556 687 4618 physical
704 4558 817 4606 theoria
833 4572 862 4606 ns
879 4565 907 4606 to
924 4557 1093 4619 propagation
1111 4557 1141 4605 os
1153 4557 1231 4605 force.
1267 4556 1292 4605 ls
1302 4556 1346 4605 the
1364 4560 1439 4607 word
1456 4576 1527 4611 mne
1544 4579 1577 4614 or

415 4635 564 4683 nudatam
574 4649 646 4682 were
657 4635 814 4685 substituted
824 4635 864 4683 lor
875 4652 921 4698 ray
932 4650 961 4685 or
971 4636 1064 4698 spaer‘rs,
1076 4635 1141 4685 little
1152 4635 1240 4685 would
1252 4636 1319 4685 need
1331 4636 1473 4701 changing.
