3542 5359
378 591 439 654 334
591 575 747 635 OPERIS
771 575 960 646 MAJORIS
983 575 1098 635 PARS
1122 575 1323 636 SEPTIMA.

379 739 525 802 aestibus
542 737 755 822 reciprocum,
767 715 801 803 et
816 740 919 803 modo
934 738 1090 802 adlevans
1107 759 1168 803 nos
1183 739 1299 805 subitis
1312 740 1532 816 incrementis,

380 842 482 907 modo
498 842 680 924 majoribus
691 843 822 906 damnis
834 841 984 907 deferens
999 844 1198 926 assidueque
1208 844 1349 926 jactans,
1361 863 1530 927 nunquam

379 949 489 1013 stabili
513 949 722 1013 consistimus
739 947 823 1011 loco.
869 945 1056 1010 Pendemus
1073 956 1108 1010 et
1128 946 1328 1011 fluctuamur
1343 957 1376 1012 et
1396 947 1480 1012 alter
1498 946 1532 1010 in

379 1054 520 1117 alterum
545 1054 722 1131 inlidimur,
741 1063 776 1117 et
798 1052 978 1137 aliquando
1001 1051 1208 1137 naufragium
1231 1052 1378 1128 facimus,
1401 1071 1533 1135 semper

379 1158 547 1221 timemus.
605 1157 644 1220 In
665 1157 731 1221 boc
754 1166 823 1220 tam
846 1155 1032 1239 procelloso
1054 1166 1087 1220 et
1113 1157 1147 1220 in
1175 1176 1290 1222 omnes
1315 1166 1532 1240 tempestates

379 1263 535 1345 exposito
551 1263 632 1326 mari
649 1262 881 1346 navigantibus
902 1261 1011 1324 nullus
1030 1273 1146 1344 portus
1167 1261 1229 1326 nisi
1250 1261 1366 1326 mortis
1386 1271 1437 1324 est
1460 1307 1467 1322 .
1491 1307 1498 1322 .
1523 1304 1531 1320 .

380 1365 453 1446 Est,
477 1366 557 1430 mihi
582 1367 679 1431 crede
706 1385 826 1447 magna
854 1365 991 1429 felicitas
1016 1366 1049 1429 in
1079 1366 1151 1450 ipsa
1176 1365 1332 1430 felicitate
1359 1364 1530 1427 moriendi.

380 1470 471 1534 Nihil
489 1473 523 1536 in
538 1480 646 1535 totum
663 1470 753 1535 diem
769 1469 904 1554 quidem
917 1481 1042 1534 certum
1052 1481 1112 1535 est.
1143 1469 1228 1553 Quis
1240 1471 1273 1533 in
1285 1480 1355 1533 tam
1368 1468 1378 1506 ¹
1392 1469 1531 1534 obscura

379 1585 414 1640 et
430 1575 578 1639 involuta
592 1574 730 1640 veritate
751 1575 879 1639 divinat
900 1583 1053 1638 utrumne
1073 1574 1225 1639 morienti
1238 1571 1252 1611 ²
1267 1595 1357 1638 mors
1377 1573 1531 1636 inviderit

380 1700 422 1742 an
438 1678 638 1743 consuluerit
649 1679 679 1743 i’

423 1784 580 1867 ‘Iniquus
596 1785 718 1867 estqui
735 1784 879 1848 muneris
894 1785 945 1848 sui
963 1784 1134 1849 arbitrium
1154 1785 1249 1848 danti
1269 1804 1335 1850 non
1352 1783 1506 1866 relinquit
1522 1805 1530 1859 ;

378 1889 496 1952 avidus
510 1890 567 1971 qui
583 1910 649 1954 non
665 1889 747 1952 lucri
762 1888 836 1952 loco
850 1888 954 1953 habet
968 1890 1059 1971 quod
1076 1889 1213 1972 accepit,
1229 1891 1289 1954 sed
1309 1889 1422 1954 damni
1437 1890 1530 1971 quod

378 1992 532 2058 reddidit.
579 1993 734 2075 Ingratus
758 1993 889 2075 estqui
916 1992 1069 2074 injuriam
1094 2003 1191 2057 vocat
1214 1992 1314 2056 finem
1337 1992 1530 2076 voluptatis,

378 2097 500 2161 stultus
524 2097 580 2180 qui
611 2096 737 2160 nullum
760 2096 903 2161 fructum
931 2117 1003 2162 esse
1027 2105 1123 2182 putat
1149 2097 1313 2160 bonorum
1341 2097 1403 2160 nisi
1434 2117 1530 2179 prae-

378 2203 528 2264 sentium.
551 2247 559 2262 .
581 2200 673 2265 ..Si
694 2201 769 2282 quis
791 2201 966 2284 pecuniam
990 2201 1149 2265 creditam
1171 2200 1307 2265 solvisse
1330 2221 1366 2264 se
1388 2201 1530 2264 moleste

378 2303 471 2380 serat,
485 2325 559 2369 eam
582 2305 777 2389 praesertim
798 2305 893 2387 cujus
915 2325 1011 2368 usum
1034 2306 1214 2387 gratuitum
1230 2306 1404 2387 acceperit,
1419 2325 1530 2370 nonne

378 2409 516 2490 injustus
538 2411 590 2473 vir
618 2408 803 2473 habeatur?
848 2409 952 2473 Dedit
979 2422 1096 2474 natura
1120 2411 1233 2488 vitam,
1255 2429 1352 2492 quae,
1374 2431 1435 2475 suo
1454 2409 1529 2491 jure

377 2533 449 2593 usa,
463 2523 535 2578 tum
551 2534 625 2578 eam
646 2513 752 2578 aufert
763 2513 786 2575 ³.
833 2514 904 2577 Nec
926 2514 981 2577 illa
1002 2515 1035 2577 in
1055 2515 1153 2598 culpa
1176 2525 1226 2578 est
1246 2513 1339 2595 cujus
1359 2524 1437 2578 nota
1457 2525 1530 2578 erat

377 2619 534 2696 conditi0‚
560 2619 618 2682 sed
642 2617 792 2683 mortalis
814 2618 915 2681 animi
943 2639 1019 2700 spes
1043 2619 1150 2692 avida,
1177 2639 1263 2702 quae
1284 2619 1424 2682 subinde
1446 2619 1527 2700 quid

377 2743 485 2787 rerum
505 2732 624 2786 natura
638 2723 690 2796 sit,
702 2721 915 2795 obliviscitur,
927 2741 987 2786 nec
1004 2742 1149 2804 unquam
1166 2722 1265 2786 sortis
1281 2741 1360 2786 suae
1376 2723 1529 2786 meminit

377 2827 439 2891 nisi
455 2847 530 2891 cum
551 2823 769 2892 admonetur?
812 2825 967 2909 ‘Quanto
993 2826 1047 2890 ille
1066 2827 1187 2908 justior
1210 2827 1267 2909 qui
1294 2827 1445 2890 nuntiata
1469 2824 1528 2890 filii

378 2942 484 2995 morte
495 2932 630 3013 dignam
641 2951 762 3013 magno
773 2932 842 2994 viro
852 2929 987 2996 vocem⁴
997 2932 1108 2995 emisit
1121 2953 1129 3010 ;
1141 2931 1244 3012 “Ego
1255 2951 1332 2994 cum
1344 2931 1442 3013 genui
1453 2941 1527 2995 tum

377 3037 571 3099 moriturum
597 3035 730 3100 scivi.’'.
754 3085 762 3098 .
787 3084 794 3101 .
818 3035 1033 3100 Gaudeamus
1059 3056 1099 3099 eo
1123 3036 1212 3120 quod
1241 3034 1385 3110 dabitur,
1409 3036 1529 3099 redda-

377 3159 515 3223 musque
534 3141 569 3204 id
590 3160 666 3203 cum
689 3160 923 3224 reposcamur.
948 3187 956 3200 .
980 3139 1173 3205 ,Utrumne
1195 3139 1327 3204 stultius
1351 3141 1394 3204 sit
1416 3140 1529 3204 nescio

376 3243 589 3307 mortalitatis
611 3242 719 3326 legem
743 3244 894 3327 ignorare
916 3265 957 3310 an
982 3244 1208 3325 impudentius
1228 3241 1397 3308 recusare?

206 3355 360 3420 eap.15,16.
418 3346 545 3411 ‘Divus
562 3346 738 3429 Augustus
757 3347 868 3411 amisit
890 3346 1065 3411 Octaviam
1081 3369 1228 3422 sororem
1252 3348 1530 3412 carissimam...

375 3470 523 3532 generos,
541 3451 670 3526 liberos,
688 3460 846 3533 nepotes;
877 3471 917 3515 ac
939 3472 1038 3515 nemo
1066 3453 1172 3534 magis
1194 3472 1240 3515 ex
1263 3451 1416 3515 omnibus
1439 3469 1531 3516 mor·

375 3553 498 3618 talibus
526 3554 697 3618 hominem
727 3575 800 3619 esse
829 3576 874 3629 se,
899 3557 979 3619 dum
1007 3556 1091 3618 inter
1116 3553 1268 3619 homines
1295 3565 1375 3630 erat,
1401 3555 1529 3634 sensit3

374 3670 487 3724 tamen
502 3669 553 3723 tot
569 3669 746 3742 tantosque
763 3659 869 3722 luctus
884 3660 973 3741 cepit
989 3678 1098 3722 rerum
1111 3659 1260 3722 omnium
1273 3660 1529 3742 capacissimum

375 3763 446 3845 ejus
468 3774 593 3846 pectus,
608 3764 780 3844 victorque
802 3763 899 3827 divus
915 3761 1097 3844 Augustus,
1116 3782 1182 3827 non
1204 3764 1354 3845 gentium
1377 3772 1530 3827 tantum-

376 3868 477 3931 modo
501 3877 723 3945 externarum,
740 3868 797 3931 scd
821 3867 922 3931 etiam
940 3866 1092 3930 dolorum
1116 3866 1198 3931 suit’
1244 3866 1332 3931 ‘Sed
1355 3879 1392 3931 ut
1414 3868 1530 3932 omnia

373 3973 438 4036 alia
460 3971 617 4055 exempla
636 3981 867 4054 praeteream.
888 3971 989 4036 ..bis
1012 3991 1066 4035 me
1089 3970 1232 4036 fraterno
1255 3971 1344 4037 luctu
1368 3973 1530 4055 adgressa

373 4075 504 4139 fortuna
522 4086 582 4155 est,
600 4075 652 4138 bis
672 4075 838 4139 intellexit
856 4075 942 4139 laedi
965 4096 1019 4138 me
1034 4097 1141 4158 posse,
1157 4077 1243 4142 vinci
1266 4097 1333 4140 non
1354 4097 1477 4158 posse.
1496 4123 1529 4140 ..

374 4181 419 4243 sic
433 4190 546 4244 tamen
561 4177 718 4244 affectum
738 4198 849 4243 meum
873 4180 945 4242 rexi
965 4189 1001 4244 ut
1024 4200 1086 4243 nec
1110 4180 1329 4263 relinquerem
1344 4180 1529 4263 quidquam

407 4383 415 4410 ¹
432 4386 520 4443 vitam,
531 4386 578 4443 lor,
588 4385 613 4434 iu
625 4391 685 4444 mm,
695 4384 728 4434 0.
739 4391 765 4434 et
778 4385 810 4432 D.
841 4383 871 4432 ln
883 4385 927 4433 the
939 4399 1010 4432 sume
1022 4393 1147 4434 sentence
1158 4385 1277 4434 morienti
1288 4385 1310 4433 is
1320 4384 1475 4434 substituted
1488 4387 1531 4435 sor

374 4463 445 4511 fratri
457 4469 502 4511 tuo
515 4464 544 4511 ol
553 4463 668 4524 original.

406 4541 416 4568 ²
433 4541 593 4590 Substituted
605 4541 645 4590 sor
655 4541 726 4590 {ratri
738 4549 784 4589 tuo
795 4541 826 4587 os
834 4540 944 4589 Seneca.
1100 4541 1110 4570 ³
1128 4541 1285 4592 Condensed
1297 4543 1364 4593 from
1376 4542 1495 4605 original.

407 4622 416 4650 ¹
435 4621 491 4668 The
503 4619 580 4670 MSS.
593 4621 667 4677 heve,
680 4635 799 4682 megaram
811 4618 859 4667 viri
870 4619 945 4669 fortis
956 4633 1052 4670 vocem.
