3542 5359
385 649 712 714 PERSPECTIVAE
737 654 851 714 PARS
879 653 1059 713 TERTIA:
1093 653 1202 714 DIST.
1229 656 1253 715 I.
1341 671 1397 734 133

244 817 362 882 Multis
385 839 465 902 ergo
489 817 594 882 modis
617 817 681 883 hoc
702 819 832 882 ostendi
854 828 977 900 potest,
992 819 1051 882 sed
1073 819 1153 901 quia
1175 818 1393 882 certissimum

243 933 295 988 est
310 922 462 986 omnibus
478 921 653 987 scientibus
668 923 920 1007 perspectivam,
933 923 1008 987 ideo
1024 943 1091 986 non
1107 933 1241 1006 oportet
1254 923 1397 1006 amplius

243 1027 420 1089 immorari.
467 1025 513 1090 Et
534 1048 577 1089 ex
599 1025 662 1090 hoc
683 1036 760 1089 tunc
777 1035 893 1110 patent
916 1024 1044 1090 infinita
1060 1027 1295 1108 pertractanti:
1319 1046 1396 1088 nam

244 1130 351 1212 primo
366 1130 522 1212 sequitur,
534 1131 624 1211 quod
640 1129 766 1213 species
781 1149 846 1192 non
859 1129 1007 1211 infigitur
1019 1131 1050 1193 in
1063 1129 1250 1192 substantia
1260 1129 1396 1211 speculi,

244 1255 304 1298 nec
327 1234 527 1317 imprimitur
549 1235 582 1297 in
606 1254 657 1311 e0,
681 1244 718 1297 ut
740 1234 895 1296 aestimat
916 1233 1045 1315 vulgus,
1065 1235 1123 1297 sed
1147 1234 1254 1296 solum
1280 1235 1396 1297 transit

244 1359 304 1422 per
327 1337 398 1418 ejus
420 1336 627 1420 superficiem
652 1357 755 1419 usque
782 1338 814 1399 in
839 1338 1030 1420 oppositam
1057 1338 1394 1421 partemsecundum

243 1440 480 1523 aequalitatem
496 1440 693 1523 angulorum
709 1440 908 1504 incidentiae
923 1451 957 1504 et
973 1440 1170 1504 reflexionis.

289 1544 335 1608 Et
358 1565 432 1608 curn
456 1545 502 1607 ita
524 1545 577 1618 sit,
592 1553 671 1607 tunc
694 1544 721 1606 si
744 1543 865 1621 lumen,
881 1546 972 1626 quod
988 1546 1079 1608 venit
1101 1566 1122 1608 a
1145 1545 1223 1608 luna
1242 1556 1275 1609 et
1294 1544 1398 1608 stellis
1410 1553 1487 1620 Ligur
1502 1555 1566 1603 from

244 1657 331 1712 esset
347 1648 405 1710 lux
428 1649 508 1712 solis
535 1645 659 1711 reflexa
674 1669 694 1710 a
709 1647 944 1729 superficiebus
964 1668 1088 1723 earum,
1104 1658 1141 1712 ut
1155 1648 1274 1732 vulgus
1290 1648 1397 1732 philo·
1410 1621 1551 1745 {fflffi’

244 1753 458 1836 sophantium
494 1753 657 1823 aestimat,
695 1761 773 1816 tunc
811 1752 845 1815 in
875 1753 1020 1817 videndo
1053 1753 1167 1816 lunam
1197 1762 1231 1816 et
1264 1752 1397 1893 stellarp
1410 1752 1566 1868 mand

1329 1878 1361 1920 m
1389 1908 1397 1935 l

244 1857 430 1920 videremus
445 1853 560 1918 solem.
608 1855 653 1920 Et
671 1855 747 1919 ideo
762 1875 828 1918 non
842 1857 951 1919 solum
967 1866 1062 1941 patet
1077 1856 1141 1920 hoc
1156 1878 1228 1920 esse
1243 1857 1326 1921 falsu

244 1971 379 2044 propter
400 1959 637 2041 aequalitatem
657 1959 853 2043 angulorum
874 1959 1071 2023 incidentiae
1089 1970 1124 2024 et
1146 1960 1342 2037 reflexionis,
1361 1971 1398 2025 ut

245 2065 278 2128 in
310 2064 531 2148 superioribus
560 2064 825 2128 demonstratum
856 2073 917 2138 est,
947 2065 1129 2127 secundum
1159 2064 1333 2129 Averroen
1361 2067 1394 2129 in

243 2168 389 2231 secundo
416 2167 509 2231 Coeli
535 2176 568 2230 et
598 2167 724 2242 Mundi,
751 2168 809 2231 sed
841 2178 978 2250 propter
996 2188 1131 2232 causam
1155 2189 1242 2231 nunc
1262 2178 1398 2233 tactam.

245 2271 291 2334 Et
302 2273 421 2334 eodem
436 2271 538 2334 modo
552 2272 710 2352 sequitur,
719 2273 810 2352 quod
827 2281 958 2335 cometa
974 2291 1041 2335 non
1056 2271 1094 2334 fit
1109 2293 1169 2355 per
1180 2272 1396 2336 reflexionem

244 2375 325 2438 lucis
362 2373 479 2437 solaris
515 2394 536 2435 a
573 2372 745 2455 superficie
783 2375 908 2449 stellae,
945 2377 1128 2440 secundum
1166 2377 1257 2458 quod
1299 2376 1398 2441 multi

243 2487 423 2562 posuerunt
437 2497 569 2541 comam
587 2498 689 2560 quam
713 2479 813 2542 trahit
837 2489 969 2544 cometa
990 2479 1072 2544 nihil
1093 2479 1185 2544 aliud
1203 2500 1276 2544 esse
1295 2501 1397 2563 quam

244 2584 304 2646 lux
327 2583 405 2646 solis
428 2581 553 2646 reflexa
571 2604 592 2646 a
611 2581 783 2666 superficie
805 2583 921 2647 stellae
944 2585 987 2647 ad
1010 2604 1080 2661 nos,
1095 2585 1148 2648 vel
1174 2587 1264 2667 quod
1287 2585 1399 2648 lumen

243 2688 379 2750 veniens
397 2687 440 2751 ad
460 2706 521 2748 nos
536 2707 556 2749 a
572 2696 703 2750 cometa
722 2689 764 2750 sit
784 2687 843 2749 lux
863 2688 945 2750 solis
967 2689 1175 2752 reverberata
1191 2709 1211 2751 a
1226 2687 1401 2770 superficie

243 2789 383 2872 alicujus
403 2789 530 2854 stellae.
577 2789 645 2854 Sed
666 2789 729 2854 hoc
745 2790 864 2856 salsum
881 2801 940 2857 est.
986 2793 1076 2856 Nam
1098 2803 1178 2856 tunc
1197 2793 1231 2855 in
1253 2793 1398 2856 videndo

243 2907 411 2959 cometam
438 2895 626 2958 videremus
652 2895 768 2970 solem,
790 2896 883 2978 quod
909 2895 1028 2960 falsum
1055 2909 1115 2960 est.
1162 2897 1208 2960 Et
1238 2916 1313 2960 cum
1344 2897 1399 2962 iris

246 2999 326 3063 nihil
357 2998 446 3061 aliud
469 2999 512 3061 sit
534 3018 635 3080 quam
659 2999 771 3082 imago
797 3000 875 3063 solis
904 3000 1030 3065 reflexa
1054 3021 1074 3063 a
1099 3001 1187 3065 nube
1217 3001 1339 3076 rorida,
1362 3011 1399 3064 ut

243 3123 360 3167 omnes
390 3103 566 3167 aestimant
592 3112 627 3165 et
657 3113 784 3166 certum
816 3113 874 3183 est,
905 3106 990 3168 sicut
1020 3106 1181 3187 probatur
1208 3105 1341 3167 inferius
1366 3105 1399 3167 in

244 3205 392 3271 Scientia
416 3205 689 3288 Experimentali‚
714 3216 792 3272 tunc
823 3210 855 3272 in
886 3210 1032 3273 videndo
1063 3210 1186 3272 nubem
1211 3210 1401 3274 videremus

244 3312 361 3387 solem,
388 3321 421 3375 et
448 3311 528 3374 nihil
552 3311 665 3388 aliud;
693 3314 783 3395 quod
811 3323 924 3378 tamen
951 3315 1081 3378 videtur
1108 3313 1299 3392 absurdum,
1325 3334 1399 3378 cum

242 3417 334 3481 visus
352 3415 506 3480 aestimet
526 3436 562 3479 se
580 3416 692 3479 videre
710 3417 835 3481 colores
855 3428 888 3480 et
907 3439 1020 3482 arcum
1040 3417 1234 3481 coloratum.
1281 3417 1349 3482 Sed
1366 3420 1399 3481 in

244 3519 315 3585 sole
332 3540 393 3584 nec
408 3531 459 3583 est
475 3519 550 3583 talis
566 3518 679 3602 figura,
692 3540 754 3583 nec
770 3532 847 3586 sunt
863 3522 908 3584 ibi
924 3524 1008 3586 tales
1023 3520 1161 3586 colores.
1199 3521 1267 3586 Sed
1280 3524 1322 3585 de
1337 3522 1400 3586 hoc

245 3625 480 3691 certificabitur
502 3626 665 3706 posterius
688 3645 841 3689 sermone
862 3624 982 3689 latiori.

291 3730 336 3792 Et
362 3749 437 3792 cum
457 3728 509 3792 his
528 3729 701 3791 sciendum
722 3739 783 3808 est,
802 3730 893 3811 quod
915 3750 967 3793 res
988 3751 1055 3793 non
1075 3713 1214 3812 appaict
1234 3729 1318 3792 visui
1342 3749 1402 3813 per
1414 3751 1544 3826 apparent

245 3832 462 3898 reflexionem
484 3833 518 3896 in
540 3832 615 3896 loco
637 3853 707 3910 su0,
728 3835 807 3916 quia
827 3834 918 3898 visus
948 3845 999 3898 est
1021 3844 1173 3898 assuetus
1202 3834 1315 3898 videre
1343 3853 1403 3915 per
1414 3817 1565 3932 {Jffllff

1414 3947 1503 4010 object.

278 4047 286 4076 ¹
304 4047 418 4097 Seevol.
430 4046 446 4096 i.
458 4061 483 4110 p.
495 4061 556 4110 1⁹93
573 4046 629 4096 also
641 4055 705 4097 note
717 4063 752 4096 on
765 4064 789 4111 p.
806 4063 853 4110 113
864 4047 896 4097 oi
906 4048 957 4096 this
973 4047 1074 4096 volume
1089 4063 1120 4096 ns
1134 4054 1163 4096 to
1179 4047 1223 4094 the
1239 4045 1363 4105 difficulty
1375 4045 1406 4095 oi

245 4125 407 4188 reconciling
423 4127 497 4174 these
516 4133 670 4175 statements
690 4126 754 4175 with
776 4127 889 4176 Bscon’s
912 4126 980 4175 lucid
1004 4126 1170 4188 explanation
1189 4124 1218 4173 oi
1234 4125 1278 4172 the
1300 4123 1401 4173 moon⁰s

245 4206 348 4270 phasa-
382 4205 464 4254 what
475 4205 509 4253 he
520 4221 582 4267 says
599 4205 663 4254 here
676 4220 706 4254 ss
718 4213 745 4254 to
761 4206 806 4254 the
822 4205 1022 4254 non-existence
1038 4203 1069 4252 oi
1078 4205 1123 4252 the
1134 4204 1206 4252 sun's
1223 4203 1306 4264 image
1317 4201 1344 4250 in
1356 4203 1401 4251 the

245 4299 323 4332 moon
339 4284 362 4332 is
377 4284 514 4346 explained
529 4292 557 4333 to
571 4284 615 4332 the
632 4285 740 4333 modern
755 4285 826 4333 mind
840 4285 875 4346 by
886 4284 957 4332 what
971 4283 994 4331 is
1009 4282 1066 4331 said
1083 4281 1111 4330 in
1125 4283 1170 4329 the
1184 4280 1240 4329 first
1257 4281 1365 4342 chapter
1376 4280 1406 4330 oi

244 4363 289 4410 the
300 4371 404 4425 proeent
413 4364 519 4426 section,
531 4363 558 4410 in
570 4363 656 4411 which
665 4363 710 4411 the
719 4363 861 4411 difference
872 4362 993 4410 between
1003 4359 1085 4422 rough
1096 4361 1147 4408 and
1157 4359 1276 4421 polisbed
1285 4359 1401 4408 surisces

244 4441 310 4490 with
329 4441 422 4504 regsrd
442 4448 469 4490 to
486 4441 613 4490 rellexion
633 4441 656 4489 is
674 4457 734 4490 now
754 4441 855 4504 spoken
875 4441 910 4491 οἱ.
942 4441 994 4490 But
1010 4441 1055 4488 the
1072 4438 1213 4488 medisevsl
1231 4438 1302 4486 mind
1320 4438 1400 4487 found

243 4535 260 4568 a
271 4521 395 4582 difficulty
408 4519 434 4568 in
446 4517 599 4581 conceiving
609 4520 654 4568 the
665 4520 765 4569 surisce
776 4521 806 4569 os
818 4537 871 4583 any
883 4536 935 4570 one
947 4519 977 4569 os
985 4520 1029 4568 the
1040 4517 1169 4580 heavenly
1180 4516 1271 4565 bodies
1282 4533 1312 4565 ss
1322 4517 1403 4576 being

244 4603 320 4650 other
332 4601 394 4650 than
411 4599 537 4664 perlectly
549 4600 653 4649 smooth
669 4600 721 4649 sod
737 4600 854 4652 uniform.
889 4599 929 4650 Ci.
944 4600 990 4648 the
1008 4596 1152 4647 discussion
1170 4596 1197 4644 in
1214 4596 1260 4644 the
1276 4593 1402 4645 Pamdiso

244 4681 330 4748 (Cant
342 4681 366 4732 ii.
381 4681 491 4744 ⁴9·¹4⁸i
505 4695 534 4730 ss
546 4687 574 4731 to
586 4681 631 4730 the
642 4679 716 4729 lunar
727 4687 809 4742 spots.
