3542 5359
392 754 528 804 How
548 770 579 803 a

386 819 636 897 lnminous

384 900 623 1002 ζὲζέἓηα

389 1018 580 1068 visible.

751 564 835 641 64
1198 567 1511 627 OPERIS
1559 569 1937 640 MAJORJS
1987 570 2218 631 PARS
2268 573 2614 645 QUINTA.

841 728 977 794 Sed
1011 729 1317 812 objicitur
1338 731 1426 795 de
1458 731 1644 795 radio
1674 731 1779 795 vel
1810 754 1959 797 aere
1990 734 2209 800 lucido
2240 737 2523 800 cadente
2553 756 2672 818 per
2701 734 3057 800 fenestram

750 835 933 916 quod
988 834 1097 898 ille
1148 845 1251 899 est
1307 835 1478 899 bene
1523 836 1815 913 visibilis,
1861 849 1928 902 et
1979 849 2207 902 tamen
2255 860 2371 903 aer
2423 840 2535 904 ille
2588 850 2687 904 est
2742 860 2944 915 raru5‚
2991 851 3058 903 et

1786 2243 1906 2275 CEMT
1915 2247 2011 2279 ΗῊΜ

1734 2307 1870 2354 ΤΒῚἿῌ
1878 2311 1902 2343 5
1931 2311 1963 2342 ΙΙΙ
1971 2311 2067 2343 urm

1818 3510 1941 3559 Fm.
1966 3507 2044 3571 36.

746 3672 962 3733 spheres
979 3686 1068 3720 are
1087 3672 1373 3731 described,
1393 3672 1437 3721 is
1454 3672 1710 3734 anything
1725 3673 1837 3722 said
1856 3674 1916 3722 of
1933 3674 2023 3722 the
2043 3686 2276 3735 aqueous
2293 3678 2477 3719 nature
2491 3668 2552 3719 of
2567 3671 2654 3718 the
2674 3668 2823 3718 ninth
2846 3668 3051 3730 sphere.

747 3747 769 3795 1
794 3748 991 3809 subjoin
1016 3749 1105 3798 the
1136 3750 1358 3811 diagram
1384 3751 1657 3800 contained
1693 3751 1745 3798 in
1774 3749 1993 3800 Bacon’s
2017 3758 2368 3811 commentary
2392 3765 2459 3798 on
2483 3747 2778 3797 Aristotle’s
2801 3745 3054 3796 Secutum

744 3824 1054 3874 Secretorum
1091 3827 1386 3889 (Bodleian,
1420 3828 1630 3878 Tanner
1666 3829 1840 3890 MSS„
1879 3832 2012 3891 1165,
2042 3829 2219 3878 which
2255 3829 2533 3876 illustrates
2569 3827 2671 3876 this
2704 3826 2842 3874 view
2878 3824 2938 3873 os
2965 3825 3054 3872 the

745 3903 974 3953 celestial
994 3907 1228 3967 spheres.
1301 3906 1346 3954 It
1380 3907 1426 3956 is
1464 3908 1738 3970 appended
1770 3917 1824 3957 to
1857 3909 1939 3956 his
1970 3914 2093 3957 note
2115 3922 2184 3955 on
2209 3909 2290 3956 ch.
2315 3909 2380 3968 67
2406 3906 2465 3955 of
2490 3906 2579 3954 the
2613 3906 2865 3954 Set-retum
2891 3904 3053 3953 Secre-

744 3987 930 4042 torum,
967 3984 1018 4031 in
1052 3984 1227 4033 which
1272 3985 1341 4034 he
1388 3986 1663 4036 observes:
1710 3990 1725 4014 ‘
1750 3986 1983 4048 Sphaera
2025 3986 2347 4034 circumdans
2387 3986 2584 4034 scilicet
2624 3984 2810 4046 omnia,
2855 3983 3052 4032 scilicet

743 4061 944 4133 coelum
979 4078 1206 4123 nonum3
1240 4070 1293 4111 et
1325 4071 1406 4112 est
1434 4064 1634 4112 coelum
1668 4080 1888 4125 aqueum
1926 4071 1976 4112 et
2000 4063 2298 4126 empireum,
2325 4071 2383 4112 ut
2413 4064 2757 4124 intelligamus
2794 4062 2891 4110 hos
2920 4062 3052 4109 duos

743 4140 920 4189 coelos
957 4140 1039 4190 hic
1077 4141 1142 4190 ab
1182 4141 1461 4190 Aristotele
1501 4142 1869 4203 comprehendi
1909 4141 2004 4191 sub
2049 4143 2270 4203 sphaera
2316 4142 2635 4191 continente.
2708 4140 2842 4200 Quia
2887 4140 3053 4202 primo

745 4218 1132 4282 Metaphysicae
1156 4219 1277 4268 facit
1305 4221 1622 4269 mentionem
1656 4222 1721 4269 de
1755 4221 1901 4269 coelo
1927 4220 2125 4268 decimo
2160 4221 2299 4282 quod
2324 4226 2403 4268 est
2426 4220 2709 4281 empireum
2733 4218 3054 4267 circumdans

743 4297 941 4347 scilicet
975 4300 1149 4347 omnia
1181 4298 1412 4359 visibilia,
1440 4306 1495 4347 et
1522 4299 1652 4347 haec
1687 4300 1842 4348 habet
1870 4301 1997 4347 duas
2029 4298 2278 4362 sphaeras
2306 4298 2503 4347 scilicet
2535 4298 2737 4347 coelum
2770 4297 3054 4359 empireum

744 4382 797 4424 et
843 4375 1043 4425 coelum
1087 4392 1324 4438 aqueum.
1395 4375 1468 4425 Hi
1510 4377 1614 4425 duo
1654 4377 1785 4425 coeli
1823 4383 1946 4425 sunt
1984 4377 2268 4426 invisibiles
2309 4376 2607 4425 mortalibus
2642 4384 2696 4424 et
2735 4375 3054 4425 circumdant

744 4461 862 4502 octo
895 4455 1069 4503 coelos
1102 4455 1371 4503 inferiores
1405 4462 1460 4503 et
1491 4462 1710 4516 quatuor
1730 4456 1980 4518 sphaeras
2014 4455 2403 4503 elementorum.
2480 4454 2635 4503 Unde
2668 4455 3053 4515 quatuordecim

742 4538 866 4580 sunt
898 4533 1150 4595 sphaerae
1186 4533 1380 4582 mundi.
1451 4534 1532 4581 De
1567 4534 1679 4583 istis
1719 4542 1892 4583 autem
1927 4536 2107 4583 decem
2141 4534 2301 4582 coelis
2337 4548 2445 4581 non
2479 4533 2646 4581 solum
2688 4534 2917 4595 theologi
2959 4535 3054 4583 sed

744 4609 1038 4674 philosophi
1072 4611 1355 4673 loquuntur
1388 4620 1443 4660 ut
1485 4612 1876 4675 antiquissimus
1925 4612 2248 4676 Pythagoras
2294 4618 2349 4661 et
2380 4610 2697 4661 Aristoteles
2732 4612 2785 4661 in
2820 4612 3053 4661 secundo
