3542 5359
346 654 674 717 PERSPECTIVAE
698 653 813 715 PARS
838 654 999 714 PRIMA:
1034 655 1143 715 DIST.
1169 657 1229 715 III.
1337 672 1375 730 19

223 820 390 904 portiones
412 820 625 905 sphaerarum
648 820 862 891 diversarum,
879 829 913 883 et
934 820 1008 883 ideo
1031 839 1106 882 cum
1129 817 1194 883 hae
1215 820 1375 902 sphaerae

222 935 334 990 secent
349 947 394 1003 se,
410 935 543 1009 oportet
558 926 647 1009 quod
665 925 811 990 habeant
826 927 956 990 diversa
971 936 1092 991 centra.
1139 925 1275 990 Etcum
1295 946 1374 991 con·

222 1031 346 1093 cavitas
360 1030 456 1095 vitrei
477 1031 520 1094 sit
535 1050 647 1094 versus
665 1029 848 1112 glacialem,
863 1040 943 1095 tunc
961 1030 1032 1113 ejus
1049 1040 1198 1095 centrum
1220 1040 1271 1095 est
1288 1030 1375 1094 ultra

223 1144 373 1198 centrum
393 1134 481 1197 oculi
496 1156 610 1199 versus
629 1135 774 1198 anterius
794 1134 892 1197 oculi.
938 1133 1100 1200 Similiter
1113 1146 1262 1199 centrum
1284 1145 1377 1198 ante-

223 1238 315 1302 rioris
331 1238 480 1323 glacialis
499 1248 550 1303 est
571 1240 603 1303 in
620 1240 784 1322 profundo
800 1238 895 1304 oculi.
941 1237 1028 1303 Sunt
1048 1248 1161 1304 tamen
1180 1238 1244 1303 ista
1264 1248 1376 1304 centra

223 1362 321 1426 super
339 1344 482 1408 eandem
505 1342 626 1407 lineam
649 1351 774 1408 rectam
793 1362 879 1425 quae
902 1343 1003 1408 intrat
1025 1364 1084 1427 per
1101 1343 1250 1408 foramen
1273 1365 1377 1409 uveae

223 1448 395 1511 anterioris
417 1456 452 1513 et
474 1447 703 1531 perforamen
723 1447 814 1529 quod
838 1457 889 1512 est
911 1448 944 1510 in
968 1448 1180 1513 extremitate
1202 1450 1301 1527 nervi,
1319 1449 1376 1513 nbi

222 1550 337 1636 incipit
364 1553 470 1616 retina
496 1552 655 1636 expandi·
701 1550 852 1635 Corpora
878 1552 966 1615 enim
992 1552 1075 1616 haec
1100 1552 1147 1616 sic
1173 1555 1376 1634 ordinantur,

222 1658 404 1720 secundum
431 1666 585 1721 auctores
612 1656 853 1739 Perspectivae,
876 1656 1031 1721 videlicet
1053 1659 1143 1741 quod
1170 1679 1190 1722 a
1216 1657 1377 1724 foramine

222 1760 311 1833 ossis,
326 1761 385 1824 ubi
401 1762 501 1825 intrat
519 1780 647 1839 nervus,
658 1759 851 1839 extenditur
865 1781 984 1826 nervus
998 1782 1058 1845 per
1072 1760 1204 1845 aliquod
1221 1764 1375 1847 spatium,

223 1873 255 1927 et
270 1884 404 1947 semper
416 1864 520 1947 magis
536 1864 703 1942 dilatatur,
713 1885 887 1948 quousque
898 1865 1010 1930 veniat
1025 1866 1068 1929 ad
1081 1865 1376 1932 circumferentiam

221 1967 386 2050 sphaerae
410 1969 515 2033 totius
538 1967 696 2051 glacialis,
714 1977 748 2034 et
772 1969 996 2034 consolidatur
1017 1991 1094 2035 cum
1117 1972 1377 2037 circumferentia

222 2072 301 2154 ejus
352 2072 400 2135 Et
421 2081 501 2136 tunc
527 2092 628 2155 super
649 2074 895 2138 extremitatem
922 2074 1012 2137 nervi
1035 2076 1247 2159 componitur
1267 2086 1376 2140 totum

222 2175 372 2259 glaciale,
387 2186 422 2240 et
441 2176 631 2241 continetur
649 2176 682 2240 in
703 2176 845 2241 inferiori
866 2187 961 2260 parte
983 2198 1096 2253 uveae,
1110 2179 1201 2262 quod
1224 2179 1377 2245 Alhazen

156 2320 160 2331 ·
222 2292 317 2345 vocat
333 2292 497 2365 punctum
513 2281 726 2347 concavitatis
743 2302 854 2359 uveae,
869 2282 902 2347 in
919 2282 1013 2365 cujus
1028 2282 1147 2347 ultimo
1164 2294 1214 2349 est
1231 2286 1378 2350 foramen

222 2386 309 2469 quod
324 2396 379 2451 est
390 2384 586 2449 extremitas
597 2387 699 2466 nervi,
710 2384 766 2451 ubi
778 2386 891 2470 incipit
903 2408 996 2452 uvea.
1033 2384 1101 2453 Sed
1115 2389 1262 2453 medium
1275 2390 1378 2454 totius

222 2490 379 2575 glacialis,
394 2490 519 2555 scilicet
537 2489 657 2553 humor
671 2491 802 2568 vitreus,
818 2503 869 2556 est
884 2492 917 2555 in
932 2491 1057 2557 orificio
1072 2492 1251 2557 foraminis.
1288 2495 1377 2558 Nam

223 2596 420 2658 extremitas
435 2595 524 2658 nervi
540 2595 687 2659 continet
703 2596 847 2660 medium
870 2596 1030 2678 sphaerae
1048 2596 1151 2662 totius
1171 2598 1326 2680 glacialis,
1341 2609 1378 2662 ut

224 2698 301 2763 dicit
317 2700 483 2776 Alhazen,
498 2700 589 2782 quod
611 2701 758 2764 medium
779 2710 830 2763 est
851 2700 973 2765 humor
986 2701 1130 2778 vitreus3
1151 2713 1184 2765 et
1200 2722 1285 2765 uvea
1300 2721 1377 2767 con·

224 2803 388 2868 solidatur
410 2822 486 2866 cum
514 2803 776 2869 circumferentia
801 2803 963 2887 sphaerae
988 2804 1145 2890 glacialis.
1191 2806 1237 2869 Et
1261 2806 1380 2870 humor

224 2906 423 2990 albugineus
449 2918 625 2972 contentus
649 2910 681 2971 in
709 2928 793 2973 uvea
818 2910 982 2992 contingit
1008 2910 1182 2991 sphaeram
1209 2911 1380 2975 anterioris

224 3011 383 3093 glacialis,
397 3022 432 3076 et
453 3012 508 3075 ille
525 3012 630 3095 replet
652 3012 799 3077 foramen
824 3015 992 3097 usquead
1017 3023 1208 3079 contactum
1230 3034 1379 3091 corneae,

222 3136 287 3180 non
303 3117 399 3200 quod
414 3116 583 3199 contingat
598 3136 751 3181 comeam
766 3118 798 3181 in
817 3129 953 3203 puncto,
968 3118 1026 3183 sed
1046 3138 1106 3202 per
1125 3118 1379 3202 applicationem

222 3220 484 3303 superficierum,
506 3219 592 3284 sicut
611 3219 754 3305 sphaera
781 3223 916 3287 interior
940 3222 1128 3287 continetur
1150 3223 1194 3287 ab
1212 3224 1380 3289 exteriori.

222 3323 396 3407 Quoniam
419 3335 532 3387 autem
555 3324 745 3408 superficies
773 3346 924 3392 convexa
947 3347 1084 3392 corneae
1109 3338 1161 3392 est
1187 3328 1380 3393 continuata

223 3450 298 3494 cum
314 3428 493 3511 superficie
508 3430 612 3493 totius
628 3430 724 3510 oculi,
734 3439 768 3496 et
784 3451 859 3495 cum
870 3440 946 3496 toto
961 3430 1068 3510 oculo,
1077 3440 1114 3497 ut
1126 3433 1207 3497 dicit
1218 3431 1381 3509 Alhazen,

221 3544 359 3619 oportet
373 3534 465 3617 quod
481 3534 628 3600 habeant
644 3535 732 3599 idem
748 3546 909 3601 centrum.
957 3535 1003 3600 Et
1018 3537 1175 3618 quoniam
1191 3535 1381 3619 superficies

222 3658 367 3703 corneae
376 3658 522 3703 concava
533 3650 594 3714 est,
603 3640 831 3723 aequidistans
843 3639 1025 3723 superficiei
1035 3640 1190 3704 exteriori
1201 3660 1382 3720 convexae,

222 3750 359 3827 oportet
389 3745 481 3826 quod
519 3754 661 3826 utraque
693 3744 882 3827 superficies
912 3764 1053 3809 corneae
1081 3755 1115 3809 et
1144 3745 1261 3810 oculus
1289 3753 1383 3811 totus

222 3846 372 3911 habeant
400 3848 488 3912 idem
518 3858 677 3929 centrum,
704 3868 764 3932 per
790 3848 911 3912 librum
933 3848 1115 3913 Theodosii
1142 3849 1186 3912 de
1214 3850 1381 3931 sphaeris:

223 3952 388 4036 sphaerae
404 3952 493 4016 enim
508 3952 768 4035 aequidistantes
783 3954 991 4018 continentes
1006 3974 1051 4029 se,
1067 3972 1133 4016 una
1154 3954 1327 4017 continens
1347 3964 1382 4020 et

223 4056 289 4122 alia
303 4066 476 4136 contenta,
490 4057 616 4122 habent
634 4057 721 4121 idem
741 4066 901 4138 centrum,
917 4066 956 4121 ut
976 4057 1136 4139 sphaerae
1156 4058 1281 4133 mundi,
1298 4057 1382 4122 sicut

225 4163 355 4226 coelum
371 4162 553 4235 stellatum,
572 4172 606 4227 et
625 4160 765 4244 sphaera
786 4163 880 4247 ignis,
895 4162 1046 4226 similiter
1067 4162 1099 4225 in
1119 4162 1211 4227 aliis:
1233 4172 1382 4227 centrum

224 4267 311 4329 enim
348 4267 463 4331 mundi
497 4276 548 4331 est
578 4278 726 4332 centrum
757 4268 915 4332 omnium.
976 4267 1022 4331 Et
1051 4268 1209 4349 quoniam
1238 4286 1383 4330 concava

225 4368 417 4453 superficies
436 4391 586 4452 corneae,
601 4382 636 4436 et
655 4392 805 4437 convexa
827 4370 1017 4454 superficies
1037 4370 1184 4434 humoris
1205 4369 1383 4449 albuginei,

226 4476 282 4557 qui
306 4486 360 4539 est
381 4475 415 4539 in
441 4475 601 4539 foramine
623 4486 701 4540 sunt
727 4475 812 4540 sicut
838 4476 980 4558 sphaera
1006 4476 1140 4538 interior
1169 4482 1203 4537 et
1229 4472 1382 4550 exterior,

227 4590 360 4662 oportet
386 4580 479 4663 quod
506 4598 656 4644 convexa
682 4578 870 4662 superficies
894 4579 1040 4642 humoris
1069 4575 1234 4658 albuginei
1261 4574 1383 4640 habeat

227 4692 375 4747 oentmm
396 4684 487 4747 idem
508 4700 583 4747 cum
605 4682 794 4765 praedictis.
840 4679 908 4746 Sed
930 4682 1009 4764 quia
1030 4678 1221 4763 superficies
1240 4698 1385 4745 concava

776 4794 833 4845 (ΞΖ
