3542 5359
530 621 732 681 SCIENTIA
758 620 1149 682 EXPERIMENTALIS.
1357 637 1413 700 171

261 785 418 864 imitatur,
433 795 467 850 et
482 783 574 850 velut
592 784 688 850 simia
702 805 788 869 quae
803 805 905 869 opera
919 784 1092 850 hominum
1114 785 1231 850 nititur
1249 805 1416 869 peragere,

262 890 413 971 quamvis
429 910 496 954 non
513 889 677 971 intelligat
691 889 809 954 horum
825 889 998 953 rationem.
1034 889 1150 954 Virtus
1164 911 1243 973 ergo
1257 888 1417 954 clarificat

262 1004 410 1058 mentem
437 1004 475 1058 ut
498 1014 565 1058 non
590 992 697 1057 solum
725 993 863 1057 moralia
890 994 950 1056 sed
980 993 1079 1057 etiam
1107 993 1288 1059 scientialia
1312 993 1416 1057 homo

179 1130 187 1140 ·
261 1095 389 1161 facilius
416 1097 685 1180 comprehendat.
731 1096 777 1160 Et
799 1095 863 1161 hoc
886 1097 1026 1179 probavi
1048 1097 1223 1179 diligenter
1244 1098 1278 1160 in
1303 1095 1417 1162 multis

259 1202 438 1285 juvenibus
454 1202 597 1280 mundis,
607 1202 664 1284 qui
679 1211 816 1285 propter
831 1202 962 1265 animae
973 1202 1195 1266 innocentiam
1206 1201 1417 1285 proiecerunt

261 1305 349 1369 ultra
361 1306 393 1369 id
410 1306 501 1388 quod
517 1306 582 1370 dici
603 1315 723 1390 potest,
739 1306 874 1388 quando
895 1304 1082 1370 habuerunt
1104 1306 1277 1370 consilium
1298 1325 1416 1370 sanum

261 1410 305 1473 de
335 1410 496 1474 doctrina.
556 1410 610 1472 De
638 1410 758 1492 quibus
789 1417 839 1473 est
869 1409 956 1473 lator
984 1411 1219 1494 praesentium,
1249 1410 1293 1474 ad
1322 1409 1417 1491 cujus

261 1513 389 1576 radices
405 1513 592 1596 paucissimi
613 1512 808 1578 Latinorum
826 1514 1005 1597 attingunt.
1053 1512 1138 1578 Cum
1161 1515 1250 1577 enim
1272 1515 1315 1578 sit
1335 1515 1417 1580 satis

259 1616 389 1699 juvenis
399 1613 421 1694 ¹,
441 1628 479 1683 ut
501 1618 630 1682 circiter
650 1617 767 1702 viginti
793 1638 967 1695 annorum,
986 1628 1021 1682 et
1042 1639 1169 1703 pauper
1186 1619 1333 1696 omnino,
1356 1639 1417 1682 nec

261 1721 374 1805 potuit
389 1721 513 1786 habere
528 1722 713 1806 magistros,
731 1742 791 1786 nec
805 1723 1029 1804 quantitatem
1044 1723 1140 1787 unius
1155 1723 1233 1786 anni
1251 1723 1362 1806 posuit
1382 1723 1417 1786 in

262 1826 470 1892 addiscendo
500 1826 667 1910 magnalia
693 1846 780 1910 quae
806 1827 878 1900 scit,
905 1847 965 1890 nec
991 1828 1180 1909 estmagni
1207 1827 1328 1908 ingenii
1355 1846 1417 1892 nec

263 1930 452 2008 memoriae,
474 1951 541 1994 non
564 1940 677 2014 potest
705 1952 777 1996 esse
803 1931 869 1995 alia
898 1951 998 1996 causa
1023 1931 1085 1995 nisi
1110 1931 1215 2016 gratia
1241 1931 1305 1995 Dei
1332 1951 1418 2015 qnae

262 2045 400 2119 propter
408 2037 604 2100 munditiam
616 2037 748 2101 animae
763 2055 842 2100 suae
857 2035 951 2100 dedit
966 2037 996 2099 ei
1012 2034 1068 2098 illa
1082 2035 1248 2118 quaesere
1262 2037 1418 2101 omnibus

262 2141 473 2204 studentibus
502 2141 628 2206 donare
650 2141 838 2226 denegavit.
883 2141 973 2204 Nam
1002 2141 1098 2224 virgo
1121 2139 1337 2204 immaculata
1366 2160 1418 2204 re·

262 2245 363 2308 cessit
384 2265 405 2309 a
428 2263 482 2308 me
504 2265 564 2309 nec
589 2243 725 2327 aliquod
748 2265 851 2326 genus
876 2246 1005 2328 peccati
1028 2243 1178 2309 mortalis
1199 2244 1294 2327 potui
1319 2246 1353 2308 in
1376 2264 1418 2308 eo

264 2350 417 2426 invenire,
434 2369 626 2432 quanquam
642 2347 817 2432 diligenter
832 2349 996 2432 inquisivi,
1012 2359 1047 2413 et
1061 2350 1136 2413 ideo
1151 2349 1251 2414 habet
1270 2349 1418 2412 animam

263 2453 311 2518 ita
325 2451 448 2517 claram
464 2460 498 2516 et
517 2453 724 2537 perspicuam
745 2454 835 2536 quod
854 2454 987 2518 modica
1004 2453 1219 2518 instructione
1236 2455 1325 2536 cepit
1343 2453 1419 2535 plus

263 2577 365 2639 quam
381 2566 492 2640 potest
507 2557 683 2622 aestimari.
729 2556 776 2623 Et
790 2557 851 2622 ieci
869 2568 907 2622 ut
919 2557 1070 2638 juvarem
1085 2559 1129 2623 ad
1144 2558 1218 2636 hoc,
1232 2569 1270 2623 ut
1293 2559 1327 2622 hi
1350 2561 1419 2624 duo

260 2661 399 2744 juvenes
424 2661 532 2727 forent
556 2683 637 2727 vasa
664 2662 760 2728 utilia
783 2663 817 2725 in
846 2661 997 2726 Ecclesia
1020 2663 1095 2741 Dei,
1121 2673 1286 2745 quatenus
1306 2673 1417 2728 totum

262 2767 410 2830 studium
433 2787 493 2850 per
514 2768 657 2849 gratiam
681 2767 746 2831 Dei
769 2766 952 2830 rectificent
975 2766 1182 2830 Latinorum.

308 2871 441 2935 Tertius
466 2870 589 2953 gradus
615 2880 666 2934 est
691 2871 725 2934 in
747 2880 877 2953 septem
900 2870 997 2935 donis
1022 2869 1167 2952 Spiritus
1193 2869 1318 2947 Sancti,
1333 2884 1510 2951 quaeourer

264 2984 435 3040 enumerat
453 2975 566 3038 isaias
600 2973 747 3057 Quartus
763 2975 862 3039 estin
878 2973 1149 3052 beatitudinibus,
1158 2994 1241 3057 quas
1251 2975 1418 3039 Dominus
1430 2952 1554 3082 sslffffi

264 3079 298 3142 in
313 3078 491 3163 evangeliis
506 3079 712 3144 determinat.
743 3079 890 3162 Quintus
904 3089 956 3143 cst
971 3079 1003 3142 in
1018 3080 1168 3143 sensibus
1183 3079 1416 3160 spiritualibus.
1430 3085 1584 3150 experim-

265 3182 391 3248 Sextus
420 3192 471 3247 est
501 3183 534 3246 in
564 3183 733 3264 fructibus,
759 3185 803 3249 de
832 3183 952 3266 quibus
982 3193 1034 3249 est
1062 3203 1132 3266 pax
1163 3183 1302 3248 Domini
1332 3205 1418 3268 quae

264 3297 444 3370 exsuperat
459 3307 596 3352 omnem
611 3309 753 3354 sensum.
799 3286 970 3372 Septimus
980 3290 1132 3354 consistit
1149 3290 1182 3352 in
1198 3286 1370 3374 raptibus¹
1384 3299 1419 3355 et

265 3393 374 3456 modis
396 3412 510 3456 eorum
533 3394 714 3457 secundum
737 3395 826 3476 quod
849 3393 970 3458 diversi
992 3393 1214 3458 diversimode
1236 3395 1419 3476 capiuntur,

265 3507 303 3561 ut
316 3497 452 3562 videant
468 3495 581 3576 multa,
597 3517 683 3580 quae
701 3517 768 3562 non
784 3497 860 3562 licet
874 3496 1000 3561 homini
1016 3497 1118 3580 loqui.
1164 3497 1211 3563 Et
1231 3499 1288 3581 qui
1311 3498 1345 3561 in
1366 3498 1419 3562 his

265 3601 479 3684 experientiis
495 3599 549 3665 vel
572 3601 606 3664 in
628 3599 777 3684 pluribus
798 3620 913 3664 conum
936 3611 988 3666 est
1009 3602 1185 3687 diligenter
1206 3603 1420 3678 exercitatus,

266 3703 337 3789 ipse
351 3715 465 3788 potest
478 3703 660 3769 certificare
679 3725 716 3769 se
739 3715 772 3770 et
794 3703 878 3769 alios
899 3725 967 3769 non
988 3705 1096 3769 solum
1115 3707 1160 3770 de
1181 3705 1419 3789 spiritualibus,

265 3809 324 3873 sed
348 3808 502 3874 omnibus
524 3808 668 3873 scientiis
690 3808 854 3872 humanis
901 3809 948 3875 Et
970 3809 1048 3875 ideo
1069 3830 1146 3874 cum
1167 3831 1286 3875 omnes
1307 3821 1419 3895 partes

264 3911 496 3996 philosophiae
514 3913 739 3996 speculativae
759 3913 941 3996 procedant
962 3934 1022 3996 per
1040 3925 1245 3997 argumenta,
1260 3935 1347 3999 quae
1365 3916 1419 3980 vel

264 4016 350 4081 fiunt
372 4037 431 4099 per
453 4017 561 4082 locum
585 4016 629 4082 ab
651 4017 847 4083 auctoritate
871 4017 925 4082 vel
950 4038 1009 4103 per
1031 4027 1179 4083 caeteros
1204 4017 1296 4082 locos
1321 4039 1420 4102 argu·

265 4121 435 4187 mentandi
462 4131 592 4206 praeter
614 4121 699 4186 hanc
726 4141 827 4203 quam
854 4143 941 4186 nunc
968 4122 1138 4204 investigo,
1161 4122 1344 4188 necessaria
1368 4131 1420 4187 ert

264 4225 361 4290 nobis
391 4226 535 4304 scicntia,
564 4247 649 4309 quae
678 4225 949 4308 experimentalis
974 4236 1121 4291 vocatur.
1167 4227 1213 4290 Et
1238 4224 1315 4290 volo
1344 4245 1419 4290 eam

264 4329 455 4416 explanare,
470 4349 538 4393 non
552 4329 659 4394 solum
676 4340 714 4395 ut
729 4331 818 4394 utilis
832 4339 884 4394 est
905 4330 1143 4415 philosophiae,
1157 4332 1217 4396 sed
1237 4330 1420 4414 sapientiae

265 4434 341 4515 Dei,
358 4444 393 4500 et
415 4433 518 4498 totius
541 4433 656 4498 mundi
679 4434 854 4518 regimini;
877 4435 963 4499 sicut
985 4435 1019 4497 in
1040 4433 1207 4517 prioribus
1228 4435 1418 4520 comparavi

397 4577 405 4606 ¹
422 4578 462 4718 gi.
475 4579 526 4629 vol.
537 4579 555 4629 i.
564 4593 589 4642 p.
602 4595 643 4631 as.
679 4579 727 4643 Cp.
737 4580 802 4642 also,
816 4581 887 4644 opus
903 4579 1267 4644 Terir'rrm,osps.192ndao.

400 4659 409 4686 ¹
444 4658 588 4720 ‚captibus
