3542 5359
387 624 583 684 MORALIS
607 627 927 686 PHILOSOPHIA:
970 627 1086 687 PARS
1113 628 1278 688 TERTIA.
1356 627 1414 687 261

260 787 462 854 Aristoteles
492 789 572 854 dicit
602 789 635 852 in
667 788 732 854 fine
759 789 907 868 Ethicae‚
931 801 1044 854 tamen
1069 790 1197 856 Senem
1225 791 1305 855 dicit
1331 788 1417 853 libro
1430 800 1519 852 Cioero
1536 801 1584 850 md

260 896 406 959 secundo
422 896 464 958 de
488 893 549 970 Ira,
565 893 675 956 ‘Nihil
691 893 764 958 est¹
788 903 858 958 tam
876 895 1010 959 difficile
1027 906 1062 959 et
1079 896 1220 960 arduum
1240 897 1332 978 quod
1348 915 1415 958 uon
1428 867 1551 982 {ffiffin

259 997 405 1062 humana
430 1017 524 1062 mens
550 998 659 1062 vincat
687 1009 721 1062 et
748 999 779 1060 in
810 997 1070 1064 familiaritatem
1096 1002 1256 1084 perducat
1280 1000 1415 1063 assidua
1429 998 1566 1072 euangeor

260 1103 442 1166 meditatio.
487 1101 582 1166 Nulli
597 1102 684 1166 enim
700 1111 778 1166 sunt
793 1111 863 1166 tam
880 1103 975 1168 ferrei
992 1116 1026 1167 et
1047 1105 1097 1167 sui
1118 1104 1200 1185 juris
1222 1102 1361 1168 affectus
1378 1113 1414 1166 ut
1427 1073 1583 1178 ffiffie

259 1227 326 1272 non
341 1206 513 1290 disciplina
529 1207 772 1290 perdomentur.
819 1206 1053 1291 Quodcunque
1074 1208 1137 1272 sibi
1160 1208 1292 1270 animus
1306 1208 1412 1290 impe·
1424 1195 1583 1309 gfflfbm

258 1311 342 1376 ravit
365 1311 518 1375 obtinuit.
564 1310 710 1393 Quidam
735 1332 776 1376 ne
794 1331 942 1394 unquam
965 1313 1110 1376 riderent
1131 1312 1298 1377 consecuti
1322 1321 1409 1376 sunt.
1424 1327 1543 1390 postue.

258 1413 405 1496 Quidam
420 1417 497 1478 vino
512 1425 546 1479 et
569 1417 658 1479 omni
676 1415 814 1478 humore
837 1415 1042 1479 interdixere
1064 1417 1266 1497 corporibus.
1311 1415 1411 1479 Alius

258 1529 433 1582 contentus
466 1519 556 1583 brevi
587 1540 707 1583 somno
744 1520 890 1602 vigiliam
929 1519 1210 1604 indefatigabilem
1247 1520 1410 1584 extendit.

258 1623 454 1687 Didicerunt
478 1620 639 1706 quidam²
663 1624 861 1688 tenuissimis
888 1634 923 1688 et
949 1625 1096 1688 adversis
1123 1622 1255 1688 funibus
1281 1644 1410 1689 currere

257 1737 290 1791 et
307 1728 454 1811 ingentia
468 1729 593 1810 vixque
607 1727 759 1791 humanis
774 1729 949 1792 toleranda
963 1728 1086 1791 viribus
1101 1748 1201 1792 onera
1216 1737 1359 1811 portare,
1374 1738 1409 1792 et

256 1831 289 1895 in
306 1833 501 1896 immensam
517 1831 737 1910 altitudinem,
753 1851 792 1896 ac
806 1833 877 1896 sine
899 1832 967 1896 ulla
988 1833 1168 1916 respirandi
1184 1833 1264 1907 vice,
1279 1832 1408 1917 perpeti

256 1937 367 2000 maria.
413 1936 507 2000 Mille
530 1936 664 2018 quidem
685 1947 762 2000 sunt
784 1936 850 2000 alia
870 1937 904 2000 in
924 1937 1045 2019 quibus
1066 1936 1246 2019 pertinacia
1268 1936 1407 2018 impedi·

255 2051 405 2106 mentum
421 2060 520 2105 omne
530 2040 753 2105 transcendit!
798 2041 1022 2123 Ostenditque
1034 2038 1344 2104 nihilessedifficile
1354 2040 1407 2103 cui

255 2145 317 2209 sibi
339 2145 412 2227 ipsa
432 2165 527 2209 mens
545 2143 741 2227 patientiam
759 2144 929 2210 indiceret.
973 2144 1063 2207 Nam
1086 2153 1124 2207 ut
1139 2143 1305 2208 Averroes
1324 2143 1407 2208 dicit

253 2248 397 2313 secundo
423 2247 649 2329 Physicorum,
676 2247 772 2312 multi
796 2268 924 2312 veneno
947 2247 1062 2312 nutriri
1086 2246 1234 2312 consueti
1254 2256 1342 2324 sunt,
1369 2256 1407 2312 ut

254 2352 367 2416 scribit
391 2352 424 2416 in
449 2351 534 2416 libro
557 2352 768 2416 Secretorum
792 2351 1004 2417 Aristoteles.
1051 2351 1128 2435 Ipse
1148 2351 1235 2414 enim
1259 2351 1405 2434 puellam

252 2457 436 2538 speciosam
454 2456 649 2521 Alexandro
664 2457 799 2522 missam
816 2477 892 2520 cum
914 2456 1053 2522 caeteris
1072 2456 1264 2521 muneribus
1278 2477 1406 2520 veneno

253 2561 472 2645 deprehendit
496 2583 568 2626 esse
592 2563 763 2626 nutritam.
819 2561 934 2626 Labor
964 2561 1066 2644 igitur
1096 2561 1267 2645 improbus
1293 2563 1405 2626 omnia

252 2666 363 2742 vincit,
379 2677 415 2730 ut
433 2667 480 2731 ait
495 2665 663 2750 Virgilius.

297 2769 343 2833 Et
359 2771 435 2834 ideo
450 2770 540 2834 nulla
556 2781 606 2834 est
625 2769 805 2835 difficultas
827 2768 860 2832 in
882 2769 1005 2834 virtute
1025 2768 1114 2851 apud
1133 2790 1209 2833 eum
1229 2769 1287 2851 qui
1312 2768 1403 2833 illam

252 2885 352 2939 amat
400 2873 489 2938 Nam
505 2874 603 2939 avida
622 2874 759 2959 periculi
779 2874 883 2938 virtus
904 2883 963 2939 est
1008 2872 1087 2955 Quo
1109 2873 1225 2950 tendit,
1241 2893 1307 2936 non
1322 2874 1403 2955 quid

251 2998 387 3060 passura
407 2979 459 3060 sit,
480 2979 618 3062 cogitat,
637 2989 674 3044 ut
697 2979 812 3043 scribit
828 2978 958 3043 Seneca
974 2979 1017 3043 de
1033 2976 1140 3060 Copia
1155 2975 1352 3057 Verborum,
1368 2988 1403 3041 et

251 3080 332 3145 illud
355 3082 445 3146 idem
468 3083 584 3147 recitat
605 3082 638 3146 in
661 3082 747 3146 libro
769 3082 861 3146 alio³
878 3082 912 3145 in
932 3102 1001 3163 quo
1023 3080 1153 3165 quaerit
1173 3099 1274 3163 quare
1297 3081 1403 3144 multa

250 3185 484 3250 incommoda⁴
501 3187 597 3251 bonis
606 3187 769 3252 accidant.
802 3187 848 3251 Et
856 3186 952 3250 addit
967 3184 1013 3249 ibi
1028 3205 1105 3248 curu
1121 3185 1154 3248 id
1165 3185 1254 3268 quod
1266 3205 1403 3267 passura

249 3299 301 3354 est
316 3290 441 3372 gloriae
457 3311 532 3374 pars
547 3303 608 3354 est.
654 3290 818 3354 Militares
836 3290 897 3353 viri
917 3288 1099 3372 gloriantur
1116 3287 1307 3354 vulneribus
1322 3288 1402 3353 laeti

249 3392 408 3458 fluentem
447 3394 581 3458 meliore
616 3414 694 3459 casu
725 3394 923 3477 sanguinem
958 3402 1138 3458 ostentant.
1195 3393 1290 3456 idem
1325 3392 1402 3457 licet

248 3496 385 3563 iecerint
410 3499 467 3580 qui
493 3499 611 3582 integri
638 3508 846 3562 revertuntur
869 3518 914 3561 ex
935 3497 1014 3573 acie,
1031 3497 1138 3580 magis
1157 3506 1323 3580 spectatur
1343 3497 1400 3581 qui

249 3603 378 3666 saucius
394 3603 489 3666 redit.
535 3603 581 3666 Et
597 3603 742 3686 septimo
757 3603 799 3666 de
816 3600 1012 3666 Beneficiis⁵
1027 3601 1118 3674 dicit,
1134 3601 1223 3684 quod
1240 3601 1335 3665 facile
1350 3613 1402 3666 est

247 3705 330 3770 scire
345 3717 378 3770 et
394 3705 514 3771 habere
531 3707 671 3771 virtutes
683 3718 844 3789 quantum
860 3715 911 3769 est
925 3727 946 3770 a
961 3715 1056 3789 parte
1072 3705 1210 3779 illarum,
1224 3716 1258 3769 et
1272 3727 1293 3769 a
1308 3716 1403 3789 parte

248 3821 407 3891 naturae;
430 3820 463 3874 et
486 3811 580 3874 addit
602 3811 724 3889 dicens,
746 3808 936 3891 ‘Quicquid
960 3810 1022 3873 hos
1043 3809 1196 3874 meliores
1218 3810 1401 3891 beatosque

247 3911 410 3978 iacturum
425 3924 475 3978 est
484 3925 541 3978 aut
557 3915 591 3977 in
607 3925 724 3997 aperto
735 3924 792 3979 aut
809 3913 842 3976 in
855 3912 1013 3997 proximo
1023 3922 1143 3976 natura
1152 3914 1274 3997 posuit,
1285 3913 1313 3976 si
1325 3915 1401 3997 quis

280 4097 285 4126 ¹
304 4097 413 4156 Seneca,
432 4097 471 4146 De
486 4097 539 4158 Im,
558 4096 584 4146 ii.
609 4113 647 4145 ιο.
682 4097 749 4158 (The
768 4097 842 4146 three
862 4105 934 4158 parts
951 4097 981 4144 oi
995 4097 1040 4144 the
1058 4095 1097 4144 De
1113 4095 1158 4144 Ira
1180 4112 1224 4144 are
1244 4096 1350 4146 marked
1368 4113 1399 4147 as

246 4175 313 4226 Dial.
326 4174 373 4237 lll,
386 4175 431 4234 lV,
443 4177 494 4224 and
506 4175 528 4222 V
540 4177 566 4224 in
579 4183 646 4224 most
657 4176 769 4224 editions
781 4176 811 4225 of
820 4176 937 4226 Seneca:
955 4191 979 4225 e.
987 4191 1012 4236 g.
1026 4176 1054 4222 in
1065 4176 1121 4222 that
1133 4174 1162 4223 ol
1177 4174 1274 4236 Haase,
1287 4175 1397 4238 Leipsic,

248 4255 318 4316 1887,
330 4255 416 4304 which
429 4255 476 4303 has
488 4255 555 4304 been
564 4255 629 4304 used
641 4255 668 4303 in
680 4253 732 4304 ruis
743 4255 837 4319 work.)

276 4332 415 4393 'quiderm
427 4348 479 4383 om.
493 4332 526 4381 bi.
1013 4330 1151 4389 ’Seneoru
1163 4329 1231 4380 Diui.
1244 4329 1260 4378 i.
1274 4346 1296 4390 4.

276 4411 286 4439 ⁴
304 4411 376 4460 mala.
387 4425 434 4473 pro
446 4411 617 4470 incommoda,
631 4411 662 4462 D.
676 4419 703 4460 et
719 4411 753 4460 Ο.
776 4411 833 4460 Τὴε
839 4411 943 4460 version
952 4410 982 4459 os
986 4412 1031 4459 the
1039 4409 1174 4471 quotation
1184 4409 1260 4470 given
1272 4409 1307 4470 by
1319 4409 1354 4458 ll.
1362 4411 1393 4472 is,

245 4491 320 4551 ‘pars
331 4497 370 4538 est
382 4489 480 4551 gloriae
492 4490 632 4539 tolerantie
641 4488 842 4550 adversitatum:
853 4489 942 4537 which
953 4489 975 4537 is
986 4488 1040 4537 lm
1051 4494 1150 4536 correct
1161 4487 1223 4535 then
1235 4487 1290 4535 that
1303 4488 1332 4535 oi
1340 4487 1372 4537 Ο.

278 4568 288 4596 ³
303 4567 350 4616 Ch.
368 4583 389 4616 r.
404 4568 433 4616 of
446 4570 556 4618 seventh
574 4569 650 4619 book
684 4569 774 4618 Bacou
793 4569 840 4616 has
856 4567 1001 4617 somewtnt
1017 4566 1136 4628 changed
1150 4566 1195 4614 the
1212 4567 1289 4614 order
1306 4566 1336 4615 oi
1351 4566 1397 4617 the

243 4653 381 4695 sentences
392 4645 418 4694 in
430 4645 483 4696 this
494 4647 635 4709 quotation.
