3542 5359
216 2535 342 2615 ilxplana-

214 2611 268 2653 tron
279 2618 337 2653 con·

214 2668 307 2720 tinued.

386 611 445 655 110
608 595 765 655 OPERIS
788 593 978 664 MAJORIS
1002 594 1118 652 PARS
1144 593 1317 666 QUINTA.

383 761 564 825 secundum
588 759 677 842 quod
702 757 812 842 portio
834 757 923 822 basis
946 756 1128 840 pyramidis
1149 756 1265 821 solaris
1287 756 1361 839 plus
1383 765 1473 820 secat
1496 756 1539 819 de

385 867 455 930 basi
471 863 648 949 pyramidis
659 861 793 927 visualis
808 863 988 926 secundum
1005 862 1068 926 hoc
1083 861 1197 925 crescit
1210 860 1319 924 lumen
1336 861 1368 922 in
1386 860 1538 943 portione

383 968 478 1034 nobis
496 968 638 1050 objecta.
684 965 832 1032 Circulus
848 987 927 1049 ergo
942 965 1030 1029 basis
1043 966 1225 1047 pyramidis
1241 964 1319 1029 solis
1333 965 1365 1027 in
1381 964 1538 1028 distantia

384 1076 557 1158 moderata
580 1092 712 1154 semper
733 1091 831 1136 curva
857 1070 944 1134 linea
965 1069 1147 1153 apparebit,
1171 1079 1206 1134 et
1232 1089 1402 1152 nunquam
1426 1077 1537 1133 recta:

384 1176 463 1259 quia
478 1177 549 1240 sola
567 1175 746 1241 distantiae
761 1174 997 1238 immoderatio
1019 1173 1096 1237 facit
1122 1175 1212 1256 quod
1232 1173 1409 1256 aliquando
1428 1182 1539 1256 potest

383 1301 543 1365 apparere
576 1290 674 1345 recta.
729 1278 797 1344 Sed
824 1279 856 1341 in
884 1277 1044 1342 distantia
1066 1277 1231 1359 superflua
1258 1279 1343 1341 sicut
1373 1297 1460 1341 nunc
1489 1287 1539 1340 est

385 1394 517 1468 oportet
535 1386 625 1468 quod
641 1383 763 1466 pluries
778 1393 938 1465 appareat
953 1381 1120 1445 circularis
1129 1380 1152 1443 ¹.
1196 1381 1287 1445 Nam
1303 1381 1413 1445 circuli
1428 1380 1539 1464 dupli·

385 1491 466 1554 citer
487 1498 626 1574 possunt
648 1487 786 1570 intelligi
811 1487 844 1550 in
867 1487 1030 1569 sphaera;
1059 1485 1192 1561 scilicet,
1216 1497 1254 1550 ut
1276 1485 1539 1567 aequidistantes

383 1593 427 1657 ad
443 1594 592 1670 invicem,
608 1601 646 1655 ut
661 1601 735 1656 sunt
751 1589 1001 1674 aequinoctialis
1022 1589 1056 1652 in
1071 1590 1213 1673 sphaera
1230 1589 1355 1665 mundi,
1371 1600 1405 1652 et
1420 1588 1538 1672 tropici

384 1708 419 1763 et
430 1697 550 1762 caeteri
563 1695 795 1779 aequinoctiali
810 1695 1079 1778 aequidistantes,
1091 1714 1136 1758 ex
1152 1704 1292 1776 utraque
1306 1694 1355 1757 sui
1372 1701 1468 1775 parte
1482 1715 1490 1768 ;
1505 1700 1539 1756 et

384 1801 440 1865 alii
461 1810 538 1866 sunt
558 1799 669 1865 circuli
688 1799 925 1864 intersecantes
946 1819 982 1862 se
1003 1808 1037 1862 et
1058 1796 1248 1880 hujusmodi
1270 1797 1539 1880 aequidistautes,

385 1915 423 1969 ut
447 1904 503 1988 qui
529 1914 700 1967 transeunt
727 1923 786 1986 per
808 1903 905 1987 polos
927 1902 1088 1985 sphaerae
1108 1903 1194 1966 sicut
1217 1902 1321 1965 coluri
1345 1903 1378 1964 in
1400 1901 1540 1984 sphaera

385 2009 510 2086 mundi,
532 2019 566 2072 et
589 2029 704 2072 omnes
726 2017 804 2072 sunt
830 2005 942 2072 circuli
968 2005 1111 2087 majores
1135 2007 1168 2069 in
1192 2006 1342 2088 sphaera.
1387 2005 1538 2069 Priorum

385 2122 496 2176 autem
516 2133 580 2176 una
601 2112 673 2176 sola
696 2122 746 2176 est
768 2113 811 2175 de
834 2109 1022 2193 majoribus,
1045 2110 1166 2175 scilicet
1190 2109 1295 2191 major
1318 2109 1540 2191 aequidistan-

384 2217 481 2294 tium,
505 2226 542 2281 ut
567 2214 818 2298 aequinoctialis
844 2215 878 2278 in
905 2213 1022 2278 coelo:
1057 2234 1135 2276 nam
1162 2212 1207 2276 illi
1232 2214 1294 2277 soli
1320 2211 1432 2278 circuli
1462 2222 1540 2277 sunt

386 2320 526 2403 majores
556 2321 589 2384 in
615 2320 757 2403 sphaera
780 2320 836 2402 qui
863 2327 1036 2383 transeunt
1062 2338 1120 2400 per
1146 2328 1295 2382 centrum
1320 2318 1482 2401 sphaerae
1505 2325 1540 2380 et

385 2424 538 2489 dividunt
553 2424 728 2508 sphaeram
744 2425 777 2486 in
792 2423 876 2488 duas
891 2432 1004 2506 partes
1019 2421 1186 2505 aequales.

430 2527 485 2593 Sic
509 2548 588 2612 ergo
611 2527 854 2593 consideremus
876 2526 1052 2609 sphaeram
1075 2525 1223 2608 corporis
1246 2524 1350 2604 lunae,
1366 2533 1400 2588 et
1421 2524 1484 2588 hoc
1507 2524 1539 2587 in

386 2633 539 2715 portione
554 2631 650 2696 nobis
664 2632 803 2713 objecta,
823 2631 870 2695 ita
885 2632 975 2713 quod
995 2631 1028 2693 in
1047 2630 1110 2693 hac
1130 2628 1284 2713 portione
1303 2650 1390 2712 quae
1409 2629 1540 2711 respicit

385 2746 517 2815 terram,
540 2736 761 2820 intelligamus
791 2735 950 2816 majorem
981 2734 1286 2817 aequidistantium,
1308 2753 1395 2816 quae
1420 2733 1540 2796 dividit

385 2861 505 2924 corpus
521 2842 620 2905 lunae
642 2842 675 2904 in
698 2841 782 2904 duas
800 2848 912 2923 partes
932 2837 1097 2921 aequales,
1112 2850 1146 2902 et
1164 2848 1242 2918 post
1260 2857 1334 2900 eam
1349 2858 1463 2901 versus
1480 2858 1540 2900 nos

384 2943 609 3028 intelligamus
626 2945 717 3022 alias,
733 2953 815 3026 quot
829 2943 983 3007 volumus
999 2962 1113 3006 versus
1135 2942 1250 3025 polum
1273 2941 1420 3024 corporis
1442 2940 1540 3003 lunae

385 3050 480 3113 nobis
496 3050 680 3131 objectum3
703 3058 737 3112 et
751 3047 975 3130 intelligamus
990 3066 1131 3129 magnos
1146 3045 1285 3110 circulos
1303 3045 1540 3108 intersecantes

384 3173 421 3217 se
447 3154 481 3216 in
507 3153 593 3235 polis
620 3152 778 3235 sphaerae
800 3151 934 3225 lunaris,
963 3171 1046 3214 unus
1071 3160 1182 3214 tamen
1210 3149 1304 3213 nobis
1330 3148 1449 3212 sufficit
1476 3147 1540 3223 hic,

384 3257 477 3339 cujus
492 3257 676 3338 gibbositas
691 3257 815 3319 directe
829 3255 1003 3336 objiciatur
1017 3255 1102 3318 visui
1118 3263 1244 3331 nostro,
1253 3273 1409 3336 separans
1425 3251 1538 3316 lunam

384 3362 516 3425 induas
537 3371 648 3442 partes
668 3358 823 3442 aequales
837 3381 952 3423 versus
974 3359 1084 3424 oriens
1106 3368 1140 3422 et
1163 3359 1326 3434 occidens,
1341 3357 1397 3439 qui
1420 3357 1540 3421 transit

384 3486 443 3549 per
465 3465 580 3548 polum
604 3464 700 3529 nobis
723 3463 901 3546 objectum,
924 3473 959 3527 et
981 3485 1041 3545 per
1062 3463 1163 3527 alium
1186 3463 1257 3544 ejus
1278 3460 1481 3544 oppositum,
1504 3471 1539 3525 et

384 3589 540 3634 vocemus
558 3569 610 3631 hic
627 3569 735 3650 ipsum
759 3567 919 3632 colurum.
965 3567 1102 3632 Certum
1125 3587 1205 3649 ergo
1228 3576 1287 3641 est,
1303 3567 1394 3648 quod
1419 3566 1537 3629 immo-

385 3673 500 3737 derata
522 3672 680 3735 distantia
702 3670 848 3735 occultat
865 3671 1103 3754 gibbositatem
1122 3670 1216 3732 istius
1231 3667 1342 3744 coluri,
1358 3670 1538 3732 secundum

383 3777 533 3859 superius
555 3776 731 3840 declarata.
778 3774 878 3840 Unde
900 3783 1044 3857 oportet,
1064 3775 1154 3857 quod
1177 3773 1355 3855 aliquando
1378 3782 1540 3856 appareat

383 3880 470 3944 linea
493 3892 592 3944 recta.
650 3879 716 3944 Sed
735 3879 825 3943 nulla
841 3880 999 3943 distantia
1014 3888 1126 3961 potest
1141 3877 1306 3942 occultare
1321 3877 1539 3959 gibbositates

383 3984 688 4068 aequidistantium,
708 3985 865 4065 quoniam
890 3993 963 4046 tota
985 3982 1246 4048 circumferentia
1268 3981 1403 4044 cuilibet
1425 4000 1538 4043 earum

383 4090 484 4154 habet
511 4090 642 4172 penitus
671 4089 813 4151 eundem
840 4089 941 4150 situm
966 4098 1116 4168 respectu
1139 4086 1238 4163 oculi,
1261 4096 1296 4148 et
1322 4104 1388 4147 non
1410 4084 1539 4148 accedit

385 4195 497 4276 aliqua
526 4213 601 4275 pars
631 4192 912 4257 circumferentiae
935 4192 978 4255 ad
1001 4191 1108 4253 visum
1137 4191 1244 4271 magis
1273 4209 1374 4270 quam
1404 4188 1479 4265 alia,
1502 4197 1540 4252 ut

416 4331 424 4364 ¹
437 4331 493 4380 'l'lre
504 4331 589 4392 Magd.
599 4331 653 4380 MS.
663 4331 711 4380 has
722 4330 820 4392 pluries
831 4330 962 4378 circularis
974 4337 1001 4378 et
1010 4329 1148 4390 aliquando
1158 4335 1236 4376 recta.
1269 4326 1326 4375 The
1335 4325 1461 4385 addition,
1469 4326 1541 4374 how·

383 4426 453 4471 ever,
463 4425 548 4458 seems
559 4409 652 4470 hardly
661 4409 769 4457 needed.
796 4407 868 4457 Even
877 4408 942 4456 with
954 4407 1000 4455 the
1009 4407 1141 4456 condition
1153 4405 1183 4454 of
1190 4405 1306 4455 distance
1316 4404 1417 4469 (Bacon
1429 4408 1537 4464 meansl,

382 4489 428 4537 the
439 4489 549 4550 straight
561 4488 613 4535 line
626 4503 672 4536 can
685 4488 747 4548 only
755 4502 853 4548 appear
864 4486 942 4535 twice
954 4487 981 4533 in
993 4485 1038 4533 the
1050 4485 1175 4534 lunation.
1203 4483 1340 4532 Circularis
1352 4481 1374 4530 is
1385 4482 1541 4544 apparently

383 4568 447 4615 used
469 4567 496 4615 in
519 4583 534 4615 a
557 4566 771 4628 comprehensive
794 4581 872 4615 sense
892 4565 934 4614 lor
952 4563 1050 4614 anwed.
1085 4563 1116 4613 ln
1135 4563 1230 4625 reality
1248 4563 1293 4612 the
1313 4561 1374 4622 line,
1394 4562 1474 4610 when
1494 4568 1541 4610 not

382 4645 500 4708 straight,
514 4644 677 4708 iselliptical.
