3542 5359
339 625 402 689 394
552 612 710 672 OPERIS
732 612 922 684 MAJORIS
946 613 1061 674 PARS
1084 612 1283 674 SEPTIMA.

341 773 524 856 corporalia
544 776 603 840 sed
628 776 812 858 spiritualia
841 777 1021 842 secundum
1053 777 1272 841 conscientias
1300 775 1494 848 hominum;

343 886 378 941 et
392 897 457 940 non
478 880 587 942 solum
603 881 792 962 praesentia
811 879 871 945 sed
887 883 1067 963 praeterita
1083 891 1116 944 et
1130 881 1251 958 sutura,
1266 879 1354 962 pleni
1377 877 1495 961 spiritu

343 981 548 1065 prophetico,
574 982 660 1048 sicut
689 984 845 1050 historiae
872 984 1136 1049 Christianorum
1166 993 1301 1048 narrant
1331 981 1495 1046 infinities.

343 1086 458 1150 Tertia
478 1088 626 1152 conditio
653 1086 714 1153 luit
741 1088 891 1171 potentia
911 1088 1146 1152 miraculorum
1173 1085 1399 1152 inenarrabilis
1429 1103 1497 1165 qua

343 1191 483 1274 praediti
504 1202 582 1255 sunt
603 1192 648 1256 illi
668 1193 784 1257 sancti.
829 1190 898 1257 Sed
915 1191 1142 1275 Alpharabius
1158 1193 1238 1255 dicit
1253 1192 1344 1272 quod
1360 1201 1497 1272 propter

344 1294 502 1360 miracula
516 1297 720 1361 credendum
736 1308 797 1361 est.
843 1294 909 1361 Hic
925 1297 1013 1361 enim
1028 1309 1079 1360 est
1095 1296 1178 1360 alter
1194 1298 1313 1361 modus
1334 1292 1498 1377 probandi

344 1409 481 1475 sectam,
503 1400 629 1463 scilicet
652 1421 711 1482 per
733 1400 901 1478 miracula,
923 1419 1023 1482 quern
1046 1401 1149 1483 ponit.
1195 1398 1324 1482 Quarta
1349 1396 1498 1461 conditio

345 1502 407 1568 suit
425 1504 457 1566 in
479 1502 531 1568 his
552 1506 676 1568 sanctis
696 1505 787 1587 quod
812 1524 915 1586 usque
938 1505 981 1568 ad
1007 1515 1147 1568 mortem
1169 1512 1333 1567 steterunt
1354 1522 1414 1584 pro
1438 1520 1500 1564 sua

345 1609 504 1686 doctrina,
516 1610 606 1689 quod
623 1629 689 1672 non
704 1608 867 1683 iecissent,
878 1609 939 1672 nisi
955 1609 1128 1672 scivissent
1140 1627 1305 1670 summam
1322 1607 1499 1670 veritatem

346 1733 418 1777 esse
441 1712 475 1776 in
498 1732 545 1775 ea
591 1711 720 1794 Quinta
743 1711 890 1776 conditio
913 1723 963 1776 est
986 1714 1066 1795 quia
1091 1713 1276 1776 existentes
1300 1711 1332 1772 in
1360 1709 1500 1773 diversis

347 1816 497 1900 partibus
516 1817 629 1880 mundi
650 1817 791 1881 eandem
807 1813 1006 1881 sententiam
1028 1816 1246 1898 protulerunt,
1262 1814 1352 1879 nullo
1373 1812 1417 1878 ab
1432 1813 1500 1877 alio

348 1920 527 2002 recipiente
542 1921 739 1984 doctrinam.
786 1921 876 2001 Ergo
893 1921 1043 2002 oportuit
1061 1919 1151 2001 quod
1168 1939 1228 2000 per
1249 1918 1500 1999 inspirationem

347 2025 413 2088 Dei
427 2025 650 2106 loquerentur,
666 2033 700 2088 et
716 2025 792 2089 ideo
807 2025 876 2087 sine
892 2043 1009 2088 errore.
1056 2023 1162 2088 Sexta
1183 2022 1333 2086 conditio
1352 2032 1403 2086 est
1423 2021 1503 2103 quia

348 2125 479 2193 fuerunt
499 2125 624 2192 idiotae
644 2139 677 2193 et
697 2128 782 2206 laici,
799 2137 834 2192 ut
852 2129 968 2193 Petnrs
990 2137 1024 2192 et
1043 2128 1108 2204 alii,
1123 2137 1158 2191 et
1178 2145 1350 2210 pauperes,
1365 2136 1400 2190 et
1418 2125 1517 2204 viles

348 2232 499 2296 homines
529 2244 564 2296 et
593 2233 737 2315 abjecti:
769 2241 803 2296 et
834 2243 948 2296 tamen
979 2229 1163 2315 praevaluit
1195 2250 1309 2294 eorum
1339 2228 1504 2294 sententia

348 2347 465 2401 contra
480 2335 696 2418 imperatores
715 2345 749 2400 et
762 2336 979 2420 philosophos
994 2345 1028 2400 et
1041 2334 1214 2418 pontifices
1229 2354 1354 2398 eorum.
1395 2333 1503 2397 Mani·

349 2439 470 2504 festum
487 2451 538 2504 est
554 2441 654 2523 igitur
670 2461 729 2523 per
744 2441 826 2504 haec
842 2442 934 2522 quod
951 2439 1006 2504 isti
1022 2449 1098 2503 sunt
1114 2439 1206 2521 digni
1223 2449 1259 2502 ut
1278 2440 1325 2503 eis
1340 2437 1504 2503 credatur.

350 2544 418 2609 Sed
439 2545 493 2608 isti
512 2547 626 2610 dicunt
647 2545 828 2628 prophetas
849 2545 976 2627 priores
999 2544 1079 2608 dare
1101 2544 1329 2608 testimonium
1352 2543 1505 2607 Christo:

348 2670 429 2732 ergo
453 2648 518 2713 hoc
543 2661 595 2714 est
621 2670 744 2714 verum.
791 2649 838 2713 Et
864 2659 1035 2731 praeterea
1057 2649 1189 2731 ipsimet
1209 2648 1293 2712 dant
1313 2647 1507 2710 testimonia

347 2753 482 2817 infinita
504 2752 659 2817 Christo:
681 2755 785 2817 immo
808 2762 882 2818 tota
902 2753 971 2819 vita
991 2772 1114 2829 eorum,
1129 2772 1196 2815 non
1217 2751 1324 2816 solum
1346 2751 1507 2827 doctrina,

349 2857 413 2922 suit
449 2857 659 2922 confirmatio
696 2856 781 2941 legis
812 2855 1030 2922 Christianae,
1088 2855 1173 2921 Cum
1206 2876 1287 2940 ergo
1319 2856 1508 2938 Prophetae

351 2962 476 3044 priores
504 2971 538 3026 et
569 2962 768 3044 posteriores
797 2961 1054 3026 innumerabiles
1083 2961 1245 3025 dederunt
1276 2960 1508 3023 testimonium

353 3064 497 3142 Christo,
513 3066 562 3129 ita
584 3067 685 3130 etiam
706 3067 798 3148 quod
821 3065 959 3147 Moyses
981 3075 1015 3129 et
1037 3063 1270 3129 Machometus
1293 3063 1456 3128 dederunt
1477 3064 1508 3127 ei

352 3169 587 3248 testimonium,
610 3181 647 3234 et
673 3190 739 3234 non
766 3168 822 3259 sic
838 3170 964 3233 habent
988 3169 1125 3250 Moyses
1147 3179 1182 3232 et
1206 3167 1448 3240 Machometus,
1470 3175 1510 3230 ut

353 3272 490 3356 planum
504 3282 556 3337 est
578 3294 623 3337 ex
641 3274 784 3337 historiis
803 3274 1009 3356 ludaeorum
1031 3283 1064 3336 et
1086 3272 1349 3348 Saracenorum3
1372 3279 1510 3355 oportet

354 3396 436 3458 ergo
450 3377 540 3458 quod
558 3376 709 3441 Christus
724 3379 767 3441 sit
784 3377 956 3459 legislator
975 3377 1148 3460 perlectus.

400 3480 476 3543 Hoc
502 3481 590 3544 idern
612 3482 773 3564 probatur
796 3501 856 3564 per
876 3483 1059 3546 secundum
1083 3482 1220 3545 modum
1243 3479 1445 3564 Alpharabii
1466 3479 1511 3542 de

356 3585 532 3667 probando
552 3594 671 3662 sectas,
686 3587 744 3667 qui
764 3595 816 3649 est
837 3606 939 3667 penes
964 3586 1132 3650 miracula.
1176 3586 1266 3648 Nam
1288 3586 1350 3648 etsi
1373 3585 1512 3665 Moyses

355 3689 433 3753 lecit
453 3689 593 3772 grandia
613 3691 797 3753 secundum
816 3690 998 3766 veritatem,
1019 3701 1053 3754 et
1070 3689 1304 3754 Machometus
1327 3688 1512 3754 secundum

357 3792 489 3857 fraudes
504 3804 538 3857 et
554 3796 773 3877 apparentias,
788 3814 875 3877 quae
890 3796 991 3858 etiam
1012 3795 1119 3876 gratia
1138 3793 1373 3876 disputationis
1395 3812 1513 3858 conce·

357 3899 486 3974 dantur,
501 3908 614 3961 tamen
629 3917 695 3961 non
712 3897 837 3961 habent
851 3898 1137 3980 comparationem
1151 3899 1193 3961 ad
1207 3896 1366 3962 miracula
1377 3895 1513 3960 Christi.

359 4003 449 4066 Nam
469 4004 689 4067 concedentes
709 4021 824 4065 eorum
846 4001 1005 4066 miracula
1023 4003 1136 4067 omnia
1158 4011 1191 4065 et
1211 4001 1366 4067 historias
1384 4019 1514 4076 omnes,

358 4107 561 4169 inveniemus
584 4107 617 4170 in
642 4105 779 4170 historia
802 4104 992 4189 evangelica
1015 4105 1176 4188 Johannis
1199 4104 1318 4169 ultimo
1344 4103 1515 4187 capitulo;

360 4208 446 4273 Sunt
467 4220 580 4274 autem
601 4210 683 4273 haec
699 4221 734 4276 et
752 4209 858 4274 multa
875 4211 941 4274 alia
962 4230 1048 4292 quae
1064 4209 1142 4274 iecit
1156 4210 1262 4292 lesus,
1278 4229 1367 4292 quae
1387 4209 1414 4272 si
1436 4209 1516 4274 scri-

359 4313 480 4376 bantur
492 4332 550 4394 per
560 4313 698 4396 singula,
710 4334 770 4379 nee
787 4315 897 4396 ipsum
912 4314 1055 4378 arbitror
1071 4315 1232 4378 mundum
1245 4334 1366 4396 capere
1382 4306 1515 4401 [posse]

360 4438 427 4491 eos,
440 4419 497 4498 qui
510 4419 675 4481 scribendi
688 4427 774 4494 sunt,
785 4418 888 4482 libros
901 4439 908 4495 ;
931 4428 1066 4502 propter
1077 4419 1327 4483 multitudinem
1340 4429 1374 4483 et
1387 4419 1518 4501 magni·

360 4521 509 4584 tudinem
537 4521 786 4586 miraculorum:
823 4525 915 4604 quod
942 4544 1007 4587 non
1032 4533 1143 4608 potest
1166 4523 1281 4587 haberi
1304 4523 1347 4587 de
1370 4523 1520 4588 historiis

363 4622 475 4704 Moysi
504 4634 539 4687 et
569 4625 783 4689 Machometi.
830 4627 917 4690 Item
947 4626 1035 4704 dicit,
1063 4628 1112 4692 Ut
1142 4637 1255 4692 autern
1286 4628 1397 4693 sciatis
1423 4629 1519 4710 quod
