3542 5359
503 600 620 660 PARS
645 600 868 659 SECUNDA:
905 599 994 659 cAP.
1026 600 1110 659 VIII.
1323 620 1384 681 493

230 785 290 849 per
298 763 490 847 vigesimam
501 764 649 846 quintam
659 773 693 828 et
702 774 855 847 quartam
867 764 962 847 primi
975 764 1233 829 Elementorum.
1257 765 1383 851 Anguli

230 871 318 934 enim
347 869 488 933 duorum
517 867 764 951 triangulorum,
788 889 929 951 quorum
953 870 1047 933 unius
1072 870 1159 933 basis
1182 881 1233 934 est
1258 872 1384 937 chorda

231 973 389 1057 portionis
416 973 449 1035 in
478 973 549 1038 sole
578 972 823 1056 multiplicantis
851 974 1005 1055 speciem,
1036 984 1069 1037 et
1098 972 1230 1039 alterius
1259 975 1383 1041 chorda

230 1077 350 1161 speciei
379 1078 529 1141 cadentis
557 1097 656 1159 super
677 1078 847 1161 parietem,
869 1088 945 1142 sunt
968 1078 1131 1160 aequales,
1154 1079 1231 1162 quia
1254 1091 1383 1144 contra·

231 1192 420 1262 ponuntur;
444 1190 545 1246 etex
567 1181 746 1263 hypothesi
770 1181 872 1245 latera
894 1181 1132 1264 triangulorum
1154 1182 1284 1247 illorum
1306 1196 1384 1248 sunt

230 1286 402 1368 aequalia3
444 1306 546 1368 quare
583 1285 680 1351 bases
716 1295 793 1349 sunt
822 1286 987 1369 aequales,
1016 1308 1102 1369 quae
1131 1298 1209 1352 sunt
1238 1289 1382 1353 chordae

231 1391 421 1473 portionum
441 1391 521 1454 solis
544 1401 578 1454 et
600 1412 679 1454 suae
701 1390 829 1474 speciei,
853 1401 890 1454 ut
914 1400 1006 1473 patet
1028 1391 1061 1453 in
1083 1390 1198 1475 figura.
1245 1392 1291 1455 Et
1306 1393 1382 1457 ideo

230 1503 333 1576 patet,
358 1496 448 1577 quod
472 1516 516 1557 ex
546 1493 756 1577 elongatione
785 1496 906 1558 accidit
935 1495 1107 1578 acquisitio
1130 1495 1322 1579 quantitatis
1348 1508 1382 1561 ct

230 1597 355 1680 figurae
380 1619 467 1683 quae
496 1619 561 1661 non
590 1600 709 1663 accidit
738 1620 782 1661 ex
812 1600 1060 1682 propinquitate
1089 1600 1274 1664 distantiae.
1335 1601 1381 1665 Et

230 1701 378 1766 similiter
403 1704 563 1777 videmus,
585 1703 675 1786 quod
706 1704 787 1767 radii
815 1703 894 1767 solis
924 1702 976 1766 vel
1009 1703 1142 1768 alterius
1172 1706 1317 1769 cadentis
1348 1708 1381 1769 in

231 1806 367 1870 meridie
382 1818 588 1871 transcuntes
603 1808 769 1890 peridem
792 1805 939 1871 foramen
962 1807 1085 1872 faciunt
1107 1809 1251 1891 speciem
1276 1812 1381 1893 magis

229 1912 406 1975 rotundam
428 1932 529 1994 quam
552 1913 586 1974 in
609 1932 716 1977 mane.
762 1911 863 1976 Unde
884 1933 950 1976 non
974 1921 1107 1995 oportet
1129 1914 1219 1995 quod
1242 1914 1315 1978 licet
1339 1916 1382 1977 sit

228 2014 316 2078 idem
340 2013 499 2095 foramen,
522 2018 612 2097 quod
637 2026 773 2100 propter
797 2016 861 2080 hoc
884 2016 928 2080 sit
953 2018 1107 2081 omnibus
1131 2018 1237 2081 modis
1263 2020 1380 2083 eadem

229 2118 373 2183 conditio
388 2120 519 2201 speciei,
531 2131 565 2184 et
577 2140 682 2202 prope
696 2131 731 2185 et
745 2121 854 2202 longe,
864 2131 897 2185 et
910 2121 944 2182 in
960 2142 1023 2184 una
1038 2120 1119 2184 hora

229 2233 263 2286 et
278 2225 311 2286 in
325 2223 399 2300 alia,
416 2226 506 2287 etad
522 2245 623 2288 unum
638 2245 751 2288 casum
768 2224 935 2289 radiorum
951 2233 983 2287 et
996 2225 1117 2299 alium3

229 2348 295 2390 non
318 2328 405 2390 enim
428 2328 476 2391 ita
498 2339 558 2392 est.
603 2329 693 2392 Nam
716 2328 749 2392 in
773 2348 870 2392 mane
893 2329 1015 2392 cadunt
1034 2330 1116 2392 radii

229 2431 272 2492 ad
306 2430 444 2513 angulos
482 2429 636 2513 obliquos
673 2452 732 2515 per
768 2434 914 2497 medium
947 2452 1117 2515 vaporum,

229 2544 365 2616 propter
390 2555 474 2616 quas
503 2555 619 2599 causas
645 2536 819 2600 debiliores
845 2547 932 2612 sunt,
961 2538 1117 2602 facientes
1221 2536 1271 2550 ““
1294 2528 1374 2556 “””“”

228 2639 372 2719 speciem
394 2638 599 2716 debiliorem,
623 2660 709 2721 quae
731 2661 850 2705 causae
872 2662 939 2705 non
962 2642 1116 2706 accidunt

227 2740 261 2803 in
284 2742 431 2820 meridie,
457 2752 491 2806 et
513 2742 590 2807 ideo
611 2744 787 2825 acquirunt
810 2746 872 2809 sibi
897 2746 1036 2829 figuram
1064 2768 1115 2809 ro-

227 2846 367 2910 tundam
402 2848 437 2909 in
471 2847 615 2928 meridie,
647 2849 805 2930 quoniam
842 2848 992 2914 fortiores
1028 2862 1115 2916 sunt.

230 2949 260 3012 E
283 2953 446 3015 contrario
468 2951 590 3015 accidit
608 2952 699 3034 quod
719 2952 753 3015 in
773 2955 909 3017 meridie
929 2955 974 3018 sit
989 2956 1116 3038 species
1200 2924 1261 2974 ΗΕ·
1274 2926 1313 2988 ⁸⁷¹

228 3054 362 3117 minoris
375 3055 572 3136 quantitatis
592 3076 693 3138 quam
715 3058 748 3119 in
771 3078 877 3131 manc,
894 3058 972 3140 quia
994 3058 1161 3142 colligitur
1182 3060 1215 3123 in
1239 3060 1379 3141 sphaera

227 3159 317 3240 quod
334 3158 367 3221 in
382 3159 447 3223 alia
463 3157 568 3241 figura
583 3162 691 3225 minus
706 3162 848 3225 rotunda
862 3162 1070 3246 dispergitur.

271 3261 371 3344 Quod
387 3273 500 3327 autem
515 3263 576 3327 lux
592 3265 675 3346 ignis
690 3267 839 3330 ascendit
854 3266 887 3329 in
903 3265 1008 3351 figura
1025 3268 1231 3350 pyramidali,
1246 3270 1309 3335 hoe
1328 3283 1378 3336 est
1392 3280 1448 3329 'she

227 3367 353 3431 ratione
368 3370 514 3451 corporis
528 3370 747 3449 ascendentis,
762 3390 830 3433 non
845 3372 971 3435 ratione
990 3369 1080 3449 lucis,
1097 3374 1174 3453 quia
1196 3373 1301 3457 figura
1321 3375 1377 3440 illa
1390 3344 1508 3476 ξζξὲῗιοῑ

226 3481 306 3552 apta
321 3482 371 3535 est
387 3472 492 3535 motui
508 3492 659 3550 sursum3
682 3476 868 3557 praecipue,
883 3476 964 3558 quia
978 3487 1090 3559 partes
1106 3478 1190 3559 ignis
1206 3480 1378 3544 interiores
1391 3478 1471 3528 fleme.

227 3585 363 3657 propter
377 3576 569 3640 distantiam
585 3600 606 3641 a
624 3580 788 3643 contrario
806 3580 1027 3659 continentur,
1042 3582 1167 3647 scilicet
1181 3604 1256 3648 aere
1272 3584 1377 3650 fracto

226 3691 304 3743 sunt
323 3678 520 3744 efficaciores
539 3682 572 3745 in
593 3702 740 3756 ascensu,
754 3694 789 3746 et
809 3684 887 3749 ideo
909 3684 943 3747 in
964 3687 1172 3750 ascendendo
1193 3690 1377 3771 expediunt

226 3804 270 3855 se,
286 3793 321 3847 et
342 3784 418 3847 ideo
439 3784 538 3848 altius
559 3788 737 3869 attingunt,
754 3797 788 3851 et
810 3788 895 3851 aliae
917 3798 1029 3872 partes
1051 3805 1300 3873 consequuntur
1318 3815 1378 3877 per

225 3888 383 3965 ordinem,
397 3890 580 3952 secundum
595 3891 686 3973 quod
702 3892 810 3975 magis
825 3903 884 3955 aut
902 3894 1009 3957 minus
1026 3895 1151 3959 distant
1172 3918 1192 3959 a
1212 3900 1377 3961 contrario

225 3992 459 4071 circumstanti,
481 4004 684 4077 quapropter
709 3996 932 4062 rotundantur
957 3998 989 4060 in
1019 3999 1226 4080 pyramidem
1240 4000 1260 4063 ¹.
1307 4002 1374 4068 Sed

225 4108 339 4160 tamen
367 4097 395 4158 si
424 4099 467 4161 ad
498 4097 608 4161 locum
638 4100 824 4164 naturalem
854 4100 939 4183 ignis
968 4102 1111 4179 devenit,
1143 4124 1209 4167 non
1243 4116 1310 4170 stat
1340 4109 1372 4171 in

225 4201 409 4283 pyramide,
425 4203 483 4266 sed
506 4201 711 4285 sphaericam
735 4203 876 4289 figuram
899 4204 1043 4288 eligeret,
1059 4206 1091 4269 in
1109 4228 1175 4289 qua
1193 4210 1374 4290 quiesceret

225 4304 427 4369 naturaliter.
473 4306 562 4369 Nam
583 4307 668 4389 ignis
687 4309 720 4371 in
740 4310 881 4392 sphaera
898 4308 987 4392 jacet
1008 4310 1039 4372 in
1061 4314 1266 4377 concavitate
1287 4318 1375 4379 orbis

225 4408 323 4472 lunae
337 4409 538 4490 sphaericae.
585 4412 631 4475 Et
647 4412 730 4477 sicut
745 4414 828 4478 dicit
845 4414 1002 4478 Euclides
1019 4413 1101 4478 libro
1118 4416 1161 4479 de
1174 4415 1323 4499 Speculis
1339 4431 1373 4485 et

225 4514 386 4598 probatur
401 4513 434 4576 in
452 4516 595 4598 septima
613 4518 851 4600 propositione,
866 4518 971 4601 figura
988 4518 1069 4583 lucis
1085 4530 1135 4583 est
1155 4522 1259 4604 major
1275 4546 1375 4607 quam

649 4652 658 4681 ¹
676 4654 715 4705 Cf.
728 4654 779 4707 vol.
792 4656 809 4706 i.
824 4670 851 4718 p.
864 4657 919 4707 118.
