3542 5359
383 591 441 672 158
612 593 767 653 OPERIS
791 593 979 665 MAJORIS
1003 594 1118 653 PARS
1143 592 1316 666 QUINTA.

380 759 561 822 seeundum
598 776 759 821 canonem
793 756 951 822 sextum¹
984 757 1105 820 accidit
1142 755 1312 839 majoritas
1346 756 1468 839 anguli,
1502 768 1535 822 et

382 863 553 946 majoritas
569 861 733 946 imaginis,
748 863 806 926 sed
823 862 1055 947 propinquitas
1066 864 1169 938 deest,
1182 863 1259 945 quia
1275 860 1367 926 locus
1381 862 1537 946 imaginis

383 978 434 1032 est
453 967 539 1032 ultra
559 987 638 1043 rem,
654 987 693 1030 eo
714 970 804 1050 quod
826 977 975 1032 centrum
999 968 1158 1051 sphaerae
1178 975 1229 1030 est
1248 967 1333 1030 inter
1351 966 1483 1030 oculum
1501 977 1537 1031 et

382 1091 450 1134 rem
468 1071 583 1136 visam.
629 1070 675 1136 Et
697 1072 770 1135 ideo
787 1091 853 1135 non
871 1073 918 1137 ita
933 1071 1021 1136 valet
1036 1070 1099 1137 hoc
1121 1072 1391 1147 instrumentum,
1406 1069 1492 1134 sicut
1507 1070 1535 1132 si

380 1185 468 1239 esset
487 1177 594 1240 minor
609 1175 718 1257 portio
739 1177 909 1258 sphaerae.
956 1177 1002 1241 Et
1024 1176 1245 1240 instrumenta
1264 1176 1441 1258 planorum
1462 1195 1535 1239 cor-

379 1300 498 1364 porum
519 1279 785 1363 crystallinorum
808 1281 989 1346 secundum
1010 1280 1156 1364 primum
1172 1299 1334 1345 canonem
1354 1279 1398 1342 de
1418 1278 1536 1361 planis,

378 1393 413 1447 et
436 1383 685 1467 sphaericorum
706 1403 931 1449 concavorum
953 1386 1136 1470 secundum
1152 1384 1295 1467 primum
1317 1403 1480 1447 canonem
1500 1392 1535 1448 et

379 1490 560 1552 secundum
581 1489 624 1552 de
643 1489 831 1572 sphaericis
846 1499 987 1573 possunt
1007 1489 1115 1556 facere
1134 1489 1199 1554 hoc
1217 1490 1313 1553 idem
1360 1486 1428 1552 Sed
1449 1488 1536 1551 inter

378 1592 492 1655 omnia
522 1592 633 1674 portio
663 1592 772 1655 minor
797 1594 968 1677 sphaerae,
993 1593 1086 1677 cujus
1116 1593 1312 1659 convexitas
1342 1601 1394 1656 est
1423 1612 1535 1656 versus

379 1695 522 1775 oculum,
537 1695 723 1760 evidentius
738 1697 888 1764 ostendit
903 1698 1164 1780 magnitudinem
1182 1706 1318 1781 propter
1330 1706 1399 1770 tres
1419 1715 1535 1760 causas

379 1800 477 1864 simul
493 1809 700 1883 aggregatas,
715 1811 751 1865 ut
768 1803 892 1867 notavi.

209 1923 301 2000 whya
424 1903 524 1987 Quod
536 1915 649 1969 autem
666 1905 804 1970 candela
816 1919 976 1990 appareat
993 1907 1099 1990 major
1110 1929 1131 1971 a
1143 1908 1241 1990 longe
1252 1926 1352 1990 quam
1368 1906 1410 1969 de
1421 1925 1534 1988 prope,

208 1988 274 2103 {g}
286 2004 343 2053 ”¹²5
376 2007 560 2072 dummodo
586 2030 654 2072 non
681 2010 726 2073 sit
752 2010 784 2073 in
813 2012 980 2097 superflua
1009 2014 1176 2088 distantia,
1203 2011 1324 2076 accidit
1349 2010 1440 2093 quod
1466 2029 1533 2073 non

206 2128 339 2198 erraterrat
801 2116 906 2179 solum
937 2118 1068 2181 videtur
1102 2138 1162 2201 per
1191 2117 1302 2180 radios
1334 2123 1441 2179 rectos
1474 2114 1534 2177 sed

207 2203 223 2234 ⁸
234 2185 344 2236 d¹⁵¹²¹¹⁰⁸
800 2220 931 2298 fractos,
943 2232 977 2286 et
989 2223 1079 2286 visus
1091 2242 1157 2286 non
1170 2221 1311 2306 percipit
1327 2219 1534 2297 fractionem,

802 2334 940 2408 propter
965 2329 1056 2408 quod
1088 2325 1244 2390 aestimat
1273 2345 1310 2388 se
1335 2324 1447 2388 videre
1475 2344 1536 2408 per

802 2431 906 2493 lineas
938 2441 1045 2495 rectas
1073 2430 1129 2494 ubi
1164 2430 1275 2494 radius
1297 2428 1432 2492 visualis
1454 2449 1532 2492 con-

800 2534 902 2597 currit
924 2555 1000 2598 eum
1024 2534 1158 2599 catheto
1180 2535 1283 2598 ducta
1298 2556 1320 2597 a
1340 2554 1384 2597 re.
1433 2533 1533 2598 Unde

802 2657 853 2700 res
882 2637 954 2702 visa
983 2639 1115 2703 videtur
1143 2649 1281 2720 propter
1306 2637 1369 2702 hoc
1399 2636 1531 2702 dilatari

801 2761 906 2825 usque
935 2744 979 2807 ad
1002 2763 1032 2824 g
1052 2763 1079 2819 r,
1110 2764 1152 2807 eo
1177 2742 1267 2825 quod
1305 2741 1377 2822 ejus
1408 2752 1532 2825 puncta

800 2857 955 2911 extrema
981 2867 1048 2910 non
1075 2845 1183 2911 solum
1210 2847 1364 2910 videntur
1389 2866 1448 2930 per
1468 2868 1490 2909 a
1509 2866 1532 2909 u

801 2950 940 3028 radium,
964 2962 999 3015 et
1025 2971 1085 3034 per
1108 2973 1126 3013 c
1135 2961 1160 3032 p
1184 2951 1312 3014 radium
1339 2950 1531 3033 aliquand0,

800 3056 858 3117 sed
900 3075 960 3136 per
995 3076 1017 3118 a
1046 3077 1067 3118 0
1102 3055 1230 3119 radium
1265 3054 1403 3119 fractum
1443 3054 1477 3117 in
1512 3054 1531 3117 b

800 3169 926 3242 puncto
956 3159 990 3222 in
1016 3158 1190 3240 superficie
1219 3157 1305 3221 oculi
1336 3169 1370 3222 et
1397 3179 1457 3242 per
1477 3157 1534 3221 cd

799 3265 928 3328 radium
959 3263 1099 3329 fractum
1130 3265 1164 3327 in
1196 3286 1230 3327 m
1256 3275 1390 3346 puncto,
1412 3273 1446 3328 et
1476 3265 1531 3329 ob

800 3368 912 3432 radius
941 3368 1077 3432 visualis
1106 3369 1269 3432 concurrit
1299 3368 1379 3451 ing
1405 3378 1530 3452 puncto

799 3492 875 3536 cum
898 3473 1033 3537 catheto
1047 3494 1064 3535 c
1078 3494 1108 3551 a,
1124 3481 1158 3536 et
1179 3472 1251 3536 dm
1273 3473 1385 3536 radius
1408 3473 1530 3536 fractus

799 3577 966 3640 concurrit
1004 3577 1038 3641 in
1075 3600 1095 3640 r
1131 3587 1256 3658 puncto
1290 3597 1366 3640 curn
1396 3576 1530 3642 catheto

373 3701 395 3742 a
413 3699 437 3754 c,
462 3688 496 3742 et
520 3681 595 3742 ideo
619 3680 781 3744 diameter
812 3681 858 3745 rei
886 3679 978 3744 visae
1010 3691 1150 3764 apparet
1175 3701 1248 3744 esse
1270 3702 1291 3744 r
1303 3700 1340 3761 g,
1363 3690 1397 3744 et
1424 3681 1531 3764 major

373 3782 473 3866 longe
505 3803 605 3865 quam
632 3804 655 3846 α
675 3805 700 3846 c.
759 3785 877 3849 Posset
904 3785 1005 3849 etiarn
1033 3805 1106 3848 esse
1132 3783 1197 3848 alia
1223 3804 1324 3848 causa
1353 3785 1529 3869 praecipue

372 3886 475 3950 debili
498 3885 594 3951 oculo
617 3896 652 3951 et
672 3887 863 3972 negligenti,
886 3889 977 3971 quod
996 3889 1125 3969 species
1145 3907 1248 3970 prope
1268 3909 1338 3952 rem
1356 3899 1407 3953 est
1424 3887 1530 3965 sortis,

372 4000 406 4053 et
430 3991 506 4055 ideo
529 4001 607 4055 nata
629 4001 681 4055 est
711 3993 890 4056 terminare
913 3992 1058 4056 debilem
1081 3991 1213 4055 oculum
1238 4003 1272 4056 et
1295 3992 1530 4075 negligentem,

372 4107 406 4160 et
427 4105 564 4178 propter
584 4094 647 4160 hoc
669 4096 715 4160 rei
738 4098 910 4180 quantitas
925 4098 1055 4162 videtur
1078 4095 1184 4179 major
1201 4096 1383 4161 secundum
1400 4097 1531 4178 quanti·

373 4208 478 4264 tatem
505 4200 604 4282 spatii
629 4203 662 4264 in
693 4222 759 4284 qua
794 4203 922 4285 species
950 4210 1091 4285 apparet
1114 4199 1286 4266 sensibilis.
1331 4199 1529 4265 Multotiens
1560 4233 1564 4239 ·

372 4303 460 4368 enim
492 4303 557 4368 hoc
592 4304 755 4387 contingit
788 4305 955 4370 debilibus
991 4304 1097 4371 oculis
1130 4314 1164 4369 et
1194 4303 1333 4368 infirmis
1364 4313 1398 4368 et
1431 4304 1531 4370 ebriis

518 3544 578 3594 Fre.
592 3554 630 3608 70.

404 4473 413 4501 ¹
431 4473 484 4522 See
504 4472 546 4534 fig.
566 4473 607 4522 ὀᾶ
642 4473 684 4535 Β]
699 4475 783 4538 ponrb
805 4476 892 4540 majbr
910 4476 1029 4538 ephrem
1049 4477 1072 4526 is
1094 4483 1184 4526 mount
1205 4475 1271 4525 here
1291 4490 1308 4524 a
1328 4475 1387 4524 lens
1409 4474 1440 4524 oi
1458 4481 1532 4538 great

371 4551 665 4691 Eintiffigflssmfooe
682 4553 712 4601 of
724 4554 798 4603 short
814 4555 919 4615 radius3
941 4570 973 4605 so
989 4557 1046 4605 that
1062 4556 1107 4605 the
1123 4555 1182 4604 leus
1198 4555 1221 4604 is
1237 4553 1299 4617 half,
1313 4569 1345 4603 or
1361 4553 1454 4617 nearly
1467 4553 1531 4615 half,
