3542 5359
590 1557 749 1632 PARS
781 1557 1071 1660 sanarum

564 1796 719 1879 nujus
752 1793 1115 1862 Pansunstours.

390 2051 393 2058 .
453 2005 623 2068 Morsus
647 2005 927 2068 Pnuosorum:
959 2004 1058 2069 Pnns
1082 2004 1215 2069 Pnnm.

303 2193 513 2258 Manifestavi
529 2196 560 2258 in
576 2195 858 2278 praecedentibus,
874 2195 964 2278 quod
982 2193 1138 2278 Cognitio
1155 2195 1361 2277 Linguarum
1377 2206 1411 2260 et
1427 2201 1564 2252 Definition

258 2297 506 2378 Mathematica,
522 2307 622 2381 atque
640 2298 857 2380 Perspectiva,
870 2321 931 2362 nec
945 2319 1010 2362 non
1028 2297 1174 2363 Scientia
1190 2299 1409 2383 Experimen-
1423 2268 1548 2384 {imi

256 2403 333 2468 talis
349 2414 427 2468 sunt
444 2403 590 2466 maxime
611 2403 706 2466 utiles
727 2413 760 2467 et
776 2403 1000 2486 principaliter
1020 2404 1223 2467 necessariae
1244 2404 1276 2466 in
1296 2404 1409 2468 studio
1422 2400 1532 2452 &1⁸¹¹oe-

257 2508 447 2590 sapientiae,
478 2507 548 2571 sine
582 2506 702 2590 quibus
734 2507 842 2570 nullus
872 2517 983 2589 potest
1013 2519 1049 2572 ut
1079 2507 1272 2590 oporteret²
1302 2509 1335 2571 in
1371 2529 1409 2573 ea

257 2610 436 2693 proficere;
459 2621 492 2675 et
514 2631 578 2676 non
600 2611 708 2676 solum
730 2611 883 2675 absolute
904 2622 1047 2693 sumpta,
1064 2614 1121 2676 sed
1142 2613 1268 2676 relate³
1289 2615 1331 2677 ad
1346 2614 1411 2677 Dei

257 2715 443 2782 Ecclesiam
475 2726 509 2780 et
539 2728 648 2782 cetera
679 2717 742 2780 tria
773 2727 996 2799 praenarrata.
1050 2715 1148 2780 Nunc
1177 2738 1255 2780 vero
1285 2717 1411 2782 radices

257 2829 394 2903 quartae
422 2821 579 2885 scientiae
608 2820 685 2883 volo
715 2819 883 2884 revolvere
912 2841 999 2903 quae
1030 2819 1147 2883 melior
1175 2830 1226 2883 est
1255 2821 1410 2884 omnibus

257 2925 434 3009 praedictis
456 2935 489 2989 et
512 2924 670 3003 nobilior;
702 2934 735 2988 et
761 2923 845 2988 haec
870 2933 921 2987 est
946 2925 1033 2988 inter
1056 2944 1173 2988 omnes
1199 2925 1353 3007 practica,
1376 2925 1409 2988 id

257 3039 308 3092 est
330 3031 510 3113 operativa,
533 3040 566 3093 et
589 3030 632 3093 de
658 3028 812 3111 operibus
841 3029 960 3119 nostris
987 3029 1020 3092 in
1045 3027 1108 3091 hac
1132 3029 1201 3092 vita
1227 3029 1318 3092 etin
1344 3027 1411 3093 alia

257 3134 448 3198 constituta.
503 3133 630 3199 Omnes
660 3134 749 3196 enim
780 3133 863 3198 aliae
892 3133 1046 3196 dicuntur
1075 3152 1148 3195 esse
1179 3132 1409 3217 speculativae.

257 3235 347 3301 Nam
374 3238 451 3302 licet
475 3239 639 3320 quaedam
667 3239 733 3301 sint
762 3239 900 3313 activae,
921 3246 955 3300 et
978 3237 1179 3320 operativae,
1199 3248 1310 3301 tamen
1334 3248 1411 3302 sunt

256 3343 300 3406 de
328 3341 484 3426 operibus
513 3341 736 3407 artificialibus
766 3351 800 3406 et
831 3341 1044 3422 naturalibus,
1067 3362 1134 3405 non
1165 3341 1354 3421 moralibus,
1378 3354 1411 3407 et

257 3447 468 3530 speculantur
499 3447 658 3511 veritates
688 3467 796 3510 rerum
832 3457 865 3511 et
898 3467 1037 3531 operum
1070 3446 1291 3510 scientialium
1325 3468 1411 3530 quae

256 3551 438 3614 reseruntur
463 3553 505 3614 ad
532 3548 735 3615 intellectum
765 3550 1006 3633 speculativum
1032 3561 1065 3615 et
1091 3571 1159 3614 non
1189 3561 1266 3615 sunt
1294 3551 1336 3614 de
1363 3551 1411 3615 eis

256 3675 341 3738 quae
371 3654 535 3738 pertinent
564 3654 606 3717 ad
635 3654 838 3718 intellectum
866 3655 1068 3737 practicum;
1102 3655 1158 3736 qui
1186 3655 1262 3718 ideo
1290 3655 1412 3718 dicitur

256 3759 420 3842 practicus
450 3759 540 3841 quod
567 3757 709 3840 praxim,
734 3757 767 3821 id
798 3770 848 3823 est
878 3760 1105 3840 operationem
1135 3760 1214 3822 boni
1240 3759 1291 3823 vel
1323 3759 1412 3832 mali,

255 3873 399 3927 exercet
444 3861 546 3928 Unde
569 3863 713 3947 practica
735 3863 788 3925 hic
813 3862 926 3927 stricte
948 3863 1097 3943 sumitur,
1117 3863 1160 3926 ad
1185 3883 1287 3945 opera
1311 3864 1412 3927 moris

257 3968 376 4049 quibus
406 3967 486 4031 boni
517 3966 568 4030 vel
601 3967 680 4030 mali
710 3987 845 4044 sumus3
881 3966 958 4031 licet
990 3965 1082 4049 largo
1113 3967 1215 4030 modo
1249 3967 1411 4030 sumendo

256 4071 435 4156 practicam
466 4092 526 4155 pro
558 4071 649 4135 omni
679 4071 849 4154 operativa
881 4071 1029 4150 scientia,
1060 4071 1185 4135 multae
1218 4072 1303 4135 aliae
1333 4080 1411 4134 sunt

256 4175 439 4258 practicae3
473 4175 531 4239 sed
562 4175 809 4240 autonomatice
838 4175 921 4239 haec
950 4176 1070 4240 dicitur
1095 4175 1250 4258 practica,
1275 4184 1412 4258 propter

288 4343 297 4374 ¹
315 4343 344 4392 ln
362 4344 395 4394 D.
409 4343 461 4393 and
475 4345 506 4395 0.
521 4345 565 4395 tlre
582 4346 696 4407 heading
711 4345 734 4395 is
752 4345 862 4408 ‘incipit
879 4346 944 4395 Pars
959 4345 1077 4408 Septima
1093 4344 1169 4407 hujus
1184 4344 1362 4394 Persuasionis
1377 4345 1412 4393 de

257 4423 348 4472 Morali
360 4423 544 4486 Philosophia
562 4424 661 4473 habens
677 4425 866 4474 Distinctiones
883 4433 910 4474 et
926 4425 1062 4488 capitula:
1097 4423 1121 4473 It
1136 4431 1203 4472 must
1218 4424 1251 4472 be
1266 4423 1409 4486 remarked,

255 4502 387 4560 however,
399 4503 456 4550 that
473 4503 518 4551 the
536 4503 645 4552 division
664 4503 720 4553 into
732 4503 905 4553 Distinctions
921 4504 973 4552 and
984 4504 1114 4566 Chapters
1130 4503 1153 4551 is
1165 4517 1231 4564 very
1248 4501 1411 4565 imperfectly

255 4579 354 4629 carried
365 4585 410 4628 out
421 4581 447 4628 in
459 4581 534 4630 these
545 4588 600 4630 two
612 4581 690 4631 MSS.

288 4656 298 4686 ¹
314 4666 455 4721 oporteret,
468 4659 519 4720 0.;
537 4667 650 4723 oportet,
663 4661 699 4711 M.
915 4659 925 4690 ⁸
942 4659 1031 4724 relate,
1044 4659 1092 4716 0.;
1110 4659 1199 4720 relata,
1211 4659 1246 4711 ll.
