3542 5359
345 561 405 621 282
559 562 715 622 OPERIS
739 561 929 632 MAJORJS
953 560 1068 620 PARS
1091 537 1292 620 SEPTIMA.

346 747 508 809 operum;
531 737 566 791 et
583 727 707 790 amisso
726 746 803 810 rege
822 734 931 789 totum
952 723 1133 802 dilabitur'3
1169 745 1230 788 nec
1252 727 1399 808 unquam
1423 723 1499 808 plus

347 829 449 914 quam
484 852 585 895 uuum
618 831 796 913 patiuntur,
825 828 1063 912 melioremque
1088 849 1200 912 pugna
1223 839 1398 912 quaerunt.
1445 829 1499 893 In-

347 936 451 1020 signis
468 937 536 1018 regi
556 935 662 1000 forma
681 945 733 999 est
753 933 986 1016 dissimilisque
1007 934 1145 1000 caeteris
1165 943 1238 997 tum
1260 933 1499 1016 magnitudine,

347 1051 420 1105 tum
446 1039 562 1104 nitore.
608 1039 881 1104 iracundissimae
904 1038 951 1102 ac'
972 1059 1033 1120 pro
1059 1058 1233 1120 corporum
1249 1049 1349 1121 captu
1373 1040 1500 1122 pugna·

348 1145 500 1208 cissimae
522 1153 601 1209 suut
626 1163 716 1225 apes,
741 1152 776 1208 et
806 1143 940 1208 aculeos
970 1145 1003 1206 in
1033 1142 1169 1206 vulnere
1198 1142 1405 1226 relinquunt:
1438 1163 1499 1207 rex

348 1251 418 1334 ipse
448 1251 519 1314 sine
556 1248 672 1312 aculeo
707 1259 769 1313 est.
826 1249 945 1312 Noluit
976 1246 1069 1312 illum
1104 1247 1235 1310 Natura
1268 1266 1329 1311 uec
1362 1267 1499 1312 saevum

347 1375 420 1420 esse
437 1373 500 1418 nec
524 1353 685 1417 ultionem
708 1373 830 1437 magno
852 1362 1078 1417 constaturam
1102 1360 1223 1433 petere,
1246 1350 1418 1434 telumque
1440 1352 1500 1415 de-

347 1459 461 1533 traxit,
480 1469 513 1521 et
539 1457 621 1520 iram
642 1457 714 1540 ejus
729 1456 892 1520 inermem
908 1455 1060 1538 reliquit:
1090 1454 1263 1540 exemplar
1285 1456 1348 1520 hoc
1370 1455 1500 1540 magnis

348 1563 482 1644 regibus
505 1563 621 1643 ingens
643 1573 743 1626 est..
761 1582 860 1624 .cum
888 1569 984 1624 tanto
1007 1559 1181 1624 homiuum
1205 1561 1405 1624 moderatior
1427 1581 1500 1624 esse

347 1667 478 1731 animus
504 1667 625 1730 debeat
651 1676 778 1747 quanto
803 1665 1030 1730 vehementius
1061 1673 1168 1729 nocet.
1215 1663 1355 1729 Utinam
1382 1666 1500 1729 eadem

348 1771 477 1834 homini
493 1770 548 1834 lex
567 1780 663 1849 esset,
679 1779 715 1834 ut
731 1771 778 1834 ira
793 1789 869 1833 cum
891 1768 960 1833 telo
980 1789 1041 1833 suo
1060 1769 1275 1851 frangeretur,
1290 1790 1349 1832 nec
1369 1770 1501 1852 saepius

350 1875 462 1940 liceret
478 1896 596 1940 nocere
611 1895 713 1957 quam
728 1869 849 1938 semel?
882 1873 930 1937 Et
941 1872 1048 1950 infert,
1064 1873 1182 1937 ‘Errat
1193 1875 1221 1936 si
1237 1875 1312 1955 quis
1327 1873 1501 1938 existimat

351 1990 461 2044 tutum
482 2000 554 2044 esse
573 1999 685 2062 regem
708 1979 764 2042 ubi
784 1978 865 2042 nihil
885 2001 906 2043 a
927 1998 1003 2061 rege
1024 1987 1143 2043 tutum.
1190 1977 1358 2043 Securitas
1378 1980 1500 2042 securi-

350 2097 421 2150 tate
440 2095 556 2149 mutua
578 2085 777 2168 paciscenda
798 2092 857 2147 est
905 2082 982 2145 Non
1003 2103 1087 2164 opus
1106 2092 1157 2146 est
1173 2083 1273 2149 muris
1291 2083 1501 2165 turribusque

349 2211 386 2255 se
409 2191 573 2272 sepire..
596 2237 611 2263 .,
626 2189 753 2254 salvum
777 2208 890 2272 regern
914 2187 947 2250 ln
970 2199 1088 2270 aperto
1110 2185 1285 2251 clementia
1309 2188 1500 2270 praestabit.

352 2295 466 2360 Unum
489 2305 541 2359 est
564 2293 824 2376 inexpugnabile
848 2294 1091 2356 munimentum
1114 2312 1209 2355 amor
1232 2293 1362 2356 civium.
1408 2290 1499 2374 Quid

350 2400 439 2463 enim
462 2399 607 2482 pulcrius
629 2407 679 2462 est
705 2417 806 2480 quam
829 2399 938 2462 vivere
964 2397 1156 2480 optantibus
1183 2395 1345 2462 cunctisi’
1390 2397 1500 2460 ‘Hor-

347 2501 478 2568 tamur¹
493 2503 594 2586 igitur
610 2513 646 2565 ut
662 2501 835 2566 manifeste
850 2502 956 2565 laesus
973 2501 1119 2564 animum
1136 2500 1170 2564 in
1186 2510 1354 2584 potestate
1368 2491 1502 2578 habeat,

347 2621 381 2672 et
397 2628 550 2692 poenam,
566 2607 594 2671 si
615 2617 690 2671 tuto
710 2607 844 2691 poterit,
860 2608 972 2680 donet,
988 2605 1040 2670 sin
1061 2606 1181 2678 minue,
1197 2614 1369 2687 temperet,
1386 2606 1501 2688 longe-

346 2735 413 2798 que
436 2714 481 2778 sit
507 2713 539 2776 in
569 2713 639 2778 suis
662 2733 764 2795 quam
789 2713 823 2776 iu
852 2711 967 2775 alienis
998 2709 1124 2792 injuriis
1153 2710 1366 2774 exorabilior.
1411 2710 1500 2774 Nam

346 2818 629 2901 quemadmodum
652 2837 718 2881 non
745 2827 796 2881 est
824 2815 937 2899 magni
964 2814 1067 2880 animi
1088 2815 1144 2897 qui
1166 2816 1209 2879 de
1228 2816 1336 2879 alieno
1355 2814 1502 2878 liberalis

346 2934 406 3000 est,
436 2924 496 2987 sed
529 2922 584 2985 ille
618 2923 675 3005 qui
700 2920 915 3004 quod‘alteri
945 2921 1050 2984 donat
1079 2920 1144 2984 sibi
1174 2920 1329 2997 detrahit,
1359 2919 1407 2982 ita
1436 2919 1501 2984 cle·

347 3037 495 3090 mentem
521 3028 658 3100 vocabo,
682 3045 749 3089 non
773 3025 805 3087 in
828 3025 937 3089 alieno
961 3025 1077 3089 dolore
1099 3024 1236 3100 facilem,
1260 3025 1319 3090 sed
1342 3044 1419 3088 eum
1443 3022 1501 3106 qui

347 3151 424 3194 cum
453 3129 522 3193 suis
545 3130 689 3193 stimulis
715 3129 868 3212 agitetur,
894 3149 960 3193 non
991 3126 1139 3211 prosilit?
1186 3129 1232 3193 Et
1258 3129 1379 3192 iterum
1410 3128 1502 3204 dicit,

348 3231 634 3299 ‘Verecundiam²
654 3235 813 3317 peccandi
835 3232 915 3297 facit
939 3233 1011 3316 ipsa
1031 3233 1206 3297 clementia
1230 3230 1393 3316 regentis,’
1414 3233 1500 3296 ‘Nec

348 3339 457 3402 minus
486 3338 597 3422 turpia
627 3337 766 3421 principi
795 3347 873 3402 sunt
904 3337 1010 3401 multa
1042 3337 1205 3421 supplicia
1235 3357 1348 3420 quarn¹
1372 3337 1500 3401 medico

350 3442 454 3505 multa
470 3441 602 3505 funera!
636 3439 794 3506 ‘Natura’
805 3442 894 3506 enirn
911 3448 1110 3507 ‘contumax
1126 3452 1176 3506 est
1192 3441 1356 3506 humanus
1370 3443 1501 3506 animus

350 3546 436 3610 etin
459 3545 660 3609 contrarium
683 3557 787 3628 atque
816 3547 958 3610 arduum
986 3546 1104 3618 nitens,
1131 3547 1344 3629 sequiturque
1374 3546 1501 3612 facilius

349 3670 449 3734 quam
477 3649 617 3714 ducitur.
663 3649 709 3713 Et
730 3660 768 3715 ut
791 3653 941 3732 generosi
966 3660 1000 3714 et
1026 3650 1154 3714 nobiles
1179 3652 1256 3733 equi
1279 3649 1392 3714 fraeno
1414 3649 1500 3716 facili

350 3768 517 3840 reguntur,
541 3755 587 3818 ita
610 3754 823 3818 clementiam
846 3754 1034 3819 voluntaria
1064 3755 1251 3819 innocentia
1283 3755 1410 3838 impetu
1441 3775 1501 3818 suo

349 3858 516 3943 sequitur.’
557 3859 604 3923 Et
634 3860 771 3924 tandem
802 3869 997 3926 convertens
1027 3878 1213 3923 sermonem
1243 3860 1286 3924 ad
1316 3859 1499 3942 principem

350 3963 567 4028 Romanum³
600 3963 691 4041 dicit,
725 3963 913 4027 ‘Tradetur
949 3963 1013 4028 ista
1046 3965 1148 4028 animi
1185 3963 1234 4028 tui
1270 3966 1501 4042 mansuetudo,

349 4068 616 4150 diffundeturque
650 4067 813 4149 paulatim
847 4087 907 4150 per
935 4087 1034 4132 omne
1067 4067 1198 4150 imperii
1232 4068 1282 4134 tui
1315 4089 1446 4152 corpus,
1468 4078 1502 4133 et

349 4185 469 4238 cuncta
495 4173 529 4236 in
559 4171 810 4237 similitudinem
841 4181 934 4236 tuam
961 4170 1196 4250 formabuntur,
1222 4193 1243 4237 a
1272 4173 1382 4256 capite
1413 4174 1502 4238 bono

349 4279 383 4340 in
398 4297 514 4341 omnes
528 4276 719 4341 valetudine
733 4275 892 4341 dilatata’

394 4380 450 4446 Sic
474 4381 575 4464 igitur
602 4380 720 4443 induxi
750 4381 862 4463 aliqua
886 4381 929 4445 ad
956 4381 1132 4446 ostendum
1163 4381 1442 4465 pulchritudinem
1468 4391 1502 4446 et

538 4528 546 4558 ¹
564 4529 604 4578 Dr
614 4529 756 4590 Clementia,
770 4530 786 4579 i.
800 4545 839 4579 20.
1124 4531 1134 4559 ³
1150 4531 1181 4581 r'b.
1197 4531 1212 4579 i.
1225 4547 1265 4594 aa,
1280 4547 1319 4593 24.

864 4607 874 4636 ⁸
892 4607 923 4658 ib.
936 4608 961 4657 ii.
975 4624 998 4660 2.
