3542 5359
537 591 736 651 SCIENTIA
763 589 1023 650 EXPERIMEN
1024 590 1052 649 T
1048 590 1155 650 ALIS.
1363 607 1419 667 191

263 763 376 839 potest
398 774 509 820 creare
531 754 661 820 colores
686 754 720 818 in
743 753 839 832 nube,
860 764 898 818 ut
920 762 1036 837 patet3
1060 773 1165 837 quare
1179 752 1261 817 nihil
1281 754 1343 817 erit
1357 754 1420 819 nisi

263 879 324 943 per
344 861 583 942 apparentiam.
631 860 717 922 Item
741 859 821 922 visio
848 879 908 940 per
929 857 1145 921 reflexionem
1167 857 1271 922 habet
1292 858 1422 924 visibile

263 962 297 1026 in
313 963 455 1026 termino
471 964 552 1028 radii
568 962 700 1027 visualis
715 961 840 1041 reflexi,
857 972 894 1026 ut
909 961 1018 1044 patuit
1033 961 1133 1043 prius,
1146 971 1180 1026 et
1199 962 1275 1027 ideo
1296 983 1363 1026 non
1386 963 1420 1026 in

264 1075 388 1148 puncto
410 1066 598 1132 reflexionis
620 1087 681 1131 nec
707 1065 805 1142 aiibi3
836 1066 915 1149 quia
938 1087 990 1130 res
1011 1067 1081 1129 visa
1106 1077 1157 1130 est
1183 1066 1345 1132 terminus
1371 1087 1421 1130 re-

265 1169 417 1236 flexionis
436 1181 471 1234 et
486 1171 592 1238 lineae
607 1169 760 1247 reflexae,
775 1190 855 1253 ergo
876 1191 936 1252 per
956 1169 1175 1235 reflexionem
1195 1169 1276 1234 nihil
1290 1171 1422 1236 videtur

265 1274 298 1338 in
321 1276 410 1339 nube
418 1273 440 1338 ¹.

309 1377 347 1442 Si
377 1399 456 1443 vero
489 1378 631 1456 dicatur,
663 1379 755 1461 quod
790 1378 989 1444 sensibiliter
1020 1388 1054 1442 et
1084 1379 1240 1443 vivaciter
1271 1387 1422 1442 movetur
1434 1394 1506 1460 They
1517 1412 1559 1446 are

264 1483 353 1546 visus
382 1503 442 1565 per
471 1483 599 1560 iridem,
626 1492 660 1546 et
689 1492 853 1564 apparent
886 1482 1013 1547 colores
1042 1480 1139 1546 vaide
1170 1483 1236 1547 vivi
1266 1483 1299 1546 in
1329 1482 1422 1560 iride,
1433 1461 1574 1577 ffilffl

265 1606 345 1669 ergo
377 1607 444 1650 non
473 1595 582 1668 potest
608 1608 679 1650 esse
709 1586 781 1652 sola
810 1588 1006 1670 apparentia
1038 1587 1209 1663 colorum3
1241 1587 1421 1651 dicendum
1434 1593 1553 1642 orvisual

265 1699 316 1754 est
347 1691 437 1772 quod
468 1691 552 1756 sicut
582 1702 634 1756 est
667 1691 740 1756 sola
773 1691 968 1774 apparentia
1005 1689 1161 1767 colorum,
1191 1691 1238 1756 sic
1270 1702 1320 1756 est
1349 1690 1423 1758 sola
1434 1674 1532 1724 (ΨΜ

265 1796 460 1876 apparentia
491 1815 608 1859 sensus
641 1805 675 1860 et
703 1796 889 1860 vivacitatis
921 1795 1163 1860 immutationis
1189 1795 1302 1874 visus;
1339 1816 1422 1878 quo-

265 1898 353 1962 niam
383 1898 572 1980 hujusmodi
603 1900 791 1964 immutatio
823 1919 892 1964 non
921 1910 972 1964 est
1003 1898 1065 1963 nisi
1095 1920 1139 1962 ex
1165 1899 1297 1965 deiectu
1323 1900 1423 1974 visus,

265 2002 352 2064 sicut
366 2003 516 2067 videmus
538 2003 571 2066 in
593 2004 765 2087 exemplis.
812 2003 925 2086 Quum
947 2002 1034 2066 enim
1058 2003 1091 2066 in
1111 2011 1240 2066 aestate
1260 2003 1303 2068 de
1324 2023 1424 2068 mane

265 2105 385 2188 aliquis
408 2106 553 2171 demittit
576 2117 676 2192 caput
698 2109 742 2172 ad
765 2116 897 2182 terram,
919 2115 956 2170 ut
977 2107 1091 2169 videat
1114 2107 1263 2189 guttulas
1285 2107 1367 2170 roris
1389 2107 1423 2170 in

266 2211 511 2275 summitatibus
526 2210 712 2288 herbarum,
727 2211 754 2274 si
774 2211 819 2275 sit
839 2208 1008 2294 negligens
1028 2211 1061 2274 in
1076 2211 1222 2275 videndo
1243 2220 1276 2275 et
1296 2210 1424 2294 langui·

267 2314 340 2389 dus,
368 2322 401 2377 et
431 2313 646 2379 semiclaudat
676 2297 952 2392 oculossvidebit
982 2315 1163 2379 secundum
1193 2316 1423 2399 apparentiam

266 2437 382 2482 omnes
408 2417 534 2483 colores
559 2420 656 2482 iridis.
702 2419 748 2484 Et
774 2419 925 2483 similiter
950 2421 993 2484 de
1019 2419 1142 2484 circulo
1164 2420 1313 2485 colorato
1335 2420 1422 2484 circa

267 2521 459 2600 candelam;
493 2533 528 2586 et
553 2522 703 2587 similiter
728 2523 863 2605 quando
894 2523 1012 2606 aliquis
1041 2524 1145 2607 surgit
1170 2525 1214 2588 de
1243 2544 1362 2588 somno
1388 2525 1423 2588 in

268 2633 404 2701 aestate,
419 2625 542 2690 habens
565 2626 678 2692 ocuios
701 2627 787 2691 male
811 2637 944 2711 apertos
967 2638 1000 2692 et
1021 2649 1211 2711 vaporosos‚
1227 2638 1261 2693 et
1282 2629 1422 2712 aspiciat

268 2728 312 2791 ad
334 2727 458 2811 aliquid
482 2729 628 2795 foramen
652 2753 790 2816 parvum
816 2753 876 2814 per
902 2733 994 2814 quod
1017 2732 1134 2796 transit
1161 2733 1271 2796 radius
1296 2732 1421 2815 solaris,

268 2835 474 2916 apparebunt
503 2836 533 2899 ei
560 2836 709 2913 colores;
743 2847 777 2902 et
808 2837 957 2900 maxime
985 2837 1032 2900 eis
1061 2836 1118 2918 qui
1144 2836 1269 2902 habent
1295 2836 1423 2902 debiles

269 2938 383 3002 oculos
404 2948 438 3002 et
458 2938 545 3002 male
559 2940 674 3005 vident
694 2959 714 3003 a
736 2940 843 3023 longe.
891 2940 938 3004 Et
958 2939 1034 3004 ideo
1055 2949 1189 3022 oportet
1208 2940 1298 3022 quod
1318 2960 1422 3023 appa-

270 3042 345 3106 ritio
377 3042 420 3106 sit
450 3052 587 3126 propter
616 3044 781 3109 desectum
812 3045 908 3117 visus,
939 3056 974 3109 et
1005 3054 1141 3126 propter
1171 3044 1235 3107 hoc
1268 3053 1319 3108 est
1349 3043 1423 3108 sola

270 3147 471 3228 apparentia,
486 3157 520 3210 et
536 3168 601 3211 non
616 3149 746 3213 veritas
793 3147 1003 3214 Fortificatur
1018 3159 1131 3212 autem
1146 3147 1228 3212 haec
1248 3148 1423 3232 apparitio,

270 3259 429 3333 tanquam
457 3252 490 3313 in
517 3250 592 3316 loco
617 3253 707 3317 iridis
733 3253 784 3329 sit,
806 3264 942 3337 propter
963 3253 1028 3318 hoc
1054 3254 1144 3336 quod
1166 3253 1234 3317 cito
1259 3254 1425 3318 concurrit

270 3354 381 3417 radius
396 3354 528 3419 visualis
549 3375 623 3420 cum
643 3357 777 3422 catheto
793 3367 931 3440 propter
945 3358 1141 3440 parvitatem
1163 3357 1424 3436 stillicidiorum3

271 3468 304 3522 et
324 3459 400 3523 ideo
420 3479 523 3543 prope
544 3471 703 3542 punctum
727 3460 915 3525 reflexionis
935 3459 973 3524 fit
991 3459 1180 3542 hujusmodi
1200 3463 1374 3545 apparitio,
1390 3471 1423 3526 et

271 3571 406 3646 propter
420 3563 484 3627 hoc
499 3565 531 3628 in
548 3565 617 3648 ipsa
633 3564 772 3629 materia
788 3575 823 3628 et
838 3565 912 3629 loco
928 3564 1026 3628 iridis.

316 3667 353 3731 Si
367 3689 446 3731 vero
469 3669 605 3747 dicatur,
621 3671 711 3751 quod
733 3669 813 3734 radii
832 3668 957 3733 solares
977 3678 1184 3733 transeuntes
1205 3689 1265 3751 per
1284 3667 1569 3750 crystal·1>rismatie

271 3771 339 3834 lum
355 3772 481 3836 faciunt
496 3773 621 3838 colores
636 3795 732 3838 veros
752 3784 786 3838 et
804 3772 900 3850 fixos,
914 3773 971 3856 qui
989 3775 1133 3855 speciem
1149 3771 1273 3836 faciunt
1293 3783 1327 3838 et
1347 3783 1425 3838 sunt
1438 3752 1538 3801 ⁰⁰¹⁰¹¹¹⁵

272 3877 304 3939 in
328 3877 456 3940 ratione
477 3878 619 3960 objecti3
648 3878 824 3942 dicendum
852 3886 912 3952 est,
933 3877 1022 3959 quod
1044 3877 1133 3941 aliud
1157 3885 1209 3940 est
1231 3876 1286 3941 hic
1312 3886 1346 3941 ct
1369 3878 1425 3941 ibi.
1439 3818 1549 3932 'dicerint

273 3981 390 4046 Solum
417 3982 579 4063 aspiciens
606 3980 685 4046 facit
710 3982 837 4058 iridem,
858 4000 921 4044 nec
946 3989 996 4044 est
1022 3981 1067 4044 ibi
1092 3981 1153 4045 nisi
1178 3980 1251 4044 sola
1277 3981 1425 4045 reflexio.
1438 3964 1520 3998 Μ’

274 4085 342 4148 Hic
357 4094 468 4149 autem
490 4094 541 4149 est
557 4105 656 4150 causa
676 4083 845 4161 naturalis,
859 4084 982 4149 scilicet
999 4085 1111 4148 radius
1131 4092 1165 4148 et
1180 4085 1266 4167 lapis
1285 4105 1426 4166 rugosus

271 4189 329 4272 qui
339 4187 441 4252 habet
456 4209 610 4272 magnam
626 4187 808 4272 superficiei
820 4188 1054 4266 diversitatem,
1064 4197 1102 4252 ut
1113 4189 1294 4251 secundum
1310 4207 1426 4251 casum

272 4293 354 4356 lucis
377 4293 550 4356 diversitas
572 4294 720 4356 colorum
745 4293 891 4357 resultet.
931 4293 977 4355 Et
1000 4303 1155 4375 aspectus
1182 4292 1216 4353 in
1245 4290 1320 4355 illos
1345 4290 1426 4356 facit

271 4397 324 4461 hic
340 4399 457 4462 adesse
477 4398 603 4461 colores
612 4393 634 4476 ²,
658 4416 735 4460 nam
759 4397 851 4481 prius
875 4407 927 4461 est
953 4396 1044 4461 color
1067 4416 1168 4478 quam
1190 4395 1342 4459 videatur
1361 4395 1426 4474 hic,

271 4511 307 4565 et
328 4522 348 4564 a
369 4501 506 4566 diversis
521 4501 654 4564 videtur
672 4502 704 4564 in
726 4503 845 4565 eodem
862 4501 948 4566 loco.
993 4499 1062 4565 Sed
1083 4500 1137 4562 hic
1162 4520 1207 4563 ex
1222 4510 1358 4582 aspectu
1374 4513 1427 4565 est

306 4617 315 4646 ¹
333 4619 373 4671 Cf.
383 4620 502 4684 Perspect,
515 4619 578 4670 Pars
590 4621 625 4671 iii.
639 4619 706 4670 Dist.
719 4621 734 4670 i.
749 4635 805 4684 cap.
816 4636 840 4669 2.
1014 4619 1025 4648 ²
1040 4619 1073 4668 nd
1084 4617 1224 4668 ”sentim
1235 4618 1360 4680 colorum,
1371 4619 1399 4682 J.
