3542 5359
780 608 866 672 34
1233 593 1546 653 OPERIS
1596 593 1974 665 MAJORJS
2021 593 2252 652 PARS
2301 592 2646 667 QUINTA.

783 755 957 820 sicut
999 756 1389 822 carunculae
1434 756 1681 820 similes
1719 756 2216 821 summitatibus
2253 756 2692 820 mamillarum
2715 779 2732 831 3
2783 776 2937 821 narn
2980 756 3090 821 illa

780 871 934 925 sunt
967 862 1404 925 instrumenta
1432 881 1605 943 quae
1635 861 1853 945 primo
1895 862 2333 926 immutantur
2370 861 2458 924 ab
2498 861 2722 940 odore,
2754 871 2822 925 et
2853 881 3089 924 nervus

780 965 868 1029 ad
913 985 1112 1049 quem
1165 965 1634 1030 continuantur
1683 966 1863 1049 apud
1919 965 2207 1032 anterius
2257 964 2507 1029 cerebri
2551 974 2652 1028 est
2701 964 2981 1029 radicale
3019 976 3088 1030 et

779 1069 1029 1133 fontale
1077 1069 1586 1133 instrumentum
1632 1069 1998 1135 olfaciendi.
2089 1069 2292 1153 Quod
2336 1079 2560 1134 autem
2600 1069 2757 1133 dicit
2794 1069 2898 1133 hic
2937 1069 3088 1132 ulti-

779 1192 962 1236 mum
999 1173 1287 1237 sentiens
1323 1194 1468 1238 esse
1502 1175 1571 1237 in
1615 1175 1925 1239 anteriori
1973 1184 2162 1259 parte
2210 1174 2473 1250 cerebri,
2502 1175 2857 1238 dicendum
2904 1175 3084 1256 quod

776 1296 911 1341 non
943 1278 1220 1342 sumitur
1250 1277 1377 1342 hoc
1408 1278 1699 1343 anterius
1729 1279 1976 1344 cerebri
2010 1299 2129 1362 pro
2160 1278 2396 1342 cellula
2427 1280 2640 1360 prima
2670 1277 2935 1354 cerebri,
2965 1278 3082 1342 sed

775 1382 957 1446 locus
988 1382 1397 1464 propinquus
1419 1383 1500 1462 ei,
1520 1383 1767 1447 scilicet
1794 1384 1858 1447 in
1883 1382 2197 1447 foramine
2220 1382 2443 1459 cranii,
2461 1383 2572 1447 ubi
2603 1393 2707 1447 est
2729 1402 3085 1446 concursus

775 1505 1165 1562 nervorum3
1226 1486 1379 1569 quia
1431 1487 1608 1550 enim
1658 1497 1761 1551 est
1814 1498 1972 1552 ante
2023 1488 2366 1551 cerebrum
2417 1497 2484 1551 et
2536 1507 2763 1571 prope,
2809 1496 3085 1550 vocatur

773 1591 1066 1655 anterius
1096 1592 1365 1654 cerebri.
1458 1590 1770 1656 Similiter
1814 1602 1917 1656 est
1951 1592 2039 1656 de
2076 1592 2516 1656 instrumento
2551 1590 2836 1655 olfactus
2866 1612 2881 1669 ;
2929 1611 3081 1654 nam

773 1695 979 1758 oritur
1028 1716 1116 1758 ex
1172 1696 1390 1761 medio
1441 1690 1805 1760 anterioris‘
1832 1696 2102 1773 cerebri,
2147 1708 2216 1762 et
2267 1697 2652 1762 extenditur
2700 1695 2871 1760 inter
2915 1696 3080 1758 duas

772 1794 1183 1863 summitates
1242 1799 1516 1864 uberum
1578 1821 1787 1883 prope
1844 1800 2207 1879 cerebrum,
2260 1812 2329 1865 et
2388 1798 2820 1885 propinquius
2880 1818 3081 1882 quarn

773 1924 1014 1967 nervus
1050 1903 1338 1984 visualiS,
1381 1905 1538 1986 quia
1583 1905 1876 1968 maxime
1916 1906 2357 1971 necessarium
2398 1916 2498 1970 est
2539 1904 2806 1968 animali
2849 1913 2924 1967 ut
2963 1923 3081 1986 per

772 2008 1043 2072 odorem
1085 2008 1493 2074 confortetur
1531 2010 1889 2074 cerebrum.
1982 2011 2075 2076 Et
2119 2011 2470 2093 praecipue
2511 2008 2575 2074 in
2612 2008 2893 2084 homine,
2928 2009 3080 2091 quia

771 2112 974 2177 habet
1006 2114 1220 2195 maju's
1245 2113 1586 2177 cerebrum
1608 2124 1909 2197 respectu
1934 2114 2034 2179 sui
2056 2114 2349 2199 corporis
2372 2135 2576 2197 quam
2605 2113 2783 2179 aliud
2816 2113 3080 2187 animal,

772 2229 847 2282 ut
877 2218 1032 2283 dicit
1061 2213 1460 2282 Aristoteles
1490 2219 1556 2282 in
1592 2214 1757 2282 libro
1788 2221 1874 2282 de
1904 2219 2353 2284 Animalibus,

862 2322 952 2385 Et
983 2322 1075 2387 sic
1115 2333 1303 2404 patet
1347 2324 1528 2405 quod
1577 2344 1706 2387 non
1753 2321 1971 2388 solum
2012 2323 2186 2388 oculi
2216 2324 2521 2406 judicant
2561 2324 2648 2387 de
2676 2320 2926 2399 visibili,
2956 2323 3074 2385 sed

764 2421 1074 2507 incipitur
1110 2426 1435 2508 judicium
1479 2422 1541 2490 in
1590 2429 1703 2508 eis,
1739 2438 1809 2492 et
1850 2429 2223 2513 completur
2258 2450 2376 2511 per
2415 2428 2719 2492 ultimum
2763 2426 3073 2504 sentienS,

765 2533 943 2613 quod
979 2540 1077 2594 est
1110 2531 1315 2595 virtus
1346 2526 1545 2596 visiva
1577 2532 1846 2597 fontalis
1880 2533 1944 2596 in
1979 2554 2180 2597 nervo
2212 2530 2563 2596 communi.
2650 2531 2742 2594 Et
2772 2530 3074 2594 similiter

767 2645 953 2717 patet
999 2636 1178 2718 quod
1232 2638 1406 2701 oculi
1459 2634 1766 2716 sentiunt,
1820 2649 1888 2702 et
1936 2657 2067 2702 non
2121 2637 2337 2702 solum
2392 2656 2629 2701 nervus
2681 2633 3067 2699 communis.

771 2738 905 2803 Sed
939 2741 1252 2823 quoniam
1286 2744 1457 2806 oculi
1487 2739 1871 2808 ordinantur
1900 2744 1986 2807 ad
2012 2743 2324 2807 virtutem
2348 2741 2725 2821 radicalem,
2744 2751 2811 2804 et
2842 2742 2929 2805 ab
2962 2741 3072 2805 illa

769 2843 983 2909 fluunt
1025 2846 1298 2910 virtutes
1344 2848 1429 2910 ad
1475 2847 1724 2926 oculoS,
1770 2857 1838 2911 et
1882 2847 2307 2911 continuatur
2350 2845 2555 2909 virtus
2600 2845 2908 2910 sensitiva
2954 2865 3072 2930 per

770 2958 985 3013 totum
1019 2969 1294 3013 nervum
1334 2973 1375 3014 a
1414 2968 1611 3015 nervo
1652 2947 1992 3015 communi
2035 2951 2121 3015 ad
2167 2949 2411 3029 ocuIOS,
2444 2959 2517 3014 ut
2558 2950 2713 3013 dicit
2745 2949 3069 3028 Alhazen,

768 3050 920 3116 ideo
967 3072 1096 3117 una
1140 3064 1241 3117 est
1286 3055 1584 3137 operatio
1620 3051 1843 3128 visiva‚
1881 3062 1949 3117 et
1989 3049 2306 3136 judicium
2353 3054 2535 3135 quod
2579 3052 2910 3135 perficitur
2952 3073 3072 3135 per

765 3155 993 3219 oculos
1025 3165 1090 3218 et
1122 3172 1394 3220 nervum
1428 3174 1871 3221 communem.
1964 3156 2057 3221 Et
2091 3154 2240 3221 licet
2271 3157 2467 3235 dicat,
2495 3157 2675 3238 quod
2709 3156 2938 3221 oculus
2969 3166 3070 3221 est

763 3257 1271 3323 instrumentum
1335 3256 1546 3324 ultimi
1607 3263 1971 3340 sentientiS,
2024 3271 2092 3325 et
2148 3257 2439 3325 medium
2500 3259 2669 3324 inter
2728 3262 2945 3343 ipsum
2999 3272 3067 3327 et

757 3363 1029 3443 visibile,
1074 3374 1301 3429 tamen
1348 3367 1577 3430 oculus
1624 3363 1989 3431 necessario
2034 3365 2238 3429 habet
2277 3363 2600 3447 judicium
2644 3375 2712 3430 et
2754 3366 3066 3431 virtutem

760 3461 1045 3548 videndi,
1097 3468 1251 3534 licet
1313 3471 1811 3555 incompletum.
1932 3466 2109 3534 Nam
2172 3469 2477 3553 anguluS,
2536 3489 2655 3552 per
2712 3489 2914 3551 quem
2977 3472 3065 3533 rei

759 3569 1098 3653 quantitas
1144 3570 1561 3657 cognoscitur
1605 3574 1947 3658 glacialem
1997 3595 2129 3638 non
2176 3574 2460 3652 excedit,
2490 3583 2694 3656 atque
2738 3575 3067 3638 ordinatio

758 3677 851 3739 rei
893 3677 1075 3742 visae
1118 3680 1479 3742 secundum
1525 3700 1667 3744 oese
1711 3696 1906 3743 suum
1956 3678 2032 3741 fit
2080 3679 2147 3741 in
2200 3677 2546 3762 superficie
2589 3677 2904 3761 glacialiS,
2948 3699 3067 3761 per

757 3801 958 3864 quarn
991 3777 1470 3847 ordinationem
1505 3804 1609 3848 res
1637 3783 1949 3849 distincte
1985 3783 2429 3865 cognoscitur,
2457 3793 2527 3847 et
2566 3782 2696 3847 hoc
2737 3792 2839 3847 est
2881 3784 3060 3865 quod

755 3880 982 3949 statim
1012 3886 1382 3951 declaratur
1401 3879 1444 3949 ¹.

820 4071 839 4101 ¹
874 4072 1021 4121 with
1057 4073 1146 4121 the
1182 4072 1453 4136 soregoing
1486 4070 1803 4136 description
1839 4070 1929 4124 the
1950 4074 2129 4122 words
2162 4072 2222 4121 os
2247 4072 2477 4121 Alhazen
2510 4088 2629 4135 may
2662 4072 2727 4120 be
2766 4073 3058 4134 compared.

757 4154 773 4179 ‘
788 4150 1011 4214 Spiritus
1029 4151 1241 4201 visibilis
1260 4153 1512 4201 emittitur
1530 4169 1595 4202 ex
1619 4153 1862 4201 anteriori
1887 4160 2031 4215 parte
2057 4150 2273 4211 cerebri,
2289 4159 2340 4201 et
2366 4151 2543 4213 implet
2565 4152 2695 4200 duas
2720 4151 3060 4200 concavitates

755 4231 973 4279 duorum
998 4245 1272 4279 nervorum
1297 4232 1578 4293 primorum
1603 4232 1992 4292 conjunctorum
2017 4246 2132 4279 cum
2156 4229 2385 4290 cerebro,
2409 4236 2462 4277 et
2488 4230 2721 4292 pervenit
2744 4229 2808 4277 ad
2846 4242 3058 4277 nervum

755 4324 1078 4358 communem
1129 4317 1184 4360 et
1221 4310 1397 4372 implet
1437 4310 1804 4359 concavitatem
1840 4310 1967 4369 ejus,
2012 4316 2065 4357 et
2103 4309 2245 4357 venit
2282 4308 2351 4357 ad
2398 4310 2529 4358 duos
2567 4323 2753 4356 nervos
2800 4307 3060 4356 secundos

752 4387 975 4450 opticos,
1000 4396 1052 4437 et
1074 4388 1254 4452 implet
1277 4389 1435 4452 ipsos,
1460 4396 1512 4437 et
1532 4388 1768 4451 pervenit
1791 4388 1856 4438 ad
1878 4388 2159 4451 glacialem,
2185 4395 2237 4437 et
2260 4388 2348 4436 dat
2371 4386 2422 4435 ei
2444 4387 2683 4437 virtutem
2706 4383 2990 4436 visibilem’
