3542 5359
538 641 653 700 PARS
677 640 900 700 SECUNDA:
937 640 1025 701 CAP.
1050 640 1089 702 Χ.
1331 660 1389 722 501

239 803 378 889 agentis.
423 803 600 887 Quoniam,
622 823 697 867 cum
720 805 873 886 aequalia
897 825 1035 888 corpora
1061 804 1201 871 influunt
1225 806 1258 870 in
1283 828 1319 871 se
1342 808 1392 870 in·

238 910 354 982 vicem,
370 908 496 992 species
511 908 641 992 agentis
661 919 803 991 occupat
824 910 1036 973 medietatem
1054 910 1219 993 patientis,
1234 922 1268 975 et
1285 931 1391 995 neque

238 1014 312 1099 plus
338 1036 446 1097 neque
470 1014 594 1088 minus3
629 1022 762 1076 etcum
788 1012 895 1094 majus
920 1023 954 1076 et
983 1015 1091 1079 minus
1121 1015 1156 1077 in
1186 1036 1222 1079 se
1250 1016 1389 1080 invicem

239 1119 459 1202 multiplicant
497 1117 624 1198 species
660 1136 746 1189 suaS,
777 1126 857 1181 tunc
886 1118 1014 1199 species
1048 1118 1181 1182 minoris
1213 1120 1390 1202 occupabit

238 1226 345 1289 minus
369 1224 547 1288 medietate
573 1221 716 1303 majoris,
742 1231 777 1284 et
800 1222 927 1305 species
952 1222 1085 1304 majoris
1112 1222 1187 1304 plus
1210 1225 1391 1289 medietate

238 1330 388 1405 minoris;
408 1338 442 1391 et
458 1326 539 1391 haec
555 1326 667 1389 omnia
678 1335 795 1406 patent
812 1326 845 1388 in
861 1325 973 1408 figura.
1013 1326 1152 1410 Propter
1163 1328 1264 1409 quod,
1278 1348 1354 1391 cum
1369 1350 1390 1392 a

236 1434 306 1498 sole
321 1444 356 1497 et
371 1432 475 1497 stellis
489 1431 579 1495 venit
600 1429 832 1512 multiplicatio
850 1432 895 1495 ad
917 1442 1037 1495 terram
1056 1440 1091 1494 et
1111 1441 1242 1495 caetera
1262 1432 1388 1496 minora

237 1538 418 1620 sphaerica,
429 1546 562 1620 oportet
578 1536 669 1617 quod
683 1534 758 1617 plus
775 1535 956 1599 medietate
971 1545 1078 1599 terrae
1092 1535 1228 1619 recipiat
1243 1537 1387 1619 speciem

234 1643 314 1706 solis
330 1653 364 1707 et
378 1641 546 1706 stellamm
561 1647 740 1721 quaesunt
755 1637 897 1719 majores
912 1648 1007 1702 terra.
1053 1639 1099 1703 Et
1114 1638 1264 1703 similiter
1279 1649 1329 1704 est
1344 1641 1388 1704 de

233 1746 338 1811 stellis
354 1756 506 1829 respectu
520 1743 609 1823 solis,
624 1744 718 1825 cujus
731 1744 875 1825 speciem
897 1743 1066 1825 recipiunt.
1113 1743 1159 1807 Et
1182 1763 1201 1805 e
1222 1744 1387 1808 contrario

234 1852 360 1933 species
396 1870 571 1934 corporum
608 1867 833 1913 convexorum
870 1848 1033 1911 minorum
1072 1867 1138 1909 non
1175 1848 1387 1930 occupabunt
1415 1855 1419 1863 '

235 1956 446 2020 medietatem
487 1953 649 2036 majorum
691 1952 948 2035 sphaericorum.
1009 1950 1222 2035 Quapropter
1261 1954 1387 2036 species

235 2074 340 2126 terrae
350 2062 402 2126 vel
418 2062 521 2125 totius
536 2060 633 2138 oculi,
646 2057 868 2142 multiplicata
882 2057 925 2120 ad
943 2058 1057 2121 stellas
1072 2068 1107 2122 et
1121 2058 1164 2121 ad
1180 2057 1244 2121 alia
1260 2059 1386 2141 majora

234 2167 290 2248 eia,
298 2167 475 2249 occupabit
485 2167 527 2230 de
539 2185 652 2228 eorum
663 2182 741 2225 con-

232 2272 381 2333 vexitate
413 2270 522 2333 minus
556 2268 741 2331 medietate.

235 2374 394 2455 Quamvis
410 2394 477 2436 non
493 2375 610 2454 loquor
629 2371 684 2434 hic
699 2372 743 2434 de

232 2479 357 2541 virtute
400 2476 487 2540 oculi
532 2473 741 2558 pyramidali,

232 2581 326 2663 cujus
347 2601 450 2646 conus
470 2580 578 2644 tendit
599 2579 642 2642 ad
665 2599 742 2643 cen-

233 2696 321 2748 trum
345 2686 443 2763 visus,
469 2695 504 2748 et
533 2684 622 2752 basis
651 2683 742 2748 cadit

231 2790 275 2853 ad
313 2788 519 2872 superficiem
560 2788 606 2851 rei
642 2788 741 2863 visae,
1018 2794 1133 2859 Frc.95.

230 2916 317 2977 quae
338 2896 442 2958 virtus
465 2893 543 2958 lacit
566 2892 791 2975 operationem
814 2893 959 2973 videndi,
976 2904 1014 2959 ut
1028 2894 1162 2960 inferius
1176 2898 1384 2964 demonstra·

230 2999 340 3074 bitur;
362 2999 421 3063 sed
437 2999 480 3062 de
496 2997 603 3080 specie
620 2996 722 3060 totius
737 2996 834 3074 oculi,
851 3017 910 3061 seu
933 3019 1133 3083 quocunque
1156 3002 1222 3064 alio
1245 3023 1384 3085 corpore

229 3104 403 3187 sphaerico
426 3101 645 3184 multiplicato
670 3099 823 3183 ampliori
847 3104 949 3165 modo
972 3123 1039 3185 quo
1064 3115 1175 3187 potest
1199 3107 1242 3170 ad
1269 3127 1383 3189 super·

229 3206 337 3271 ficiem
352 3206 501 3289 corporis
516 3204 678 3288 sphaerici
695 3202 837 3285 majoris.
883 3205 939 3268 De
957 3207 1067 3290 specie
1086 3208 1174 3271 enim
1190 3210 1279 3275 visus
1296 3231 1383 3293 quae

229 3312 372 3377 deservit
395 3309 623 3394 operationem
646 3308 780 3373 videndi
806 3320 973 3374 coarctata
997 3310 1030 3373 in
1055 3312 1232 3394 pyramide
1254 3314 1382 3394 visuali,

228 3418 321 3499 cujus
347 3437 450 3481 conus
476 3415 591 3479 nititur
615 3414 649 3477 in
673 3422 824 3477 centrum
849 3414 947 3494 visus,
971 3425 1097 3479 certum
1125 3419 1289 3499 estquod
1314 3438 1381 3483 non

227 3532 339 3604 potest
377 3520 448 3603 ejus
485 3520 573 3583 basis
609 3538 772 3600 occupare
809 3520 1023 3583 medietatem
1062 3522 1208 3603 corporis
1237 3523 1381 3587 convexi

228 3626 363 3707 majoris
382 3645 489 3707 neque
510 3622 658 3705 aequalis
673 3643 779 3703 neque
800 3623 944 3702 minoris,
959 3623 1043 3689 sicut
1065 3624 1206 3689 dicitur¹
1224 3626 1383 3709 vigesima

226 3730 342 3811 quinta
360 3727 433 3791 libri
454 3727 604 3807 deVisu,
625 3736 760 3809 propter
779 3726 843 3790 hoc
863 3728 955 3809 quod
979 3727 1061 3790 radii
1083 3728 1176 3793 istius
1198 3732 1382 3813 pyramidis

227 3842 425 3897 concurrunt
439 3833 472 3895 in
487 3831 604 3903 visum,
620 3829 713 3912 cujus
727 3830 811 3893 ratio
826 3839 921 3913 patet
936 3831 1015 3894 satis
1031 3852 1074 3894 ex
1091 3832 1277 3914 praedictis.

259 4000 268 4029 ¹
285 3999 303 4049 i.
311 4015 334 4049 e.
347 3998 470 4048 Euclid's.
503 3996 566 4045 'l'his
582 3996 605 4044 is
620 3996 665 4045 tlte
679 3995 859 4056 twenty·third
872 3995 903 4045 ol
914 3993 1027 4045 Euclid's
1039 3995 1132 4058 Oplr'ca,
1145 3996 1252 4059 already
1263 3999 1380 4048 referred

227 4086 262 4129 to.
296 4079 320 4128 lt
337 4092 397 4139 may
415 4077 449 4125 be
470 4076 550 4125 noted
566 4075 631 4133 that,
643 4074 670 4123 in
686 4074 722 4135 J.‚
736 4074 781 4123 the
801 4075 859 4123 roth
875 4089 950 4136 prop.
969 4074 999 4122 ol
1013 4073 1083 4122 Eucl.
1102 4074 1136 4123 iii.
1153 4074 1175 4123 is
1191 4076 1290 4125 several
1304 4075 1380 4127 timus

226 4158 327 4221 spoken
345 4156 375 4205 ol
388 4172 418 4205 as
435 4156 480 4203 the
497 4154 566 4215 astla.
601 4152 658 4201 The
675 4153 719 4201 old
734 4168 797 4214 way
812 4152 842 4201 ol
854 4152 962 4214 writing
977 4150 1071 4200 Arabio
1090 4153 1218 4201 numerals
1235 4155 1309 4203 made
1326 4155 1379 4203 this

227 4237 336 4286 mistele
352 4249 416 4297 easy
431 4243 460 4284 to
477 4249 493 4282 ι
508 4232 594 4282 scnlre
609 4230 757 4281 unlamiliar
772 4232 839 4282 with
852 4231 932 4281 them.
967 4229 1043 4280 With
1060 4230 1105 4280 the
1121 4231 1198 4281 latter
1213 4239 1270 4294 part
1285 4232 1316 4282 ol
1327 4232 1379 4282 this

227 4318 334 4379 chapter
345 4313 377 4364 cl'.
388 4312 438 4363 vol.
453 4313 468 4361 i.
480 4327 523 4376 pp.
539 4325 626 4374 ΜΗ
