3542 5359
379 622 442 700 306
594 621 751 682 OPERIS
774 623 963 694 MAJORIS
987 623 1103 682 PARS
1128 622 1325 684 SEPTIMA.

113 784 116 867 i
212 806 331 882 neem·
425 787 525 850 ‘Non
540 786 696 869 estquod
709 785 802 850 dicas
818 785 891 862 ista,
903 795 941 849 ut
956 786 1054 864 soles,
1065 785 1154 850 hunc
1166 787 1351 870 sapientem
1365 781 1534 850 nostrum¹

113 884 114 889 ’
211 880 310 1001 ff?
381 909 544 974 nusquam
563 889 708 954 inveniri.
754 890 833 954 Non
849 890 1005 975 fingimus
1024 891 1104 955 illud
1119 891 1257 955 humani
1274 891 1397 975 ingenii
1412 907 1535 954 vanum

380 997 491 1074 decus,
521 1014 583 1058 nec
615 994 782 1078 ingentem
813 995 994 1078 imaginem
1024 994 1127 1059 salsae
1154 997 1200 1060 rei
1231 995 1446 1078 concipimus,
1475 995 1534 1058 sed

378 1099 512 1182 qualem
538 1098 775 1164 confirmamus
796 1108 831 1162 et
855 1099 1070 1163 exhibuimus
1094 1147 1101 1162 .
1123 1149 1130 1165 .
1152 1147 1158 1164 .
1182 1119 1256 1164 raro
1278 1099 1413 1164 forsitan
1443 1116 1536 1180 mag·

379 1205 497 1286 nisque
524 1213 674 1267 aetatum
702 1203 884 1266 intervallis
914 1221 1028 1266 unum.
1079 1203 1200 1286 Neque
1229 1203 1318 1266 enim
1349 1221 1472 1285 magna
1501 1211 1536 1266 et

379 1307 575 1372 excedentia
604 1306 740 1370 solitum
771 1317 805 1371 et
832 1305 1001 1392 vulgarem
1034 1309 1171 1372 modum
1199 1307 1315 1371 crebro
1344 1306 1535 1389 gignuntur.

381 1410 559 1477 Caeterum
586 1411 634 1474 M.
660 1408 749 1474 Cato
771 1429 887 1475 vereor
910 1431 952 1475 ne
978 1430 1078 1495 supra
1103 1420 1254 1476 nostrum
1281 1410 1455 1493 exemplar
1481 1412 1535 1476 sit.

380 1517 535 1599 Denique
557 1515 698 1579 validius
722 1515 824 1579 debet
851 1535 925 1580 esse
951 1517 1042 1599 quod
1069 1515 1172 1580 laedit
1197 1515 1356 1597 eoquod
1385 1514 1535 1579 laeditur.

380 1621 459 1684 Non
494 1630 545 1684 est
576 1630 687 1684 autem
719 1619 835 1684 sortior
863 1619 1015 1700 nequitia
1040 1619 1185 1684 virtute:
1220 1639 1285 1684 non
1311 1628 1423 1701 potest
1453 1639 1536 1702 ergo

380 1724 466 1790 laedi
490 1725 630 1808 sapiens.
677 1722 802 1806 an‘uria
824 1723 857 1786 in
877 1725 983 1788 bonos
1007 1724 1111 1787 nisis
1133 1723 1230 1787 malis
1253 1745 1320 1787 non
1341 1734 1535 1806 temptatur.

380 1829 482 1894 Bonis
496 1830 581 1893 inter
595 1849 630 1892 se
644 1847 714 1912 pax
732 1837 793 1892 est.
841 1827 923 1891 Mali
940 1837 1092 1892 nontam
1109 1825 1227 1892 bonis8
1240 1828 1417 1910 perniciosi
1433 1847 1534 1911 quam

378 1933 465 2000 inter
482 1954 527 1997 se.
573 1931 702 2015 Quodsi
718 1931 804 1995 laedi
821 1933 882 1995 nisi
900 1931 1062 1996 infirmior
1077 1953 1142 1995 non
1160 1942 1282 2016 potest,
1298 1933 1404 1996 malus
1420 1943 1535 1996 autem

378 2039 468 2102 bono
490 2037 651 2102 infirmior
672 2046 723 2100 est
742 2086 749 2100 .
767 2084 797 2099 ..
817 2035 936 2118 injuria
958 2036 992 2100 in
1015 2037 1197 2118 sapientem
1216 2037 1323 2100 uirum
1346 2055 1413 2101 non
1435 2037 1534 2102 cadit

380 2137 499 2231 [lllud]
517 2143 605 2205 enirn
625 2140 696 2222 jam
720 2159 788 2205 non
809 2161 846 2204 es
868 2141 1109 2212 admonendus,
1125 2141 1292 2205 neminem
1311 2142 1436 2205 bonum
1460 2160 1535 2205 esse

378 2249 440 2312 nisi
466 2248 660 2332 sapientem.
715 2244 752 2309 Si
784 2244 915 2326 injuste,
940 2247 1056 2329 inquis,
1080 2245 1235 2311 Socrates
1265 2245 1441 2311 damnatus
1472 2261 1536 2326 est,

377 2352 528 2434 injuriam
560 2350 697 2432 accepit.
755 2349 831 2414 Hoc
862 2349 938 2414 loco
969 2349 1153 2432 intelligere
1182 2371 1242 2414 nos
1272 2361 1405 2434 oportet
1435 2373 1536 2434 posse

376 2456 510 2519 evenire
533 2465 570 2519 ut
590 2453 690 2520 faciat
709 2453 830 2536 aliquis
851 2454 1004 2536 injuriam
1027 2453 1117 2532 mihi,
1133 2463 1166 2517 et
1183 2473 1247 2537 ego
1268 2474 1333 2519 non
1354 2456 1536 2537 accipiam:

376 2569 536 2642 tanquam
563 2560 591 2622 si
613 2561 687 2642 quis
715 2576 908 2642 remquam
934 2557 1052 2622 evilla
1079 2578 1154 2621 mea
1180 2559 1345 2642 subripuit
1372 2561 1405 2623 in
1430 2561 1536 2624 domo

378 2684 454 2728 mea
477 2673 590 2746 ponat,
612 2662 667 2726 ille
690 2661 815 2727 lurtum
838 2662 963 2742 fecerit,
978 2681 1042 2745 ego
1064 2663 1144 2726 nihil
1170 2664 1379 2746 perdiderim.
1404 2712 1411 2727 .
1433 2711 1441 2726 .
1464 2713 1471 2726 .
1497 2663 1535 2728 Si

375 2769 542 2851 quiscum
565 2787 671 2831 uxore
693 2787 752 2830 sua
774 2777 932 2850 tanquam
957 2765 1064 2830 aliena
1083 2769 1296 2846 concumbat,
1311 2767 1442 2832 adulter
1462 2770 1535 2844 erit,

376 2874 528 2955 quamvis
548 2871 603 2935 illa
625 2863 774 2936 adultera
796 2892 862 2936 non
885 2873 938 2936 sit.
987 2871 1120 2954 Aliquis
1144 2872 1225 2935 mibi
1245 2891 1410 2937 venenum
1431 2874 1536 2952 dedit,

376 2979 435 3042 sed
453 2979 519 3041 vim
541 2996 636 3041 suam
657 2976 833 3041 remixtam
855 2977 931 3041 cibo
950 2977 1111 3058 perdidit;
1134 2995 1298 3040 venenum
1319 2977 1399 3040 illud
1420 2978 1535 3041 dando

377 3081 490 3145 sceleri
511 3101 546 3144 se
568 3080 737 3163 obligavit,
753 3081 854 3144 ctiam
878 3081 994 3143 sinon
1017 3081 1140 3144 nocuit.
1165 3127 1172 3142 .
1197 3125 1205 3143 .
1230 3128 1237 3143 .
1261 3079 1386 3146 Omnia
1408 3081 1535 3146 scelera

377 3186 479 3248 etiam
495 3194 572 3248 ante
592 3183 748 3247 eflectum
764 3184 884 3266 operis,
901 3194 1061 3266 quantum
1079 3183 1198 3266 culpae
1212 3186 1294 3248 satis
1309 3195 1369 3259 est,
1384 3183 1535 3269 perfecta

377 3297 463 3351 sunt.
482 3335 489 3351 .
505 3336 513 3351 .
529 3337 537 3352 .
554 3287 590 3352 Si
612 3287 764 3368 injuriam
783 3289 906 3370 accepi,
921 3307 1054 3351 necesse
1076 3298 1128 3351 est
1147 3288 1270 3353 iactam
1295 3307 1377 3352 esse.
1424 3289 1460 3352 Si
1481 3297 1536 3354 est

376 3391 475 3462 facta,
499 3413 565 3455 non
592 3402 643 3456 est
668 3411 802 3456 necesse
831 3393 998 3476 accepisse
1021 3411 1075 3455 me
1087 3413 1096 3470 3
1130 3393 1236 3458 multa
1267 3395 1356 3457 enim
1387 3394 1535 3458 incidere

377 3507 515 3578 possunt
535 3516 621 3579 quae
641 3497 859 3559 submoveant
878 3495 1053 3577 injuriam!
1344 3493 1348 3502 '

422 3600 614 3663 ‘Praeterea
642 3597 771 3680 justitia
802 3598 884 3662 nihil
916 3600 1075 3682 injustum
1109 3601 1176 3682 pati
1208 3609 1330 3684 potest
1356 3602 1434 3684 quia
1464 3620 1534 3665 non

376 3713 497 3767 coeunt
522 3703 749 3768 contraria..
774 3751 782 3765 .
808 3722 888 3786 ergo
914 3705 1057 3787 sapienti
1082 3703 1200 3786 injuria
1227 3725 1292 3768 non
1317 3714 1429 3786 potest
1452 3703 1534 3771 fieri.

375 3931 418 3975 ne
442 3914 600 3996 prodesse
626 3911 760 3993 quidem
788 3912 964 3994 quisquam
992 3921 1110 3994 potest.
1158 3911 1309 3995 Sapienti
1333 3912 1412 3977 nihil
1434 3914 1533 3978 deest

374 4016 466 4098 quod
497 4016 645 4098 accipere
676 4015 780 4095 possit
810 4014 883 4078 loco
914 4016 1068 4079 muneris.
1096 4064 1103 4077 .
1130 4061 1138 4078 .
1165 4062 1173 4078 .
1201 4015 1279 4079 Non
1309 4027 1422 4098 potest
1452 4035 1533 4100 ergo

375 4119 550 4203 quisquam
573 4128 630 4182 aut
653 4139 772 4183 nocere
794 4120 935 4201 sapienti
956 4130 1015 4183 aut
1035 4121 1212 4203 prodesse;
1238 4122 1396 4203 quoniam
1420 4121 1533 4186 divina
1662 4189 1665 4200 ,

374 4243 437 4289 nec
465 4223 572 4305 juvari
605 4223 794 4286 desiderant
828 4243 888 4286 nec
924 4224 1008 4286 laedi
1039 4233 1188 4306 possunt.
1243 4224 1386 4309 Sapiens
1417 4236 1531 4290 autem

375 4326 499 4390 vicinus
514 4327 753 4408 proximusque
770 4325 845 4390 Deo
859 4327 1023 4401 consistit,
1035 4337 1178 4411 excepta
1194 4329 1399 4393 mortalitate
1416 4329 1534 4394 similis

378 4431 460 4494 Deo.
505 4431 562 4494 Ad
583 4431 640 4494 illa
657 4433 765 4494 nitens
783 4451 989 4516 pergensque
1011 4431 1155 4512 excelsa,
1176 4433 1340 4512 ordinata,
1357 4435 1533 4518 intrepida,

375 4533 506 4616 aequali
532 4543 567 4596 et
599 4534 778 4598 concordi³
801 4555 898 4600 cursu
930 4535 1076 4614 fluentia,
1105 4557 1230 4614 secura,
1261 4538 1418 4622 benigna,
1439 4539 1532 4604 bono

1656 4461 1659 4546 l

409 4665 418 4694 ¹
434 4667 525 4728 virum,
534 4675 582 4731 pro
593 4675 718 4733 nostrum,
733 4669 811 4720 MSS.
893 4668 990 4736 'bont
1005 4671 1083 4722 MSS.
1160 4671 1222 4722 ’ex
1234 4680 1306 4724 certo
1318 4689 1405 4736 cursu,
1418 4673 1499 4727 MSS.
