3542 5359
340 648 402 710 39⁰
554 629 710 689 OPERIS
734 629 924 700 MAJORIS
946 629 1063 689 PARS
1085 629 1284 688 SEPTIMA.

344 805 395 861 est
419 805 581 860 notatum.
627 794 674 858 Et
697 803 789 877 patet
815 794 907 876 quod
931 793 1063 857 Tartari
1087 793 1154 856 iere
1176 802 1285 857 totum
1308 793 1495 857 dominium

344 901 583 966 Saracenomm
605 897 807 971 deleverunt,
825 906 860 961 et
881 894 1054 979 Aquilone
1076 906 1110 961 et
1133 895 1272 963 Oriente
1294 905 1328 961 et
1349 897 1497 974 meridie,

345 1003 515 1087 usquead
541 1003 716 1086 Egyptum
741 1011 776 1066 et
801 1000 960 1066 Africam.
1006 1001 1060 1065 lta
1085 1001 1177 1083 quod
1204 1000 1333 1085 Kaliph
1358 1002 1415 1085 qui
1446 1009 1497 1064 est

346 1109 420 1172 loco
444 1127 552 1190 papae
575 1107 664 1188 apud
687 1126 745 1170 eos
765 1105 836 1188 jam
862 1106 1048 1170 destructus
1074 1116 1124 1170 est
1150 1106 1309 1170 tredecim
1337 1105 1441 1183 annis,
1462 1111 1498 1167 et

347 1210 493 1277 Baldach
515 1211 629 1276 civitas
652 1210 746 1275 istius
771 1209 898 1293 Kaliph
917 1219 1017 1292 capta
1035 1230 1110 1275 cum
1131 1207 1261 1275 infinita
1283 1208 1498 1274 multitudine

347 1316 595 1381 Saracenorum.
640 1314 708 1380 Sed
748 1314 844 1378 aliter
880 1334 1056 1397 possumus
1081 1313 1146 1379 hoc
1178 1314 1266 1378 idern
1295 1315 1410 1378 videre
1440 1333 1500 1396 per

348 1418 505 1501 Sibyllas.
543 1419 641 1498 Nam,
652 1419 737 1483 sicut
749 1419 898 1501 superius
910 1419 1028 1500 patuit,
1040 1419 1132 1500 ipsae
1143 1419 1379 1502 praedicabant
1388 1418 1500 1483 Chris·

347 1535 420 1590 tum
446 1544 519 1588 esse
544 1522 665 1598 Deum,
690 1533 725 1587 et
747 1543 863 1588 omnes
886 1523 1043 1610 articulos
1069 1521 1266 1606 principales
1291 1522 1501 1588 Christianae

350 1628 428 1692 fidei
449 1627 664 1709 protulerunt
710 1627 778 1692 Sed
795 1625 923 1691 nullum
941 1627 1167 1692 testimonium
1183 1629 1267 1693 dant
1282 1628 1374 1692 aliis:
1398 1629 1502 1690 immo

350 1732 455 1796 solam
471 1731 555 1797 hanc
569 1742 694 1796 sectam
709 1731 825 1797 salutis
840 1751 912 1795 esse
926 1733 1095 1797 dixerunt.

239 1872 244 1882 ·
319 1897 329 1906 ,
395 1835 457 1899 Est
468 1845 503 1898 et
514 1836 580 1899 alia
588 1837 643 1900 via
652 1837 881 1901 considerandi
892 1837 966 1914 ista,
978 1837 1211 1902 descendendo
1225 1837 1269 1901 ad
1282 1837 1503 1920 proprietates

182 1955 228 2006 1³0⁰
267 1938 279 2011 ’,
351 1939 548 2022 legislatoris
565 1949 599 2004 et
613 1949 784 2004 sectarum.
831 1941 932 2006 Secta
946 1943 1082 2023 quidem
1097 1941 1301 2024 Judaeorum
1323 1962 1389 2006 non
1407 1941 1503 2022 ponit

183 2090 190 2120 ,
230 2070 236 2116 r
261 2019 313 2060 ‘⁵'
352 2043 453 2109 fidem
467 2044 501 2107 in
519 2044 649 2126 Moyse,
663 2045 722 2108 sed
739 2054 897 2128 expectat
913 2045 1071 2110 Messiam
1087 2048 1144 2128 qui
1165 2056 1216 2110 est
1232 2045 1402 2122 Christus3
1426 2046 1504 2109 licet

184 2141 211 2186 ³¹¹
286 2160 295 2168 ‘
351 2149 470 2230 ludaei
488 2169 555 2212 non
575 2159 756 2231 expectent
777 2148 946 2214 Christum
961 2151 1018 2233 qui
1039 2160 1089 2215 est
1109 2160 1209 2234 caput
1231 2149 1505 2225 Christianorum,

352 2255 410 2318 sed
432 2252 533 2317 alium
554 2273 653 2335 quem
672 2252 803 2335 fingunt
825 2254 934 2318 adhuc
950 2265 1133 2319 venturum.
1180 2255 1271 2338 Ergo
1291 2253 1505 2318 manifestum

354 2357 517 2439 estquod
540 2355 597 2420 illa
620 2357 676 2421 lex
700 2377 767 2422 non
787 2357 917 2437 sufficit,
933 2379 1008 2424 cum
1032 2358 1254 2441 legislatorem
1277 2359 1505 2442 perfectiorem

353 2470 532 2545 expectent
555 2480 656 2542 quam
680 2461 723 2525 sit
747 2462 894 2544 Moyses.
940 2462 1042 2545 Quod
1066 2474 1179 2527 autern
1207 2463 1259 2526 hic
1285 2463 1329 2526 sit
1353 2461 1507 2526 Christus

355 2565 519 2630 Dominus
542 2563 804 2629 Christianorum
828 2575 939 2648 potest
961 2586 1021 2649 per
1040 2565 1147 2650 legem
1170 2587 1286 2631 eorum
1309 2566 1451 2648 probari,
1472 2573 1508 2628 et

356 2691 415 2754 per
439 2670 653 2733 auctoritates
674 2689 799 2733 eorum.
844 2670 934 2734 Nam
957 2670 1130 2754 prophetia
1158 2671 1308 2734 Danielis
1332 2668 1509 2734 manifesta

357 2786 407 2840 est
435 2795 494 2857 per
518 2773 803 2858 computationem
825 2793 987 2837 annorum
1012 2794 1116 2856 usque
1138 2777 1182 2839 ad
1210 2773 1401 2850 Christum3
1430 2781 1510 2858 post

358 2862 447 2945 enim
470 2889 605 2961 tempus
631 2877 712 2941 illud
736 2879 835 2943 venit.
892 2879 938 2942 Et
962 2889 1131 2962 praeterea
1153 2879 1350 2943 adveniente
1374 2878 1510 2943 Christo

358 2983 497 3050 cessavit
516 2985 739 3048 sacerdotium
759 2982 965 3065 Judaeorum
981 2995 1015 3048 et
1036 2984 1153 3066 regalia
1170 2984 1314 3068 dignitas
1332 2983 1421 3066 apud
1442 3001 1510 3060 eos,

360 3099 398 3154 ut
413 3089 476 3172 ipsi
491 3108 614 3173 negare
627 3108 694 3152 non
711 3098 859 3171 possunt.
897 3087 964 3153 Sed
981 3087 1043 3152 hoc
1059 3089 1278 3173 adimpletum
1294 3097 1345 3152 est
1359 3098 1513 3169 tempore

362 3193 493 3258 Christi.
549 3193 639 3256 Nam
667 3191 737 3275 jam
770 3193 900 3256 transiit
930 3213 1066 3276 regnum
1096 3192 1299 3275 Judaeorum
1329 3193 1437 3276 primo
1467 3191 1512 3254 ad

362 3298 535 3362 Herodem
564 3307 599 3362 et
632 3308 750 3380 postea
778 3299 821 3361 ad
853 3297 1045 3361 Romanum
1076 3298 1259 3381 imperium,
1283 3306 1319 3361 ut
1354 3296 1515 3360 historiae

360 3401 564 3483 Judaeorum
590 3402 720 3475 docent,
743 3401 829 3465 sicut
855 3410 949 3484 patet
973 3421 1017 3464 ex
1044 3401 1134 3465 libris
1156 3400 1293 3484 Josephi
1316 3399 1434 3483 Judaei
1454 3399 1513 3481 qui

362 3505 621 3572 destructionem
630 3503 833 3585 Judaeorum
849 3525 910 3588 per
921 3507 1036 3569 Titum
1051 3517 1085 3568 et
1097 3505 1339 3588 Vespasianum
1355 3503 1513 3568 narravit.

364 3611 540 3676 Caeterum
551 3607 718 3692 Josephus
732 3611 813 3675 dicit
829 3610 954 3674 ibidem
966 3612 1057 3693 quod
1072 3611 1270 3692 intempore
1285 3628 1347 3674 suo
1359 3609 1516 3692 appamit

362 3716 459 3799 Jesus
470 3715 621 3780 Christus
636 3715 862 3780 sanctissimus
877 3714 988 3793 homa,
999 3715 1026 3777 si
1048 3715 1096 3778 fas
1111 3733 1188 3778 eum
1206 3715 1317 3778 dicere
1334 3713 1516 3788 hominem,

363 3825 406 3887 de
420 3841 488 3904 quo
503 3820 770 3909 omniaimpleta
788 3829 867 3884 sunt
887 3839 973 3903 quae
995 3819 1181 3901 Prophetae
1195 3818 1298 3882 nostri
1314 3817 1415 3882 locuti
1438 3825 1517 3880 sunt

364 3927 407 3991 de
437 3945 486 4003 e0,
512 3925 694 4006 sicutipse
723 3925 864 4008 gloriose
894 3931 1043 3988 testatur.
1091 3924 1177 3987 ltem
1208 3923 1279 4005 ipse
1309 3923 1390 3986 dicit
1415 3921 1517 4004 quod,

365 4033 500 4115 quando
525 4030 691 4094 Dominus
716 4027 894 4092 crucifixus
921 4027 992 4106 fuit,
1014 4029 1129 4093 audita
1157 4038 1207 4092 est
1229 4048 1299 4091 vox
1318 4025 1519 4114 'coelestium

366 4136 526 4198 virtutum
543 4135 576 4197 in
591 4133 786 4216 Jerusalem,
803 4131 1043 4216 Relinquamus
1058 4132 1118 4196 has
1138 4135 1243 4198 sedes.
1289 4129 1358 4214 Qui
1378 4150 1455 4194 cum
1475 4130 1521 4193 sit

368 4240 535 4303 maximus
561 4247 732 4303 auctorum
754 4236 844 4322 apud
868 4236 1017 4318 Judaeos
1039 4247 1073 4302 et
1096 4236 1242 4301 Graecos
1265 4247 1299 4300 et
1325 4235 1464 4299 Latinos
1486 4233 1521 4297 in

368 4345 513 4410 historiis
542 4345 732 4418 scribendis,
761 4351 799 4406 ut
827 4362 944 4408 omnes
973 4343 1139 4426 sapientes
1168 4353 1203 4408 et
1229 4342 1335 4406 sancti
1365 4340 1522 4417 latentur,

370 4448 581 4514 manifestum
604 4459 655 4513 est
676 4468 735 4530 per
749 4468 826 4512 eum
842 4449 932 4531 quod
956 4449 1096 4512 Messias
1117 4467 1217 4530 quem
1240 4447 1297 4510 lex
1317 4447 1523 4529 ludaeorum

371 4553 537 4636 promittit
553 4561 603 4617 est
620 4552 786 4616 Dominus
800 4552 897 4635 Jesus
912 4551 1062 4618 Christus
1077 4572 1177 4635 quem
1193 4550 1306 4615 colunt
1325 4549 1515 4614 Christiani.

417 4658 511 4722 Idem
535 4666 629 4740 patet
651 4678 710 4742 per
733 4657 876 4723 Esdram
902 4658 985 4724 libro
1007 4665 1134 4739 quarto.
1182 4655 1270 4720 Nam
1290 4653 1388 4718 relert
1410 4651 1524 4723 Deum
