3542 5359
351 581 412 658 248
565 585 721 644 OPERIS
745 584 934 655 MAJORIS
957 584 1073 644 PARS
1096 583 1296 644 SEPTIMA.

353 745 586 829 dispositiones
607 747 727 829 quibus
750 756 944 830 preparetur
962 749 1006 812 ad
1029 749 1200 821 orandum,
1221 745 1505 829 quemadmodum

354 850 458 914 homo
474 851 645 915 consuevit
656 871 852 934 praeparare
865 873 903 914 se
918 852 961 915 ad
975 852 1213 915 occurrendum
1227 852 1295 932 regi
1307 849 1456 915 humano
1472 850 1505 913 in

357 955 520 1019 munditia
538 966 571 1019 et
588 957 716 1032 decore,
731 965 765 1019 et
781 965 818 1019 ut
829 955 927 1019 saciat
941 976 1131 1020 assuescere
1146 954 1330 1018 munditiae
1345 966 1380 1020 et
1394 954 1505 1017 decori

356 1058 451 1124 firma
466 1059 723 1134 consuetudine3
748 1070 782 1124 et
798 1060 949 1124 instituat
963 1080 1039 1122 eum
1055 1061 1097 1123 ad
1120 1060 1256 1123 modum
1276 1058 1417 1122 hominis
1432 1078 1506 1140 pre·

356 1165 500 1245 parantis
515 1183 551 1227 se
566 1165 608 1228 ad
625 1184 798 1228 occursum
813 1164 900 1245 regis
915 1183 989 1227 cum
1006 1163 1194 1228 humilitate
1209 1174 1242 1226 et
1253 1160 1346 1225 vultu
1363 1163 1507 1226 demisso

355 1268 550 1349 compressis
573 1268 739 1344 membris,
755 1286 886 1330 cessans
902 1289 923 1332 a
939 1268 1145 1332 revolutione
1160 1276 1194 1331 et
1209 1268 1253 1331 ab
1272 1267 1364 1328 omni
1379 1277 1507 1348 pertur-

357 1371 501 1435 batione.
548 1371 593 1435 Et
610 1372 832 1435 determinant
848 1371 1037 1453 philosophi
1057 1371 1280 1436 utAvicenna
1296 1369 1400 1434 etalii
1417 1370 1507 1452 quod

356 1475 584 1540 solemnitates
607 1496 748 1560 magnae
771 1476 895 1540 debent
925 1476 1025 1540 statui
1048 1496 1089 1539 eo
1118 1476 1210 1558 quod
1241 1474 1364 1538 iaciunt
1391 1485 1508 1556 gentes

357 1579 558 1663 congregari,
575 1588 608 1643 et
624 1582 706 1645 dant
726 1579 772 1643 eis
791 1581 963 1645 audaciam
987 1590 1021 1643 et
1040 1579 1278 1644 emulationem
1298 1579 1399 1662 legis;
1422 1588 1458 1643 et
1473 1586 1510 1641 ut

357 1684 524 1747 orationes
546 1684 766 1748 multitudinis
788 1685 1032 1748 exaudiantur:
1056 1693 1090 1746 et
1111 1693 1246 1767 propter
1265 1703 1321 1746 eas
1340 1683 1510 1746 inveniunt

357 1787 605 1852 benedictiones
634 1809 654 1852 a
684 1787 769 1852 Deo.
827 1788 873 1852 Et
909 1789 1063 1852 similiter
1089 1787 1311 1852 fraternitates
1338 1786 1510 1870 generales

359 1892 482 1956 debent
498 1891 566 1956 fieri
582 1903 718 1975 propter
733 1892 866 1956 easdem
882 1912 1008 1957 causas.

192 2026 299 2074 Hermes
405 1996 451 2060 Et
480 2017 546 2078 quo
577 1998 678 2061 modo
701 1996 734 2060 in
756 1997 891 2080 speciali
914 1997 1021 2060 oratio
1051 1995 1284 2058 convenienter
1313 1993 1382 2074 fiat,
1411 1996 1511 2059 docet

191 2089 347 2220 ffi‘v‘ffip·
363 2099 505 2164 Hermes
522 2100 705 2163 Mercurius
723 2101 755 2163 in
777 2101 861 2164 libro
883 2102 926 2165 de
947 2100 1073 2173 divinis,
1089 2100 1249 2182 incipiens
1270 2099 1326 2175 sic,
1342 2098 1512 2162 Praeclare

360 2204 439 2267 nihil
454 2205 548 2268 deest
565 2204 627 2286 ipsi
645 2204 730 2283 Deo,
746 2205 804 2268 sed
821 2225 882 2268 nos
896 2214 1035 2287 agentes
1052 2203 1178 2287 gratias
1199 2205 1386 2267 adoremus.
1434 2202 1511 2266 Hae

359 2307 447 2371 enirn
462 2318 541 2372 sunt
556 2329 706 2372 summae
723 2309 925 2373 incensiones
937 2308 1002 2372 Dei
1018 2328 1094 2371 cum
1110 2309 1216 2390 gratia
1230 2317 1374 2391 aguntur
1388 2328 1408 2370 a
1423 2327 1511 2369 mor-

360 2411 492 2476 talibus.
539 2412 585 2476 Et
601 2412 699 2476 insert
715 2411 866 2476 ‘Gratias
884 2413 946 2475 tibi
960 2433 1099 2490 summe,
1114 2411 1438 2495 exsuperantissime,
1453 2420 1513 2473 tua

362 2515 450 2579 enim
465 2517 572 2599 gratia
589 2526 719 2580 tantum
740 2535 854 2580 sumus
876 2516 1076 2600 cognitionis
1098 2525 1176 2580 tuae
1197 2515 1310 2578 lumen
1333 2514 1513 2578 consecuti.

364 2618 395 2685 Ο
420 2640 541 2683 nomen
565 2629 715 2684 sanctum
738 2631 772 2686 et
795 2621 1028 2686 honorandum
1053 2640 1173 2684 nomen
1197 2631 1301 2693 tuum,
1324 2639 1393 2702 quo
1423 2619 1514 2682 solus

363 2724 457 2789 Deus
478 2734 529 2788 est
551 2726 796 2790 benedicendus
818 2726 978 2809 religione
1000 2736 1148 2809 paterna,
1179 2724 1336 2808 quoniam
1362 2724 1516 2788 omnibus

363 2839 534 2912 paternam
558 2831 718 2912 pietatem
741 2840 776 2894 et
799 2830 991 2915 religionem
1015 2840 1049 2893 et
1071 2848 1220 2892 amorem
1243 2839 1277 2894 et
1299 2847 1516 2910 quaecunque

364 2943 441 2998 sunt
456 2934 595 2998 dulciori
608 2935 753 3000 efficacia
763 2936 922 3018 praebere
934 2935 1090 3016 digneris,
1102 2942 1136 2998 et
1152 2934 1258 2998 donas
1272 2934 1369 2998 nobis
1382 2952 1515 2996 sensum

365 3039 524 3102 rationem
555 3047 589 3102 et
626 3040 890 3122 intelligentiam.
936 3039 1078 3104 Sensum
1109 3048 1146 3102 ut
1184 3049 1217 3102 te
1254 3055 1515 3120 cognoscamus.;

365 3142 527 3206 rationem
559 3151 595 3206 ut
625 3154 660 3207 te
690 3141 881 3225 limpidius¹
905 3143 1125 3225 indagemus;
1148 3140 1399 3224 intelligentiam
1422 3149 1459 3204 ut
1482 3149 1517 3203 te

367 3256 605 3326 cognoscentes
627 3247 842 3329 gaudeamus,
865 3267 903 3310 ac
928 3247 1061 3309 numine
1084 3255 1144 3309 tuo
1166 3245 1283 3309 salvati
1312 3244 1517 3327 gaudeamus

366 3350 456 3432 quod
486 3359 520 3414 te
549 3351 644 3414 nobis
673 3353 854 3416 ostenderis
889 3361 1007 3426 totum,
1036 3351 1242 3434 gaudeamus
1270 3351 1361 3430 quod
1394 3368 1456 3412 nos
1485 3349 1518 3411 in

370 3454 563 3536 corporibus
577 3455 658 3519 sitos
671 3455 856 3520 aeternitati
870 3455 969 3518 fueris
984 3473 1176 3518 consecrare
1187 3454 1344 3536 dignatus
1353 3451 1376 3514 ².
1422 3451 1518 3514 Haec

369 3558 457 3620 enim
484 3566 534 3620 est
563 3555 634 3621 sola
663 3557 809 3622 humana
838 3558 1027 3641 gratulatio,
1053 3568 1130 3621 tuae
1159 3557 1305 3641 cognitio
1327 3554 1518 3638 majestatis

371 3660 402 3727 O
418 3661 506 3726 vitae
521 3682 599 3726 vera
610 3664 699 3728 vital
725 3662 756 3729 Ο
771 3674 960 3727 naturarum
976 3663 1124 3726 omnium
1138 3658 1519 3744 saecundapraegnatio!

368 3766 586 3848 cognovimus
616 3777 661 3846 te,
683 3776 817 3833 aeterna
839 3767 1082 3852 perseveratio!
1132 3766 1170 3829 ln
1206 3765 1297 3829 omni
1330 3765 1429 3847 igitur
1457 3764 1521 3827 ista

369 3870 517 3934 oratione
540 3880 574 3935 te
597 3871 775 3936 adorantes
797 3871 860 3936 hoc
889 3881 1019 3935 tantum
1043 3870 1259 3953 deprecamur
1288 3879 1326 3933 ut
1356 3888 1417 3931 nos
1440 3867 1521 3930 velis

369 3993 500 4038 servare
514 3986 759 4058 perseverantes
781 3977 813 4039 in
833 3996 947 4039 amore
968 3974 1165 4059 cognitionis
1188 3983 1275 4048 tuae,
1295 3981 1330 4036 et
1351 3991 1521 4055 nunquam

370 4076 490 4142 abhoc
505 4079 594 4143 vitae
607 4099 728 4162 genere
747 4079 902 4162 separari.
949 4078 1025 4142 Hoc
1047 4087 1203 4159 optantes
1225 4077 1445 4141 convertimus
1460 4095 1522 4139 nos

370 4183 413 4246 ad
429 4201 547 4265 puram
563 4193 597 4248 et
612 4183 682 4247 sine
697 4184 895 4248 animalibus
911 4181 1069 4246 coenam?

204 4307 289 4368 Pagae
415 4286 469 4350 De
488 4287 655 4351 sacrificiis
677 4308 756 4352 vero
777 4307 902 4366 eorum,
917 4286 1153 4363 oblationibus,
1168 4295 1202 4349 et
1226 4285 1438 4349 caerimoniis
1458 4304 1523 4348 non

203 4370 276 4419 ’Μ
371 4399 421 4453 est
451 4410 536 4472 opus
568 4411 753 4455 sermonem
784 4401 912 4466 texere,
941 4389 1020 4474 quia
1055 4390 1285 4472 superstitiosa
1321 4389 1452 4453 fuerunt
1489 4397 1524 4452 et

203 4434 337 4550 affl?
370 4493 498 4558 inutilia
521 4516 582 4578 pro
606 4495 722 4577 majori
745 4505 849 4578 parte,
871 4496 932 4559 nisi
956 4497 989 4558 in
1013 4505 1176 4578 quantum
1199 4495 1310 4577 aliqua
1330 4492 1526 4576 absumpse-

204 4565 336 4630 ΜΨ
406 4606 569 4674 ¹1impidius,
582 4611 607 4663 0

609 4620 654 4664 ‚et
666 4614 713 4670 D.;
731 4613 926 4677 suspicionibus,
941 4613 976 4665 ll.
1044 4613 1055 4642 ¹
1072 4627 1224 4663 consecrare
1235 4612 1359 4675 digneris,
1371 4611 1404 4662 0.
1416 4619 1442 4663 et
1452 4611 1484 4665 D.
