<?xml version="1.0" encoding="UTF-8"?>
<!DOCTYPE html PUBLIC "-//W3C//DTD XHTML 1.0 Transitional//EN"
    "http://www.w3.org/TR/xhtml1/DTD/xhtml1-transitional.dtd">
<html xmlns="http://www.w3.org/1999/xhtml" xml:lang="en" lang="en">
 <head>
  <title>
</title>
<meta http-equiv="Content-Type" content="text/html;charset=utf-8" />
  <meta name='ocr-system' content='tesseract 3.04.00' />
  <meta name='ocr-capabilities' content='ocr_page ocr_carea ocr_par ocr_line ocrx_word'/>
</head>
<body>
  <div class='ocr_page' id='page_1' title='image "./opusmajusrogerb02bridgoog_0107.png"; bbox 0 0 3542 5359; ppageno 0'>
   <div class='ocr_carea' id='block_1_1' title="bbox 717 586 2577 662">
    <p class='ocr_par' dir='ltr' id='par_1_1' title="bbox 717 586 2577 662">
     <span class='ocr_line' id='line_1_1' title="bbox 717 586 2577 662; baseline -0.003 -11"><span class='ocrx_word' id='word_1_1' title='bbox 717 586 800 651; x_wconf 85' lang='lat'>88</span> <span class='ocrx_word' id='word_1_2' title='bbox 1169 589 1481 648; x_wconf 84' lang='lat' dir='ltr'><em>OPERIS</em></span> <span class='ocrx_word' id='word_1_3' title='bbox 1530 589 1654 646; x_wconf 84' lang='lat' dir='ltr'>MA</span> <span class='ocrx_word' id='word_1_4' title='bbox 1651 589 1906 658; x_wconf 86' lang='lat' dir='ltr'><em>JORIS</em></span> <span class='ocrx_word' id='word_1_5' title='bbox 1955 589 2183 649; x_wconf 84' lang='lat' dir='ltr'><em>PARS</em></span> <span class='ocrx_word' id='word_1_6' title='bbox 2235 589 2511 662; x_wconf 80' lang='lat' dir='ltr'><em>QUJNT</em></span> <span class='ocrx_word' id='word_1_7' title='bbox 2504 589 2577 646; x_wconf 83' lang='lat' dir='ltr'>A.</span> 
     </span>
    </p>
   </div>
   <div class='ocr_carea' id='block_1_2' title="bbox 711 751 3034 1460">
    <p class='ocr_par' dir='ltr' id='par_1_2' title="bbox 711 751 3034 1460">
     <span class='ocr_line' id='line_1_2' title="bbox 719 751 3025 836; baseline -0.001 -19"><span class='ocrx_word' id='word_1_8' title='bbox 719 751 1051 835; x_wconf 86' lang='lat' dir='ltr'>superflue</span> <span class='ocrx_word' id='word_1_9' title='bbox 1081 762 1428 836; x_wconf 82' lang='lat' dir='ltr'>operatur:</span> <span class='ocrx_word' id='word_1_10' title='bbox 1476 772 1626 817; x_wconf 91' lang='lat' dir='ltr'>nam</span> <span class='ocrx_word' id='word_1_11' title='bbox 1661 752 1895 816; x_wconf 87' lang='lat' dir='ltr'>sortior</span> <span class='ocrx_word' id='word_1_12' title='bbox 1916 762 2136 817; x_wconf 90' lang='lat' dir='ltr'>motus</span> <span class='ocrx_word' id='word_1_13' title='bbox 2166 752 2429 816; x_wconf 91' lang='lat' dir='ltr'>animae</span> <span class='ocrx_word' id='word_1_14' title='bbox 2453 773 2715 836; x_wconf 87' lang='lat' dir='ltr'>semper</span> <span class='ocrx_word' id='word_1_15' title='bbox 2736 752 3025 817; x_wconf 88' lang='lat' dir='ltr'>occultat</span> 
     </span>
     <span class='ocr_line' id='line_1_3' title="bbox 719 856 3025 939; baseline -0.001 -17"><span class='ocrx_word' id='word_1_16' title='bbox 719 857 1094 922; x_wconf 82' lang='lat' dir='ltr'>debiliores.</span> <span class='ocrx_word' id='word_1_17' title='bbox 1189 857 1281 920; x_wconf 91' lang='lat' dir='ltr'>Et</span> <span class='ocrx_word' id='word_1_18' title='bbox 1327 857 1478 921; x_wconf 92' lang='lat' dir='ltr'>ideo</span> <span class='ocrx_word' id='word_1_19' title='bbox 1524 857 1829 920; x_wconf 91' lang='lat' dir='ltr'>homines</span> <span class='ocrx_word' id='word_1_20' title='bbox 1872 856 2193 920; x_wconf 87' lang='lat' dir='ltr'><strong>habentes</strong></span> <span class='ocrx_word' id='word_1_21' title='bbox 2242 857 2744 939; x_wconf 86' lang='lat' dir='ltr'>dispositionem</span> <span class='ocrx_word' id='word_1_22' title='bbox 2800 857 3025 938; x_wconf 87' lang='lat' dir='ltr'>hujus-</span> 
     </span>
     <span class='ocr_line' id='line_1_4' title="bbox 722 960 3028 1043; baseline -0.003 -13"><span class='ocrx_word' id='word_1_23' title='bbox 722 962 903 1030; x_wconf 84' lang='lat' dir='ltr'>modi</span> <span class='ocrx_word' id='word_1_24' title='bbox 935 961 1109 1026; x_wconf 90' lang='lat' dir='ltr'>oculi</span> <span class='ocrx_word' id='word_1_25' title='bbox 1140 962 1368 1026; x_wconf 89' lang='lat' dir='ltr'>vident</span> <span class='ocrx_word' id='word_1_26' title='bbox 1410 961 1580 1025; x_wconf 89' lang='lat' dir='ltr'>bene</span> <span class='ocrx_word' id='word_1_27' title='bbox 1627 960 1689 1023; x_wconf 91' lang='lat' dir='ltr'>in</span> <span class='ocrx_word' id='word_1_28' title='bbox 1736 960 2155 1043; x_wconf 83' lang='lat' dir='ltr'>crepusculiS,</span> <span class='ocrx_word' id='word_1_29' title='bbox 2201 970 2267 1024; x_wconf 96' lang='lat' dir='ltr'>et</span> <span class='ocrx_word' id='word_1_30' title='bbox 2311 960 2398 1024; x_wconf 93' lang='lat' dir='ltr'>ad</span> <span class='ocrx_word' id='word_1_31' title='bbox 2447 960 2670 1024; x_wconf 89' lang='lat' dir='ltr'>lumen</span> <span class='ocrx_word' id='word_1_32' title='bbox 2715 961 3028 1024; x_wconf 89' lang='lat' dir='ltr'>candelae</span> 
     </span>
     <span class='ocr_line' id='line_1_5' title="bbox 722 1064 3030 1148; baseline -0.001 -18"><span class='ocrx_word' id='word_1_33' title='bbox 722 1067 808 1130; x_wconf 93' lang='lat' dir='ltr'>de</span> <span class='ocrx_word' id='word_1_34' title='bbox 851 1076 1065 1143; x_wconf 89' lang='lat' dir='ltr'>nocte,</span> <span class='ocrx_word' id='word_1_35' title='bbox 1109 1076 1178 1130; x_wconf 89' lang='lat' dir='ltr'>et</span> <span class='ocrx_word' id='word_1_36' title='bbox 1223 1067 1308 1130; x_wconf 91' lang='lat' dir='ltr'>ad</span> <span class='ocrx_word' id='word_1_37' title='bbox 1358 1064 1579 1130; x_wconf 90' lang='lat' dir='ltr'>lumen</span> <span class='ocrx_word' id='word_1_38' title='bbox 1633 1066 1990 1129; x_wconf 89' lang='lat' dir='ltr'>stellarum.</span> <span class='ocrx_word' id='word_1_39' title='bbox 2087 1065 2177 1128; x_wconf 88' lang='lat' dir='ltr'>Et</span> <span class='ocrx_word' id='word_1_40' title='bbox 2234 1066 2300 1127; x_wconf 89' lang='lat' dir='ltr'>in</span> <span class='ocrx_word' id='word_1_41' title='bbox 2356 1066 2458 1128; x_wconf 89' lang='lat' dir='ltr'>his</span> <span class='ocrx_word' id='word_1_42' title='bbox 2509 1065 2816 1129; x_wconf 89' lang='lat' dir='ltr'>omnibus</span> <span class='ocrx_word' id='word_1_43' title='bbox 2859 1085 3030 1148; x_wconf 92' lang='lat' dir='ltr'>quae</span> 
     </span>
     <span class='ocr_line' id='line_1_6' title="bbox 711 1169 3032 1245; baseline 0 -12"><span class='ocrx_word' id='word_1_44' title='bbox 711 1171 904 1237; x_wconf 81' lang='lat' dir='ltr'>dicta</span> <span class='ocrx_word' id='word_1_45' title='bbox 954 1180 1113 1238; x_wconf 89' lang='lat' dir='ltr'>sunt</span> <span class='ocrx_word' id='word_1_46' title='bbox 1159 1171 1244 1234; x_wconf 91' lang='lat' dir='ltr'>de</span> <span class='ocrx_word' id='word_1_47' title='bbox 1290 1170 1714 1234; x_wconf 88' lang='lat' dir='ltr'>distinctione</span> <span class='ocrx_word' id='word_1_48' title='bbox 1757 1180 1826 1233; x_wconf 92' lang='lat' dir='ltr'>et</span> <span class='ocrx_word' id='word_1_49' title='bbox 1881 1171 1966 1233; x_wconf 92' lang='lat' dir='ltr'>de</span> <span class='ocrx_word' id='word_1_50' title='bbox 1996 1170 2137 1232; x_wconf 88' lang='lat' dir='ltr'>visu</span> <span class='ocrx_word' id='word_1_51' title='bbox 2188 1170 2254 1231; x_wconf 88' lang='lat' dir='ltr'>in</span> <span class='ocrx_word' id='word_1_52' title='bbox 2305 1171 2593 1234; x_wconf 87' lang='lat' dir='ltr'>tenebris</span> <span class='ocrx_word' id='word_1_53' title='bbox 2639 1181 2708 1234; x_wconf 94' lang='lat' dir='ltr'>et</span> <span class='ocrx_word' id='word_1_54' title='bbox 2755 1171 2821 1232; x_wconf 93' lang='lat' dir='ltr'>in</span> <span class='ocrx_word' id='word_1_55' title='bbox 2867 1169 3032 1245; x_wconf 89' lang='lat' dir='ltr'>luce,</span> 
     </span>
     <span class='ocr_line' id='line_1_7' title="bbox 729 1273 3034 1341; baseline -0.002 0"><span class='ocrx_word' id='word_1_56' title='bbox 729 1274 1125 1341; x_wconf 88' lang='lat' dir='ltr'>Aristoteles</span> <span class='ocrx_word' id='word_1_57' title='bbox 1177 1284 1244 1337; x_wconf 90' lang='lat' dir='ltr'>ct</span> <span class='ocrx_word' id='word_1_58' title='bbox 1291 1274 1641 1340; x_wconf 88' lang='lat' dir='ltr'>Avicenna</span> <span class='ocrx_word' id='word_1_59' title='bbox 1687 1275 1851 1338; x_wconf 91' lang='lat' dir='ltr'>dant</span> <span class='ocrx_word' id='word_1_60' title='bbox 1897 1275 2363 1338; x_wconf 88' lang='lat' dir='ltr'>auctoritatem</span> <span class='ocrx_word' id='word_1_61' title='bbox 2413 1274 2478 1337; x_wconf 90' lang='lat' dir='ltr'>in</span> <span class='ocrx_word' id='word_1_62' title='bbox 2525 1273 2709 1337; x_wconf 92' lang='lat' dir='ltr'>libris</span> <span class='ocrx_word' id='word_1_63' title='bbox 2758 1274 2891 1338; x_wconf 90' lang='lat' dir='ltr'>suis</span> <span class='ocrx_word' id='word_1_64' title='bbox 2948 1273 3034 1336; x_wconf 93' lang='lat' dir='ltr'>de</span> 
     </span>
     <span class='ocr_line' id='line_1_8' title="bbox 727 1378 1841 1460; baseline -0.003 -15"><span class='ocrx_word' id='word_1_65' title='bbox 727 1378 1122 1445; x_wconf 84' lang='lat' dir='ltr'>animalibus</span> <span class='ocrx_word' id='word_1_66' title='bbox 1152 1378 1454 1460; x_wconf 91' lang='lat' dir='ltr'>superius</span> <span class='ocrx_word' id='word_1_67' title='bbox 1491 1380 1841 1442; x_wconf 77' lang='lat' dir='ltr'>annotatis,</span> 
     </span>
    </p>
   </div>
   <div class='ocr_carea' id='block_1_3' title="bbox 388 1479 3044 2399">
    <p class='ocr_par' dir='ltr' id='par_1_3' title="bbox 388 1479 3044 2399">
     <span class='ocr_line' id='line_1_9' title="bbox 388 1479 3037 1567; baseline -0.003 -16"><span class='ocrx_word' id='word_1_68' title='bbox 388 1490 676 1567; x_wconf 33' lang='lat' dir='ltr'>Some-eyes</span> <span class='ocrx_word' id='word_1_69' title='bbox 819 1483 926 1546; x_wconf 91' lang='lat' dir='ltr'>De</span> <span class='ocrx_word' id='word_1_70' title='bbox 984 1483 1127 1546; x_wconf 83' lang='lat' dir='ltr'>visu</span> <span class='ocrx_word' id='word_1_71' title='bbox 1189 1492 1414 1551; x_wconf 86' lang='lat' dir='ltr'>tamen</span> <span class='ocrx_word' id='word_1_72' title='bbox 1477 1483 1541 1545; x_wconf 91' lang='lat' dir='ltr'>in</span> <span class='ocrx_word' id='word_1_73' title='bbox 1597 1483 1883 1546; x_wconf 88' lang='lat' dir='ltr'>tenebris</span> <span class='ocrx_word' id='word_1_74' title='bbox 1933 1491 2002 1546; x_wconf 90' lang='lat' dir='ltr'>et</span> <span class='ocrx_word' id='word_1_75' title='bbox 2062 1482 2126 1545; x_wconf 92' lang='lat' dir='ltr'>in</span> <span class='ocrx_word' id='word_1_76' title='bbox 2186 1481 2333 1545; x_wconf 88' lang='lat' dir='ltr'>luce</span> <span class='ocrx_word' id='word_1_77' title='bbox 2384 1490 2606 1563; x_wconf 88' lang='lat' dir='ltr'>potest</span> <span class='ocrx_word' id='word_1_78' title='bbox 2658 1479 2788 1545; x_wconf 91' lang='lat' dir='ltr'>alia</span> <span class='ocrx_word' id='word_1_79' title='bbox 2837 1501 3037 1545; x_wconf 88' lang='lat' dir='ltr'>causa</span> 
     </span>
     <span class='ocr_line' id='line_1_10' title="bbox 389 1556 3037 1686; baseline -0.001 -35"><span class='ocrx_word' id='word_1_80' title='bbox 389 1556 704 1686; x_wconf 51' lang='grc' dir='ltr'>ξίζνῖἰέῗὼ</span> <span class='ocrx_word' id='word_1_81' title='bbox 728 1586 1064 1669; x_wconf 75' lang='lat' dir='ltr'>assignari,</span> <span class='ocrx_word' id='word_1_82' title='bbox 1126 1586 1374 1650; x_wconf 87' lang='lat' dir='ltr'>scilicet</span> <span class='ocrx_word' id='word_1_83' title='bbox 1447 1589 1714 1669; x_wconf 88' lang='lat' dir='ltr'>quando</span> <span class='ocrx_word' id='word_1_84' title='bbox 1790 1585 2019 1651; x_wconf 91' lang='lat' dir='ltr'>oculus</span> <span class='ocrx_word' id='word_1_85' title='bbox 2089 1586 2292 1651; x_wconf 87' lang='lat' dir='ltr'>habet</span> <span class='ocrx_word' id='word_1_86' title='bbox 2374 1588 2655 1649; x_wconf 90' lang='lat' dir='ltr'>multum</span> <span class='ocrx_word' id='word_1_87' title='bbox 2731 1586 2817 1649; x_wconf 91' lang='lat' dir='ltr'>de</span> <span class='ocrx_word' id='word_1_88' title='bbox 2892 1585 3037 1649; x_wconf 92' lang='lat' dir='ltr'>luce</span> 
     </span>
     <span class='ocr_line' id='line_1_11' title="bbox 727 1689 3040 1780; baseline 0 -27"><span class='ocrx_word' id='word_1_89' title='bbox 727 1690 1032 1780; x_wconf 85' lang='lat' dir='ltr'>propria:</span> <span class='ocrx_word' id='word_1_90' title='bbox 1078 1710 1234 1756; x_wconf 89' lang='lat' dir='ltr'>nam</span> <span class='ocrx_word' id='word_1_91' title='bbox 1267 1690 1495 1755; x_wconf 91' lang='lat' dir='ltr'>oculus</span> <span class='ocrx_word' id='word_1_92' title='bbox 1528 1691 1593 1755; x_wconf 91' lang='lat' dir='ltr'>in</span> <span class='ocrx_word' id='word_1_93' title='bbox 1625 1690 2022 1768; x_wconf 88' lang='lat' dir='ltr'>hominibus,</span> <span class='ocrx_word' id='word_1_94' title='bbox 2046 1701 2113 1753; x_wconf 90' lang='lat' dir='ltr'>et</span> <span class='ocrx_word' id='word_1_95' title='bbox 2151 1711 2342 1772; x_wconf 91' lang='lat' dir='ltr'>equo,</span> <span class='ocrx_word' id='word_1_96' title='bbox 2366 1700 2435 1754; x_wconf 97' lang='lat' dir='ltr'>et</span> <span class='ocrx_word' id='word_1_97' title='bbox 2464 1700 2616 1754; x_wconf 89' lang='lat' dir='ltr'>cato</span> <span class='ocrx_word' id='word_1_98' title='bbox 2638 1690 2683 1767; x_wconf 87' lang='lat'>¹,</span> <span class='ocrx_word' id='word_1_99' title='bbox 2714 1698 2782 1754; x_wconf 91' lang='lat' dir='ltr'>et</span> <span class='ocrx_word' id='word_1_100' title='bbox 2815 1689 3040 1753; x_wconf 89' lang='lat' dir='ltr'>multis</span> 
     </span>
     <span class='ocr_line' id='line_1_12' title="bbox 728 1793 3040 1878; baseline -0 -20"><span class='ocrx_word' id='word_1_101' title='bbox 728 1793 1128 1858; x_wconf 86' lang='lat' dir='ltr'>animalibus</span> <span class='ocrx_word' id='word_1_102' title='bbox 1178 1794 1355 1858; x_wconf 90' lang='lat' dir='ltr'>lucet</span> <span class='ocrx_word' id='word_1_103' title='bbox 1408 1795 1494 1858; x_wconf 90' lang='lat' dir='ltr'>de</span> <span class='ocrx_word' id='word_1_104' title='bbox 1546 1816 1633 1870; x_wconf 88' lang='lat' dir='ltr'>se,</span> <span class='ocrx_word' id='word_1_105' title='bbox 1680 1797 1854 1859; x_wconf 91' lang='lat' dir='ltr'>sicut</span> <span class='ocrx_word' id='word_1_106' title='bbox 1914 1815 2231 1877; x_wconf 86' lang='lat' dir='ltr'>squamae</span> <span class='ocrx_word' id='word_1_107' title='bbox 2277 1795 2580 1878; x_wconf 90' lang='lat' dir='ltr'>piscium,</span> <span class='ocrx_word' id='word_1_108' title='bbox 2626 1795 2807 1877; x_wconf 91' lang='lat' dir='ltr'>quod</span> <span class='ocrx_word' id='word_1_109' title='bbox 2854 1803 3040 1876; x_wconf 91' lang='lat' dir='ltr'>patet</span> 
     </span>
     <span class='ocr_line' id='line_1_13' title="bbox 728 1897 3039 1983; baseline -0 -21"><span class='ocrx_word' id='word_1_110' title='bbox 728 1897 1000 1982; x_wconf 91' lang='lat' dir='ltr'>quando</span> <span class='ocrx_word' id='word_1_111' title='bbox 1030 1898 1234 1962; x_wconf 91' lang='lat' dir='ltr'>homo</span> <span class='ocrx_word' id='word_1_112' title='bbox 1265 1901 1330 1962; x_wconf 92' lang='lat' dir='ltr'>in</span> <span class='ocrx_word' id='word_1_113' title='bbox 1370 1900 1660 1964; x_wconf 90' lang='lat' dir='ltr'>tenebris</span> <span class='ocrx_word' id='word_1_114' title='bbox 1703 1910 1929 1964; x_wconf 90' lang='lat' dir='ltr'>movet</span> <span class='ocrx_word' id='word_1_115' title='bbox 1973 1899 2236 1963; x_wconf 89' lang='lat' dir='ltr'>oculum</span> <span class='ocrx_word' id='word_1_116' title='bbox 2278 1920 2319 1963; x_wconf 91' lang='lat' dir='ltr'>a</span> <span class='ocrx_word' id='word_1_117' title='bbox 2363 1900 2493 1963; x_wconf 89' lang='lat' dir='ltr'>situ</span> <span class='ocrx_word' id='word_1_118' title='bbox 2540 1920 2660 1962; x_wconf 91' lang='lat' dir='ltr'>suo</span> <span class='ocrx_word' id='word_1_119' title='bbox 2705 1920 2825 1982; x_wconf 89' lang='lat' dir='ltr'>per</span> <span class='ocrx_word' id='word_1_120' title='bbox 2868 1898 3039 1983; x_wconf 84' lang='lat' dir='ltr'>digi-</span> 
     </span>
     <span class='ocr_line' id='line_1_14' title="bbox 730 2002 3040 2086; baseline -0.001 -18"><span class='ocrx_word' id='word_1_121' title='bbox 730 2014 897 2075; x_wconf 86' lang='lat' dir='ltr'>tum.</span> <span class='ocrx_word' id='word_1_122' title='bbox 990 2003 1125 2068; x_wconf 89' lang='lat' dir='ltr'>Sed</span> <span class='ocrx_word' id='word_1_123' title='bbox 1186 2004 1460 2086; x_wconf 89' lang='lat' dir='ltr'>quidam</span> <span class='ocrx_word' id='word_1_124' title='bbox 1522 2003 1827 2069; x_wconf 86' lang='lat' dir='ltr'>homines</span> <span class='ocrx_word' id='word_1_125' title='bbox 1885 2004 2134 2067; x_wconf 87' lang='lat' dir='ltr'>habent</span> <span class='ocrx_word' id='word_1_126' title='bbox 2192 2003 2341 2086; x_wconf 89' lang='lat' dir='ltr'>plus</span> <span class='ocrx_word' id='word_1_127' title='bbox 2399 2006 2485 2067; x_wconf 91' lang='lat' dir='ltr'>de</span> <span class='ocrx_word' id='word_1_128' title='bbox 2544 2002 2711 2081; x_wconf 91' lang='lat' dir='ltr'>luce,</span> <span class='ocrx_word' id='word_1_129' title='bbox 2770 2004 3040 2086; x_wconf 90' lang='lat' dir='ltr'>quidam</span> 
     </span>
     <span class='ocr_line' id='line_1_15' title="bbox 734 2106 3043 2191; baseline -0 -21"><span class='ocrx_word' id='word_1_130' title='bbox 734 2109 995 2177; x_wconf 83' lang='lat' dir='ltr'>minus:</span> <span class='ocrx_word' id='word_1_131' title='bbox 1056 2118 1125 2172; x_wconf 93' lang='lat' dir='ltr'>et</span> <span class='ocrx_word' id='word_1_132' title='bbox 1176 2106 1268 2169; x_wconf 91' lang='lat' dir='ltr'>illi</span> <span class='ocrx_word' id='word_1_133' title='bbox 1317 2109 1431 2190; x_wconf 91' lang='lat' dir='ltr'>qui</span> <span class='ocrx_word' id='word_1_134' title='bbox 1479 2107 1763 2172; x_wconf 89' lang='lat' dir='ltr'>multum</span> <span class='ocrx_word' id='word_1_135' title='bbox 1814 2109 2065 2172; x_wconf 91' lang='lat' dir='ltr'>habent</span> <span class='ocrx_word' id='word_1_136' title='bbox 2114 2117 2392 2191; x_wconf 83' lang='lat' dir='ltr'>possunt</span> <span class='ocrx_word' id='word_1_137' title='bbox 2441 2108 2667 2172; x_wconf 88' lang='lat' dir='ltr'>videre</span> <span class='ocrx_word' id='word_1_138' title='bbox 2720 2109 2785 2171; x_wconf 92' lang='lat' dir='ltr'>in</span> <span class='ocrx_word' id='word_1_139' title='bbox 2839 2127 3043 2190; x_wconf 88' lang='lat' dir='ltr'>parvo</span> 
     </span>
     <span class='ocr_line' id='line_1_16' title="bbox 732 2210 3044 2296; baseline -0.001 -20"><span class='ocrx_word' id='word_1_140' title='bbox 732 2214 977 2279; x_wconf 86' lang='lat' dir='ltr'>lumine</span> <span class='ocrx_word' id='word_1_141' title='bbox 1009 2220 1076 2276; x_wconf 93' lang='lat' dir='ltr'>et</span> <span class='ocrx_word' id='word_1_142' title='bbox 1110 2211 1417 2288; x_wconf 81' lang='lat' dir='ltr'>tenebriS‚</span> <span class='ocrx_word' id='word_1_143' title='bbox 1449 2213 1504 2276; x_wconf 90' lang='lat' dir='ltr'>si</span> <span class='ocrx_word' id='word_1_144' title='bbox 1549 2213 1717 2275; x_wconf 92' lang='lat' dir='ltr'>aliae</span> <span class='ocrx_word' id='word_1_145' title='bbox 1763 2233 1999 2278; x_wconf 89' lang='lat' dir='ltr'>causae</span> <span class='ocrx_word' id='word_1_146' title='bbox 2044 2232 2084 2275; x_wconf 94' lang='lat' dir='ltr'>a</span> <span class='ocrx_word' id='word_1_147' title='bbox 2131 2223 2318 2296; x_wconf 89' lang='lat' dir='ltr'>parte</span> <span class='ocrx_word' id='word_1_148' title='bbox 2364 2212 2733 2292; x_wconf 85' lang='lat' dir='ltr'>humorum,</span> <span class='ocrx_word' id='word_1_149' title='bbox 2769 2221 2836 2276; x_wconf 94' lang='lat' dir='ltr'>et</span> <span class='ocrx_word' id='word_1_150' title='bbox 2874 2210 3044 2274; x_wconf 90' lang='lat' dir='ltr'>telae</span> 
     </span>
     <span class='ocr_line' id='line_1_17' title="bbox 736 2315 3043 2399; baseline -0.002 -17"><span class='ocrx_word' id='word_1_151' title='bbox 736 2327 803 2382; x_wconf 91' lang='lat' dir='ltr'>et</span> <span class='ocrx_word' id='word_1_152' title='bbox 834 2336 1112 2384; x_wconf 89' lang='lat' dir='ltr'>corneae</span> <span class='ocrx_word' id='word_1_153' title='bbox 1143 2315 1379 2392; x_wconf 88' lang='lat' dir='ltr'>adsint,</span> <span class='ocrx_word' id='word_1_154' title='bbox 1410 2337 1580 2398; x_wconf 88' lang='lat' dir='ltr'>quae</span> <span class='ocrx_word' id='word_1_155' title='bbox 1612 2317 1776 2380; x_wconf 86' lang='lat' dir='ltr'>dixi.</span> <span class='ocrx_word' id='word_1_156' title='bbox 1885 2316 2020 2381; x_wconf 89' lang='lat' dir='ltr'>Sed</span> <span class='ocrx_word' id='word_1_157' title='bbox 2050 2317 2164 2399; x_wconf 91' lang='lat' dir='ltr'>qui</span> <span class='ocrx_word' id='word_1_158' title='bbox 2210 2337 2446 2399; x_wconf 91' lang='lat' dir='ltr'>parum</span> <span class='ocrx_word' id='word_1_159' title='bbox 2484 2316 2734 2380; x_wconf 90' lang='lat' dir='ltr'>habent</span> <span class='ocrx_word' id='word_1_160' title='bbox 2764 2317 2849 2379; x_wconf 91' lang='lat' dir='ltr'>de</span> <span class='ocrx_word' id='word_1_161' title='bbox 2880 2316 3043 2389; x_wconf 90' lang='lat' dir='ltr'>luce,</span> 
     </span>
    </p>
   </div>
   <div class='ocr_carea' id='block_1_4' title="bbox 735 2420 3042 2588">
    <p class='ocr_par' dir='ltr' id='par_1_4' title="bbox 735 2420 3042 2588">
     <span class='ocr_line' id='line_1_18' title="bbox 735 2420 3042 2504; baseline -0.003 -16"><span class='ocrx_word' id='word_1_162' title='bbox 735 2441 867 2488; x_wconf 84' lang='lat' dir='ltr'>non</span> <span class='ocrx_word' id='word_1_163' title='bbox 903 2420 1034 2484; x_wconf 87' lang='lat' dir='ltr'>sic:</span> <span class='ocrx_word' id='word_1_164' title='bbox 1080 2421 1433 2502; x_wconf 87' lang='lat' dir='ltr'>praecipue</span> <span class='ocrx_word' id='word_1_165' title='bbox 1460 2421 1516 2484; x_wconf 89' lang='lat' dir='ltr'>si</span> <span class='ocrx_word' id='word_1_166' title='bbox 1547 2430 1845 2484; x_wconf 91' lang='lat' dir='ltr'>caeterae</span> <span class='ocrx_word' id='word_1_167' title='bbox 1875 2441 2112 2486; x_wconf 86' lang='lat' dir='ltr'>causae</span> <span class='ocrx_word' id='word_1_168' title='bbox 2140 2422 2347 2485; x_wconf 89' lang='lat' dir='ltr'>assint</span> <span class='ocrx_word' id='word_1_169' title='bbox 2378 2442 2418 2485; x_wconf 94' lang='lat' dir='ltr'>a</span> <span class='ocrx_word' id='word_1_170' title='bbox 2460 2430 2650 2504; x_wconf 91' lang='lat' dir='ltr'>parte</span> <span class='ocrx_word' id='word_1_171' title='bbox 2687 2421 3042 2484; x_wconf 86' lang='lat' dir='ltr'>humorum</span> 
     </span>
     <span class='ocr_line' id='line_1_19' title="bbox 737 2525 1433 2588; baseline -0.003 -1"><span class='ocrx_word' id='word_1_172' title='bbox 737 2535 806 2587; x_wconf 91' lang='lat' dir='ltr'>et</span> <span class='ocrx_word' id='word_1_173' title='bbox 837 2525 1011 2588; x_wconf 92' lang='lat' dir='ltr'>telae</span> <span class='ocrx_word' id='word_1_174' title='bbox 1040 2534 1108 2588; x_wconf 91' lang='lat' dir='ltr'>et</span> <span class='ocrx_word' id='word_1_175' title='bbox 1137 2544 1433 2588; x_wconf 89' lang='lat' dir='ltr'>corneae.</span> 
     </span>
    </p>
   </div>
   <div class='ocr_carea' id='block_1_5' title="bbox 1575 2748 2211 2815">
    <p class='ocr_par' dir='ltr' id='par_1_5' title="bbox 1575 2748 2211 2815">
     <span class='ocr_line' id='line_1_20' title="bbox 1575 2748 2211 2815; baseline -0.002 -2"><span class='ocrx_word' id='word_1_176' title='bbox 1575 2749 2027 2815; x_wconf 83' lang='lat' dir='ltr'>CAPITULUM</span> <span class='ocrx_word' id='word_1_177' title='bbox 2078 2748 2211 2813; x_wconf 91' lang='lat'>111.</span> 
     </span>
    </p>
   </div>
   <div class='ocr_carea' id='block_1_6' title="bbox 743 2919 3052 3109">
    <p class='ocr_par' dir='ltr' id='par_1_6' title="bbox 743 2919 3052 3109">
     <span class='ocr_line' id='line_1_21' title="bbox 832 2919 3052 3007; baseline -0 -22"><span class='ocrx_word' id='word_1_178' title='bbox 832 2922 940 2985; x_wconf 91' lang='lat' dir='ltr'>De</span> <span class='ocrx_word' id='word_1_179' title='bbox 985 2919 1184 2985; x_wconf 89' lang='lat' dir='ltr'>variis</span> <span class='ocrx_word' id='word_1_180' title='bbox 1231 2921 1557 2986; x_wconf 88' lang='lat' dir='ltr'>erroribus</span> <span class='ocrx_word' id='word_1_181' title='bbox 1607 2922 1789 2987; x_wconf 87' lang='lat' dir='ltr'>visus</span> <span class='ocrx_word' id='word_1_182' title='bbox 1836 2933 2109 3007; x_wconf 87' lang='lat' dir='ltr'>propter</span> <span class='ocrx_word' id='word_1_183' title='bbox 2159 2920 2713 3005; x_wconf 89' lang='lat' dir='ltr'>compositionem</span> <span class='ocrx_word' id='word_1_184' title='bbox 2759 2931 2829 2985; x_wconf 91' lang='lat' dir='ltr'>et</span> <span class='ocrx_word' id='word_1_185' title='bbox 2874 2940 3052 2985; x_wconf 90' lang='lat' dir='ltr'>com-</span> 
     </span>
     <span class='ocr_line' id='line_1_22' title="bbox 743 3024 1369 3109; baseline -0.003 -21"><span class='ocrx_word' id='word_1_186' title='bbox 743 3024 1129 3109; x_wconf 87' lang='lat' dir='ltr'>plexionem</span> <span class='ocrx_word' id='word_1_187' title='bbox 1175 3025 1369 3089; x_wconf 92' lang='lat' dir='ltr'>oculi.</span> 
     </span>
    </p>
   </div>
   <div class='ocr_carea' id='block_1_7' title="bbox 409 3206 3055 3410">
    <p class='ocr_par' dir='ltr' id='par_1_7' title="bbox 409 3206 3055 3410">
     <span class='ocr_line' id='line_1_23' title="bbox 411 3206 3055 3295; baseline -0.002 -19"><span class='ocrx_word' id='word_1_188' title='bbox 411 3214 613 3295; x_wconf 67' lang='lat' dir='ltr'>pquble</span> <span class='ocrx_word' id='word_1_189' title='bbox 838 3206 1185 3270; x_wconf 90' lang='lat' dir='ltr'>Praeterea</span> <span class='ocrx_word' id='word_1_190' title='bbox 1228 3227 1317 3270; x_wconf 85' lang='lat' dir='ltr'>ex</span> <span class='ocrx_word' id='word_1_191' title='bbox 1365 3207 1664 3272; x_wconf 91' lang='lat' dir='ltr'>bonitate</span> <span class='ocrx_word' id='word_1_192' title='bbox 1706 3209 2204 3292; x_wconf 90' lang='lat' dir='ltr'>compositionis</span> <span class='ocrx_word' id='word_1_193' title='bbox 2242 3207 2418 3272; x_wconf 91' lang='lat' dir='ltr'>oculi</span> <span class='ocrx_word' id='word_1_194' title='bbox 2449 3209 2704 3280; x_wconf 85' lang='lat' dir='ltr'>accidit,</span> <span class='ocrx_word' id='word_1_195' title='bbox 2737 3210 2920 3291; x_wconf 90' lang='lat' dir='ltr'>quod</span> <span class='ocrx_word' id='word_1_196' title='bbox 2953 3229 3055 3271; x_wconf 87' lang='lat' dir='ltr'>res</span> 
     </span>
     <span class='ocr_line' id='line_1_24' title="bbox 409 3280 3053 3410; baseline -0.002 -30"><span class='ocrx_word' id='word_1_197' title='bbox 409 3297 568 3410; x_wconf 49' lang='grc' dir='ltr'>ἓξὲξ</span> <span class='ocrx_word' id='word_1_198' title='bbox 589 3280 682 3329; x_wconf 64' lang='lat'>¹²²⁵</span> <span class='ocrx_word' id='word_1_199' title='bbox 749 3330 882 3375; x_wconf 91' lang='lat' dir='ltr'>una</span> <span class='ocrx_word' id='word_1_200' title='bbox 931 3311 1195 3374; x_wconf 90' lang='lat' dir='ltr'>videtur</span> <span class='ocrx_word' id='word_1_201' title='bbox 1254 3332 1428 3390; x_wconf 89' lang='lat' dir='ltr'>una;</span> <span class='ocrx_word' id='word_1_202' title='bbox 1493 3315 1764 3394; x_wconf 91' lang='lat' dir='ltr'>quando</span> <span class='ocrx_word' id='word_1_203' title='bbox 1818 3314 2068 3379; x_wconf 88' lang='lat' dir='ltr'>scilicet</span> <span class='ocrx_word' id='word_1_204' title='bbox 2121 3313 2415 3397; x_wconf 91' lang='lat' dir='ltr'>pupillae</span> <span class='ocrx_word' id='word_1_205' title='bbox 2466 3313 2718 3377; x_wconf 88' lang='lat' dir='ltr'>habent</span> <span class='ocrx_word' id='word_1_206' title='bbox 2770 3314 3053 3376; x_wconf 88' lang='lat' dir='ltr'>eundem</span> 
     </span>
    </p>
   </div>
   <div class='ocr_carea' id='block_1_8' title="bbox 410 3414 3067 4541">
    <p class='ocr_par' dir='ltr' id='par_1_8' title="bbox 410 3414 3067 4541">
     <span class='ocr_line' id='line_1_25' title="bbox 410 3414 3059 3501; baseline 0.002 -25"><span class='ocrx_word' id='word_1_207' title='bbox 410 3427 597 3464; x_wconf 78' lang='lat' dir='ltr'>causes.</span> <span class='ocrx_word' id='word_1_208' title='bbox 751 3414 949 3477; x_wconf 90' lang='lat' dir='ltr'>situm</span> <span class='ocrx_word' id='word_1_209' title='bbox 977 3424 1278 3497; x_wconf 88' lang='lat' dir='ltr'>respectu</span> <span class='ocrx_word' id='word_1_210' title='bbox 1305 3417 1486 3478; x_wconf 90' lang='lat' dir='ltr'>nervi</span> <span class='ocrx_word' id='word_1_211' title='bbox 1517 3419 1925 3494; x_wconf 80' lang='lat' dir='ltr'>communis3</span> <span class='ocrx_word' id='word_1_212' title='bbox 1972 3419 2288 3501; x_wconf 84' lang='lat' dir='ltr'>quoniam</span> <span class='ocrx_word' id='word_1_213' title='bbox 2322 3426 2480 3481; x_wconf 86' lang='lat' dir='ltr'>tunc</span> <span class='ocrx_word' id='word_1_214' title='bbox 2509 3418 2762 3499; x_wconf 88' lang='lat' dir='ltr'>species</span> <span class='ocrx_word' id='word_1_215' title='bbox 2781 3418 3059 3481; x_wconf 91' lang='lat' dir='ltr'>veniunt</span> 
     </span>
     <span class='ocr_line' id='line_1_26' title="bbox 753 3516 3058 3598; baseline 0.001 -16"><span class='ocrx_word' id='word_1_216' title='bbox 753 3539 793 3582; x_wconf 94' lang='lat' dir='ltr'>a</span> <span class='ocrx_word' id='word_1_217' title='bbox 839 3518 1099 3582; x_wconf 91' lang='lat' dir='ltr'>duobus</span> <span class='ocrx_word' id='word_1_218' title='bbox 1143 3516 1349 3581; x_wconf 89' lang='lat' dir='ltr'>oculis</span> <span class='ocrx_word' id='word_1_219' title='bbox 1393 3519 1478 3583; x_wconf 88' lang='lat' dir='ltr'>ad</span> <span class='ocrx_word' id='word_1_220' title='bbox 1527 3520 1812 3584; x_wconf 88' lang='lat' dir='ltr'>eundem</span> <span class='ocrx_word' id='word_1_221' title='bbox 1861 3523 2057 3585; x_wconf 91' lang='lat' dir='ltr'>situm</span> <span class='ocrx_word' id='word_1_222' title='bbox 2107 3522 2173 3584; x_wconf 88' lang='lat' dir='ltr'>in</span> <span class='ocrx_word' id='word_1_223' title='bbox 2222 3542 2423 3586; x_wconf 88' lang='lat' dir='ltr'>nervo</span> <span class='ocrx_word' id='word_1_224' title='bbox 2472 3523 2825 3598; x_wconf 86' lang='lat' dir='ltr'>communi,</span> <span class='ocrx_word' id='word_1_225' title='bbox 2871 3530 2938 3584; x_wconf 91' lang='lat' dir='ltr'>et</span> <span class='ocrx_word' id='word_1_226' title='bbox 2985 3521 3058 3584; x_wconf 82' lang='lat' dir='ltr'>fit</span> 
     </span>
     <span class='ocr_line' id='line_1_27' title="bbox 415 3622 3057 3706; baseline 0.002 -24"><span class='ocrx_word' id='word_1_227' title='bbox 415 3634 959 3686; x_wconf 49' lang='lat' dir='ltr'>&amp;trahimusunum</span> <span class='ocrx_word' id='word_1_228' title='bbox 1016 3622 1360 3705; x_wconf 90' lang='lat' dir='ltr'>judicium.</span> <span class='ocrx_word' id='word_1_229' title='bbox 1454 3623 1741 3706; x_wconf 82' lang='lat' dir='ltr'>Quando</span> <span class='ocrx_word' id='word_1_230' title='bbox 1795 3646 1953 3689; x_wconf 87' lang='lat' dir='ltr'>vero</span> <span class='ocrx_word' id='word_1_231' title='bbox 2007 3637 2243 3690; x_wconf 89' lang='lat' dir='ltr'>natura</span> <span class='ocrx_word' id='word_1_232' title='bbox 2305 3635 2500 3703; x_wconf 88' lang='lat' dir='ltr'>errat,</span> <span class='ocrx_word' id='word_1_233' title='bbox 2555 3636 2627 3689; x_wconf 88' lang='lat' dir='ltr'>ut</span> <span class='ocrx_word' id='word_1_234' title='bbox 2685 3627 2928 3691; x_wconf 90' lang='lat' dir='ltr'>accidit</span> <span class='ocrx_word' id='word_1_235' title='bbox 2990 3626 3057 3687; x_wconf 92' lang='lat' dir='ltr'>in</span> 
     </span>
     <span class='ocr_line' id='line_1_28' title="bbox 755 3724 3060 3808; baseline 0.001 -20"><span class='ocrx_word' id='word_1_236' title='bbox 755 3724 938 3789; x_wconf 91' lang='lat' dir='ltr'>lusco</span> <span class='ocrx_word' id='word_1_237' title='bbox 970 3727 1147 3808; x_wconf 91' lang='lat' dir='ltr'>quod</span> <span class='ocrx_word' id='word_1_238' title='bbox 1180 3727 1478 3808; x_wconf 87' lang='lat' dir='ltr'>glacialis</span> <span class='ocrx_word' id='word_1_239' title='bbox 1520 3728 1712 3793; x_wconf 90' lang='lat' dir='ltr'>unius</span> <span class='ocrx_word' id='word_1_240' title='bbox 1757 3730 1930 3793; x_wconf 90' lang='lat' dir='ltr'>oculi</span> <span class='ocrx_word' id='word_1_241' title='bbox 1976 3750 2106 3793; x_wconf 91' lang='lat' dir='ltr'>non</span> <span class='ocrx_word' id='word_1_242' title='bbox 2153 3730 2355 3794; x_wconf 91' lang='lat' dir='ltr'>habet</span> <span class='ocrx_word' id='word_1_243' title='bbox 2401 3731 2602 3792; x_wconf 87' lang='lat' dir='ltr'>situm</span> <span class='ocrx_word' id='word_1_244' title='bbox 2648 3728 3060 3794; x_wconf 87' lang='lat' dir='ltr'>consimilem</span> 
     </span>
     <span class='ocr_line' id='line_1_29' title="bbox 754 3829 3061 3917; baseline 0.002 -25"><span class='ocrx_word' id='word_1_245' title='bbox 754 3831 841 3894; x_wconf 92' lang='lat' dir='ltr'>ad</span> <span class='ocrx_word' id='word_1_246' title='bbox 878 3829 1224 3911; x_wconf 87' lang='lat' dir='ltr'>glacialem</span> <span class='ocrx_word' id='word_1_247' title='bbox 1267 3831 1332 3893; x_wconf 93' lang='lat' dir='ltr'>in</span> <span class='ocrx_word' id='word_1_248' title='bbox 1379 3831 1529 3907; x_wconf 86' lang='lat' dir='ltr'>alio,</span> <span class='ocrx_word' id='word_1_249' title='bbox 1561 3842 1722 3899; x_wconf 87' lang='lat' dir='ltr'>tunc</span> <span class='ocrx_word' id='word_1_250' title='bbox 1766 3836 2018 3917; x_wconf 90' lang='lat' dir='ltr'>species</span> <span class='ocrx_word' id='word_1_251' title='bbox 2062 3833 2448 3897; x_wconf 87' lang='lat' dir='ltr'>naturaliter</span> <span class='ocrx_word' id='word_1_252' title='bbox 2485 3833 2738 3897; x_wconf 89' lang='lat' dir='ltr'>vadunt</span> <span class='ocrx_word' id='word_1_253' title='bbox 2783 3834 2868 3897; x_wconf 91' lang='lat' dir='ltr'>ad</span> <span class='ocrx_word' id='word_1_254' title='bbox 2917 3832 3061 3896; x_wconf 90' lang='lat' dir='ltr'>loca</span> 
     </span>
     <span class='ocr_line' id='line_1_30' title="bbox 756 3934 3062 4021; baseline 0 -22"><span class='ocrx_word' id='word_1_255' title='bbox 756 3934 1015 3999; x_wconf 87' lang='lat' dir='ltr'>diversa</span> <span class='ocrx_word' id='word_1_256' title='bbox 1060 3934 1124 3997; x_wconf 90' lang='lat' dir='ltr'>in</span> <span class='ocrx_word' id='word_1_257' title='bbox 1173 3954 1373 3998; x_wconf 87' lang='lat' dir='ltr'>nervo</span> <span class='ocrx_word' id='word_1_258' title='bbox 1419 3939 1774 4014; x_wconf 87' lang='lat' dir='ltr'>communi,</span> <span class='ocrx_word' id='word_1_259' title='bbox 1818 3947 1885 4002; x_wconf 91' lang='lat' dir='ltr'>et</span> <span class='ocrx_word' id='word_1_260' title='bbox 1939 3939 2092 4001; x_wconf 90' lang='lat' dir='ltr'>ideo</span> <span class='ocrx_word' id='word_1_261' title='bbox 2147 3947 2413 4021; x_wconf 93' lang='lat' dir='ltr'>oportet</span> <span class='ocrx_word' id='word_1_262' title='bbox 2463 3938 2715 4002; x_wconf 89' lang='lat' dir='ltr'>luscum</span> <span class='ocrx_word' id='word_1_263' title='bbox 2763 3937 3062 4000; x_wconf 91' lang='lat' dir='ltr'>laborare</span> 
     </span>
     <span class='ocr_line' id='line_1_31' title="bbox 760 4037 3063 4121; baseline 0.001 -20"><span class='ocrx_word' id='word_1_264' title='bbox 760 4037 1040 4102; x_wconf 88' lang='lat' dir='ltr'>multum</span> <span class='ocrx_word' id='word_1_265' title='bbox 1073 4048 1140 4102; x_wconf 91' lang='lat' dir='ltr'>et</span> <span class='ocrx_word' id='word_1_266' title='bbox 1174 4037 1489 4121; x_wconf 87' lang='lat' dir='ltr'>ingeniari</span> <span class='ocrx_word' id='word_1_267' title='bbox 1521 4041 1605 4104; x_wconf 91' lang='lat' dir='ltr'>ad</span> <span class='ocrx_word' id='word_1_268' title='bbox 1639 4042 1785 4118; x_wconf 86' lang='lat' dir='ltr'>hoe,</span> <span class='ocrx_word' id='word_1_269' title='bbox 1819 4051 1892 4105; x_wconf 90' lang='lat' dir='ltr'>ut</span> <span class='ocrx_word' id='word_1_270' title='bbox 1937 4042 2209 4106; x_wconf 87' lang='lat' dir='ltr'>reducat</span> <span class='ocrx_word' id='word_1_271' title='bbox 2254 4041 2482 4106; x_wconf 89' lang='lat' dir='ltr'>oculos</span> <span class='ocrx_word' id='word_1_272' title='bbox 2529 4042 2613 4104; x_wconf 91' lang='lat' dir='ltr'>ad</span> <span class='ocrx_word' id='word_1_273' title='bbox 2660 4042 2859 4105; x_wconf 88' lang='lat' dir='ltr'>situm</span> <span class='ocrx_word' id='word_1_274' title='bbox 2906 4061 3063 4104; x_wconf 93' lang='lat' dir='ltr'>con-</span> 
     </span>
     <span class='ocr_line' id='line_1_32' title="bbox 761 4143 3064 4230; baseline 0 -23"><span class='ocrx_word' id='word_1_275' title='bbox 761 4143 1039 4207; x_wconf 89' lang='lat' dir='ltr'>similem</span> <span class='ocrx_word' id='word_1_276' title='bbox 1087 4154 1415 4225; x_wconf 90' lang='lat' dir='ltr'>quatenus</span> <span class='ocrx_word' id='word_1_277' title='bbox 1470 4165 1602 4211; x_wconf 90' lang='lat' dir='ltr'>non</span> <span class='ocrx_word' id='word_1_278' title='bbox 1649 4157 1840 4222; x_wconf 91' lang='lat' dir='ltr'>erret,</span> <span class='ocrx_word' id='word_1_279' title='bbox 1884 4157 1958 4210; x_wconf 92' lang='lat' dir='ltr'>ut</span> <span class='ocrx_word' id='word_1_280' title='bbox 2004 4147 2325 4210; x_wconf 89' lang='lat' dir='ltr'>unitatem</span> <span class='ocrx_word' id='word_1_281' title='bbox 2373 4147 2464 4209; x_wconf 87' lang='lat' dir='ltr'>rei</span> <span class='ocrx_word' id='word_1_282' title='bbox 2510 4146 2720 4230; x_wconf 88' lang='lat' dir='ltr'>possit</span> <span class='ocrx_word' id='word_1_283' title='bbox 2766 4165 3064 4227; x_wconf 87' lang='lat' dir='ltr'>compre·</span> 
     </span>
     <span class='ocr_line' id='line_1_33' title="bbox 459 4248 3064 4334; baseline 0 -24"><span class='ocrx_word' id='word_1_284' title='bbox 459 4266 555 4310; x_wconf 64' lang='lat'>·..1.-:÷.</span> <span class='ocrx_word' id='word_1_285' title='bbox 585 4280 637 4312; x_wconf 62' lang='lat' dir='ltr'>or</span> <span class='ocrx_word' id='word_1_286' title='bbox 760 4249 1067 4312; x_wconf 78' lang='lat' dir='ltr'>bendere.</span> <span class='ocrx_word' id='word_1_287' title='bbox 1160 4248 1253 4313; x_wconf 89' lang='lat' dir='ltr'>Et</span> <span class='ocrx_word' id='word_1_288' title='bbox 1307 4249 1457 4313; x_wconf 91' lang='lat' dir='ltr'>licet</span> <span class='ocrx_word' id='word_1_289' title='bbox 1511 4250 1741 4314; x_wconf 88' lang='lat' dir='ltr'>oculus</span> <span class='ocrx_word' id='word_1_290' title='bbox 1796 4251 1964 4315; x_wconf 91' lang='lat' dir='ltr'>bene</span> <span class='ocrx_word' id='word_1_291' title='bbox 2015 4251 2103 4316; x_wconf 89' lang='lat' dir='ltr'>sit</span> <span class='ocrx_word' id='word_1_292' title='bbox 2161 4253 2589 4334; x_wconf 90' lang='lat' dir='ltr'>compositus,</span> <span class='ocrx_word' id='word_1_293' title='bbox 2636 4249 3064 4312; x_wconf 90' lang='lat' dir='ltr'>nihilominus</span> 
     </span>
     <span class='ocr_line' id='line_1_34' title="bbox 551 4351 3066 4439; baseline -0 -24.026"><span class='ocrx_word' id='word_1_294' title='bbox 551 4370 559 4374; x_wconf 84' lang='lat'>·</span> <span class='ocrx_word' id='word_1_295' title='bbox 760 4363 983 4415; x_wconf 88' lang='lat' dir='ltr'>tamen</span> <span class='ocrx_word' id='word_1_296' title='bbox 1030 4351 1272 4415; x_wconf 89' lang='lat' dir='ltr'>accidit</span> <span class='ocrx_word' id='word_1_297' title='bbox 1320 4354 1671 4435; x_wconf 82' lang='lat' dir='ltr'>multiplex</span> <span class='ocrx_word' id='word_1_298' title='bbox 1716 4355 2272 4439; x_wconf 87' lang='lat' dir='ltr'>impedimentum</span> <span class='ocrx_word' id='word_1_299' title='bbox 2319 4376 2407 4417; x_wconf 85' lang='lat' dir='ltr'>ex</span> <span class='ocrx_word' id='word_1_300' title='bbox 2454 4354 2662 4417; x_wconf 91' lang='lat' dir='ltr'>nimio</span> <span class='ocrx_word' id='word_1_301' title='bbox 2706 4353 2923 4416; x_wconf 87' lang='lat' dir='ltr'>calore</span> <span class='ocrx_word' id='word_1_302' title='bbox 2961 4352 3066 4415; x_wconf 90' lang='lat' dir='ltr'>vel</span> 
     </span>
     <span class='ocr_line' id='line_1_35' title="bbox 763 4455 3067 4541; baseline 0 -23"><span class='ocrx_word' id='word_1_303' title='bbox 763 4455 1023 4540; x_wconf 84' lang='lat' dir='ltr'>frigore,</span> <span class='ocrx_word' id='word_1_304' title='bbox 1078 4459 1437 4521; x_wconf 88' lang='lat' dir='ltr'>secundum</span> <span class='ocrx_word' id='word_1_305' title='bbox 1496 4462 1678 4541; x_wconf 92' lang='lat' dir='ltr'>quod</span> <span class='ocrx_word' id='word_1_306' title='bbox 1741 4460 2044 4523; x_wconf 91' lang='lat' dir='ltr'>homines</span> <span class='ocrx_word' id='word_1_307' title='bbox 2095 4470 2275 4524; x_wconf 88' lang='lat' dir='ltr'>stant</span> <span class='ocrx_word' id='word_1_308' title='bbox 2331 4458 2719 4524; x_wconf 89' lang='lat' dir='ltr'>multotiens</span> <span class='ocrx_word' id='word_1_309' title='bbox 2779 4458 2846 4521; x_wconf 90' lang='lat' dir='ltr'>in</span> <span class='ocrx_word' id='word_1_310' title='bbox 2905 4457 3067 4521; x_wconf 91' lang='lat' dir='ltr'>locis</span> 
     </span>
    </p>
   </div>
   <div class='ocr_carea' id='block_1_9' title="bbox 1811 4622 2055 4684">
    <p class='ocr_par' dir='ltr' id='par_1_9' title="bbox 1811 4622 2055 4684">
     <span class='ocr_line' id='line_1_36' title="bbox 1811 4622 2055 4684; baseline -0.004 -10"><span class='ocrx_word' id='word_1_311' title='bbox 1811 4624 1831 4654; x_wconf 83' lang='lat'><strong>¹</strong></span> <span class='ocrx_word' id='word_1_312' title='bbox 1864 4622 2055 4684; x_wconf 73' lang='lat' dir='ltr'>caroJ.</span> 
     </span>
    </p>
   </div>
  </div>
 </body>
</html>
