3542 5359
377 639 420 700 90
609 623 764 682 OPERIS
788 621 977 692 MAJORIS
1001 621 1115 680 PARS
1140 620 1311 694 QUINTA.

378 786 578 852 circulariter
602 786 736 850 moveri.
783 785 828 849 Et
851 785 1026 849 Avicenna
1047 786 1146 850 tertio
1167 788 1210 850 de
1233 783 1448 849 Animalibus
1470 786 1529 846 dat

379 911 494 954 causas
505 903 572 955 tres
587 913 606 954 a
623 901 716 972 parte
731 890 961 974 dispositionis
977 889 1066 953 nervi
1082 890 1268 953 communis
1284 900 1317 954 et
1332 889 1428 969 oculi,
1438 889 1529 972 quod

380 1015 483 1058 unum
500 1004 610 1077 potest
624 994 727 1058 videri
743 992 846 1078 plura.
885 994 976 1056 Nam
991 994 1111 1057 humor
1122 994 1255 1070 vitreus,
1267 994 1323 1077 qui
1340 994 1531 1058 extenditur

380 1101 422 1163 ab
443 1098 540 1163 oculo
563 1099 605 1162 ad
626 1118 761 1162 nervum
781 1118 1000 1176 communem,
1016 1108 1050 1162 et
1071 1098 1204 1181 spiritus
1219 1098 1365 1172 visibilis,
1380 1097 1437 1181 qui
1457 1095 1529 1160 fluit

379 1225 399 1266 a
421 1224 519 1268 sensu
542 1203 712 1268 communi
734 1203 767 1264 in
791 1222 928 1267 nervum
951 1222 1163 1266 communem
1186 1213 1220 1266 et
1240 1203 1273 1266 in
1294 1203 1437 1277 oculum,
1452 1212 1529 1265 sunt

378 1308 512 1372 subtilia
531 1327 669 1390 corpora
687 1318 721 1371 et
737 1307 874 1370 mobilia
893 1305 1045 1383 multum,
1059 1317 1092 1370 et
1109 1307 1184 1370 ideo
1199 1309 1242 1371 de
1258 1304 1344 1372 facili
1361 1317 1531 1372 mutantur

379 1433 399 1475 a
418 1413 483 1476 situ
498 1433 569 1485 suu,
585 1422 619 1476 et
634 1411 697 1474 hoc
713 1420 823 1494 potest
839 1430 911 1474 esse
926 1410 978 1474 vel
995 1413 1176 1474 secundum
1200 1413 1355 1475 dextrum
1379 1421 1413 1474 et
1436 1411 1530 1474 sinis·

379 1527 478 1594 trum,
493 1515 545 1580 vel
561 1516 743 1579 secundum
759 1526 838 1579 ante
854 1524 887 1578 et
903 1526 999 1579 retr0.
1038 1514 1138 1597 Quod
1154 1515 1182 1578 si
1199 1516 1232 1579 in
1248 1537 1348 1580 nervo
1363 1514 1529 1578 communi

379 1619 532 1684 vacillent
558 1621 741 1684 secundum
764 1620 922 1682 dextrum
946 1630 981 1683 et
1005 1619 1172 1683 sinistrum
1197 1630 1274 1684 tunc
1297 1622 1422 1704 species
1444 1620 1531 1683 duae

380 1745 465 1806 quae
480 1724 616 1788 veniunt
630 1725 674 1787 ab
690 1723 794 1787 oculis
809 1724 941 1788 duobus
956 1743 1021 1786 non
1036 1732 1176 1807 possunt
1192 1723 1249 1806 figi
1270 1725 1302 1787 iu
1317 1724 1435 1788 eodem
1456 1723 1530 1789 loco

380 1827 470 1892 nervi
485 1828 680 1905 communis,
693 1830 751 1892 sed
769 1849 832 1891 una
847 1828 939 1892 cadit
954 1827 985 1890 in
1003 1830 1171 1906 dextrum,
1183 1839 1216 1892 et
1231 1827 1296 1893 alia
1308 1829 1341 1892 in
1352 1829 1531 1906 sinistrum,

380 1942 414 1996 et
429 1934 477 1997 sic
492 1935 579 1997 duae
594 1942 765 2015 apparent,
781 1943 816 1996 et
836 1941 969 2016 oportet
991 1933 1082 2015 quod
1106 1954 1157 1995 res
1179 1953 1242 1997 una
1265 1933 1415 1997 videatur
1436 1933 1531 1996 duae.

381 2035 541 2101 Similiter
570 2038 597 2100 si
626 2036 779 2101 vacilleut
809 2039 991 2100 secundum
1022 2048 1100 2101 ante
1129 2044 1164 2100 et
1193 2047 1289 2114 retro,
1318 2037 1438 2119 figetur
1466 2057 1530 2100 una

379 2141 525 2205 anterius
540 2152 574 2204 et
594 2139 717 2222 reliqua
738 2141 910 2222 posterius,
928 2152 963 2204 et
985 2140 1061 2204 ideo
1083 2141 1170 2205 duae
1191 2142 1368 2205 distinctae
1390 2161 1530 2225 appare·

379 2246 471 2308 bunt.
519 2245 563 2309 Et
590 2246 724 2327 quando
749 2255 888 2328 uterque
910 2255 1021 2308 motus
1041 2245 1161 2309 accidit
1183 2246 1243 2309 erit
1268 2254 1378 2308 motus
1399 2245 1530 2330 speciei,

380 2349 466 2413 sicut
480 2349 619 2430 vertigo,
635 2358 668 2412 et
684 2350 857 2432 apparebit
874 2369 926 2412 res
940 2349 1093 2413 vacillare
1106 2349 1287 2413 secundum
1304 2351 1389 2414 duos
1402 2351 1493 2413 situs.

424 2452 573 2516 Tertiam
595 2472 728 2516 causam
751 2453 900 2534 assignat
922 2455 965 2516 de
988 2475 1091 2529 uvea;
1124 2473 1210 2536 quae
1233 2453 1276 2516 de
1298 2453 1384 2517 sacili
1408 2453 1532 2537 recepit

383 2565 519 2621 motum.
578 2556 665 2618 Nam
692 2577 750 2638 per
776 2566 904 2620 motum
931 2557 1105 2639 spirituum
1129 2567 1163 2621 et
1189 2557 1331 2620 calorem
1356 2559 1475 2622 sortem
1498 2565 1532 2620 et

383 2662 535 2738 multum,
559 2670 671 2744 potest
703 2661 840 2725 interius
870 2661 1011 2740 concuti,
1036 2670 1139 2743 atque
1167 2681 1227 2744 per
1255 2673 1414 2726 conatum
1444 2661 1531 2726 oculi

380 2766 548 2843 dilatatur,
573 2776 606 2831 et
633 2786 693 2849 per
721 2787 818 2831 suum
849 2787 986 2830 nervum
1017 2787 1061 2830 ex
1092 2787 1158 2848 quo
1187 2768 1400 2848 componitur
1423 2779 1532 2850 potest

380 2870 512 2936 dilatari
533 2870 585 2935 vel
606 2872 779 2954 comprimi
801 2872 984 2934 secundum
1002 2872 1093 2954 quod
1111 2891 1230 2934 nervus
1252 2870 1307 2935 ille
1328 2872 1534 2936 contrahitur

381 2974 434 3038 vel
463 2976 673 3039 distenditur.
727 2976 840 3040 Potest
872 2976 975 3039 etiam
1008 2976 1156 3039 exterius
1185 2974 1315 3039 concuti
1344 2997 1388 3038 ex
1419 2977 1533 3038 multis

382 3079 619 3157 occasionibus,
644 3089 681 3142 ut
706 3081 841 3160 quando
865 3080 989 3162 digitus
1018 3079 1208 3162 comprimit
1232 3099 1349 3141 uveam
1375 3079 1429 3142 vel
1459 3079 1534 3143 aliis

384 3181 500 3258 modis,
515 3191 549 3245 et
566 3203 623 3264 per
638 3181 697 3245 has
713 3184 943 3246 concussiones
965 3183 1143 3266 aliquando
1164 3191 1310 3247 mutatur
1331 3183 1479 3246 foramen
1499 3182 1532 3245 in

383 3285 554 3361 directum,
569 3286 748 3368 aliquando
763 3287 795 3349 in
814 3287 996 3369 obliquum,
1012 3296 1047 3349 et
1068 3286 1150 3350 haec
1170 3287 1310 3349 variatio
1332 3296 1444 3368 potest
1465 3285 1534 3350 fieri

383 3391 499 3453 inuno
515 3390 613 3453 oculo
629 3400 662 3452 et
681 3410 748 3453 non
764 3389 821 3454 fiet
844 3391 877 3454 in
899 3391 974 3470 alio,
990 3400 1049 3454 aut
1072 3392 1104 3454 in
1127 3390 1290 3454 ambobus
1312 3389 1416 3454 oculis
1438 3391 1533 3454 simul

384 3491 451 3564 fiet,
468 3494 527 3556 sed
549 3493 684 3556 diversis
705 3493 820 3558 modis.
866 3492 1080 3576 Quapropter
1102 3494 1173 3577 ipsa
1194 3493 1319 3577 species
1339 3493 1534 3585 diversifica·

384 3596 473 3658 bitur
489 3597 521 3658 in
539 3604 676 3677 utroque
698 3595 794 3659 oculo
816 3606 849 3660 et
872 3618 932 3679 per
953 3617 1158 3678 consequens
1179 3597 1212 3659 in
1235 3617 1335 3660 nervo
1356 3598 1535 3676 communi,

384 3709 421 3762 ut
444 3699 550 3782 major
571 3699 623 3762 vel
647 3700 754 3763 minor
777 3709 938 3782 appareat
961 3721 1012 3763 res
1034 3710 1067 3763 et
1090 3700 1225 3784 species,
1248 3711 1282 3764 et
1307 3701 1352 3764 sic
1375 3701 1534 3783 majorem

384 3804 493 3866 locum
518 3804 551 3866 in
575 3823 674 3866 nervo
697 3805 864 3867 communi
888 3825 953 3868 una
975 3805 1101 3887 species
1124 3803 1259 3867 habebit
1282 3824 1381 3886 quam
1406 3805 1479 3881 alia,
1502 3812 1536 3868 et

386 3908 461 3971 ideo
480 3928 530 3970 res
545 3927 631 3988 quae
646 3916 697 3969 est
714 3929 778 3970 una
793 3908 960 3972 videbitur
976 3908 1154 3991 duplicata.

217 4021 316 4102 trouble
431 4011 563 4075 Praeter
577 4011 691 4075 omnia
705 4033 789 4094 quae
805 4013 895 4077 dicta
914 4022 990 4076 sunt
1010 4015 1053 4076 de
1073 4013 1136 4076 hoc
1155 4012 1246 4095 quod
1270 4032 1372 4075 unum
1387 4012 1537 4075 videatur

215 4103 332 4138 ΨΜ
385 4118 462 4195 duo,
477 4125 553 4179 sunt
570 4115 679 4179 adhuc
699 4136 794 4179 casus
814 4116 936 4180 diversi
955 4117 1119 4180 naturales
1141 4135 1216 4182 cum
1240 4117 1307 4179 suis
1328 4117 1444 4179 causis.
1492 4115 1537 4179 Et

214 4153 372 4298 ssyffigqgh
384 4221 504 4285 accidit
539 4239 618 4303 ergo
653 4220 830 4301 aliquando
857 4221 948 4302 quod
981 4219 1100 4283 humor
1134 4231 1312 4284 extraneus
1344 4217 1537 4300 coagulatur

216 4285 371 4410 prumano?
385 4324 470 4390 inira
482 4344 599 4388 uveam
613 4325 697 4388 inter
707 4324 880 4406 glacialem
895 4335 929 4388 et
941 4322 1103 4401 foramem
1121 4335 1154 4388 et
1166 4324 1344 4407 aliquando
1355 4344 1376 4387 a
1387 4321 1537 4407 superius

216 4415 329 4480 debitny.
385 4430 429 4493 ad
452 4428 583 4492 inferius
607 4430 788 4492 secundum
812 4429 1063 4512 longitudinem,
1081 4429 1260 4511 aliquando
1283 4449 1327 4492 ex
1349 4437 1537 4493 transverso

386 4535 566 4598 secundum
582 4532 805 4608 latitudinem,
820 4533 1001 4615 aliquando
1016 4532 1217 4598 circulariter
1223 4554 1232 4612 ;
1254 4543 1289 4596 et
1303 4533 1350 4596 ita
1368 4530 1404 4596 fit
1419 4531 1538 4596 divisio

386 4635 541 4722 glacialis,
563 4645 600 4700 ut
620 4637 734 4701 videat
756 4658 814 4722 per
837 4647 949 4721 partes
969 4657 1047 4702 suas
1068 4638 1215 4702 diversas
1237 4637 1378 4701 eandem
1403 4657 1482 4714 rem,
1504 4645 1538 4700 et
