3542 5359
383 601 443 681 468
649 591 911 655 MULTIPLICA
919 593 987 651 ΠΟ
1012 588 1267 651 SPECIERUM.

383 784 505 847 corpus
528 761 710 826 secundum
737 757 780 821 sit
802 755 965 830 subtilius,
988 763 1067 817 tunc
1091 753 1235 816 incessus
1258 760 1368 814 rectus
1391 745 1429 810 lit
1453 746 1540 809 inter

384 866 687 952 perpendicularem
714 859 902 926 ducendam
930 880 949 920 a
975 858 1047 920 loco
1075 855 1243 921 fractionis
1264 865 1300 918 et
1323 854 1407 916 inter
1429 852 1538 933 ipsam

814 963 1018 1038 fractionem,
1031 972 1068 1025 ut
1080 961 1141 1023 hic.
1167 960 1213 1022 Et
1223 959 1256 1023 in
1270 958 1357 1022 hanc
1369 953 1536 1039 duplicem

814 1065 1020 1143 fractionem,
1040 1064 1253 1128 Ptolemaeus
1276 1063 1394 1146 quinto
1409 1061 1452 1124 de
1467 1057 1536 1121 As-

814 1171 975 1253 pectibus,
988 1184 1021 1234 et
1036 1168 1190 1232 Alhazen
1206 1168 1403 1251 septimo,et
1419 1182 1536 1227 omnes

813 1275 1032 1348 concordant;
1048 1294 1108 1337 nec
1118 1282 1228 1356 potest
1239 1271 1334 1334 aliter
1346 1277 1534 1349 esse,atque

813 1378 957 1461 probant
995 1379 1059 1443 hoc
1097 1399 1156 1462 per
1192 1378 1418 1446 instrumenta,
1446 1392 1534 1454 quae

813 1484 935 1548 docent
955 1483 1000 1545 ibi
1022 1483 1154 1566 figurari
1177 1482 1219 1545 ad
1242 1481 1316 1553 hoc,
1332 1489 1368 1542 ut
1382 1478 1536 1542 videatur

811 1585 1010 1651 sensibiliter
1033 1587 1205 1669 quomodo
1232 1585 1427 1667 franguntur
1449 1581 1534 1644 radii

812 1711 878 1754 non
910 1691 1207 1774 perpendiculares.
1269 1686 1428 1752 Similiter
1457 1705 1535 1766 pro-

812 1795 893 1858 bant
935 1796 995 1858 has
1031 1795 1207 1860 fractiones
1249 1812 1308 1875 per
1344 1810 1460 1855 causas
1498 1799 1534 1853 et

812 1899 1050 1984 experimenta.

212 2015 352 2094 thesaure
530 2066 551 2114 F
614 2069 631 2115 8
865 2003 1011 2069 Causam
1057 2015 1169 2069 autem
1217 2003 1315 2084 hujus
1364 1999 1533 2064 fractionis

210 2081 364 2197 pgtrleppnon
552 2081 639 2126 ¹⁰·7·
810 2109 981 2193 assignant
1006 2129 1064 2191 per
1086 2110 1160 2186 hoc,
1176 2110 1268 2190 quod
1292 2126 1386 2172 casus
1408 2103 1532 2186 speciei

210 2213 350 2264 retractior.
381 2208 659 2290 perpendicularis
694 2210 789 2276 sortis
826 2224 888 2291 est,
922 2214 1006 2277 sicut
1043 2223 1139 2296 patet
1175 2213 1205 2275 in
1243 2211 1355 2294 lapide
1391 2210 1534 2272 cadente

380 2315 545 2387 deorsum,
569 2314 596 2377 si
620 2335 686 2377 non
711 2316 903 2398 obliquatur
924 2319 996 2400 ejus
1019 2339 1122 2394 casus,
1147 2328 1183 2380 ut
1205 2317 1232 2379 si
1254 2315 1372 2399 aliquis
1392 2313 1532 2397 impedi·

378 2418 462 2482 verit
489 2439 600 2482 casum
625 2421 930 2502 perpendicularem
959 2433 993 2486 et
1020 2422 1133 2487 lecerit
1159 2421 1304 2504 lapidem
1329 2419 1462 2484 deviare
1487 2419 1532 2482 ab

379 2521 506 2586 incessu
531 2524 802 2606 perpendiculari,
827 2526 1039 2590 manifestum
1063 2537 1113 2590 est
1137 2526 1243 2590 sensui
1271 2525 1361 2606 quod
1387 2520 1533 2586 debilem

378 2625 478 2689 saciat
505 2628 780 2709 penetrationem.
827 2630 926 2694 Unde
950 2631 1051 2694 homo
1074 2632 1195 2695 cadens
1217 2626 1533 2712 perpendiculariter

379 2730 421 2793 ab
437 2729 507 2794 alto
522 2733 662 2796 moritur
671 2755 714 2796 ex
724 2753 812 2797 casu.
844 2733 945 2816 Quod
961 2735 988 2798 si
1003 2735 1120 2817 aliquis
1136 2733 1237 2818 pellat
1253 2753 1329 2796 eum
1345 2733 1389 2796 ab
1405 2732 1532 2795 incessu

379 2844 470 2899 recto
486 2836 564 2899 dum
581 2838 688 2914 cadat,
703 2849 866 2920 quatenus
882 2837 1025 2902 declinet
1045 2839 1088 2902 ab
1108 2839 1235 2903 incessu
1258 2834 1532 2921 perpendiculari,

377 2939 531 3004 salvatur.
577 2939 738 3004 Similiter
753 2942 837 3005 ensis
852 2942 903 3004 vel
920 2945 1052 3018 securis,
1068 2943 1121 3006 vel
1136 2943 1225 3006 aliud
1242 2951 1356 3005 natum
1373 2941 1531 3012 scindere,

376 3044 403 3107 si
419 3054 553 3126 aptatur
567 3066 587 3108 a
604 3066 702 3109 manu
720 3047 930 3128 percutientis
946 3046 1261 3130 perpendiculariter
1275 3066 1375 3130 super
1394 3044 1532 3128 lignum,

376 3159 530 3231 penetrat
549 3159 584 3212 et
598 3151 717 3215 dividit
732 3149 836 3227 illud;
867 3152 895 3215 si
917 3151 1060 3234 oblique,
1077 3162 1157 3217 tuuc
1171 3151 1224 3214 vel
1241 3171 1306 3214 non
1322 3150 1460 3224 scindet,
1477 3149 1529 3212 vel

377 3252 486 3315 minus
514 3253 613 3336 longe
641 3275 742 3336 quam
773 3256 910 3336 quando
940 3253 1001 3319 suit
1031 3253 1321 3338 perpendicularis.
1367 3252 1468 3335 Quod
1502 3255 1531 3316 si

376 3376 495 3439 corpus
532 3359 691 3439 recipiens
729 3379 798 3422 rem
837 3360 1013 3422 cadentem
1056 3358 1369 3442 perpendiculariter
1407 3357 1531 3422 resistit

376 3460 521 3536 omnino,
553 3471 630 3524 tunc
660 3483 710 3524 res
741 3465 862 3528 cadens
894 3463 1209 3546 perpendiculariter
1239 3464 1360 3526 rediret
1393 3471 1531 3544 propter

376 3565 520 3628 incessus
552 3563 777 3630 fortitudinem
810 3567 842 3629 in
872 3570 1013 3632 eandem
1043 3569 1132 3630 viam
1164 3589 1222 3651 per
1254 3587 1356 3649 quarn
1385 3565 1531 3642 incessit,

375 3668 460 3732 sicut
475 3670 518 3732 de
533 3669 601 3752 pila
620 3669 711 3752 jacta
728 3672 771 3734 ad
796 3672 955 3753 parietem
974 3672 1026 3735 vel
1047 3673 1096 3736 ad
1106 3671 1195 3735 aliud
1214 3673 1366 3735 resistens
1382 3669 1530 3733 omnino,

377 3771 423 3835 Et
446 3772 513 3855 pila
535 3774 657 3837 cadens
680 3796 725 3837 ex
749 3775 885 3858 obliquo
908 3777 1040 3840 labetur
1061 3797 1105 3839 ex
1131 3775 1234 3840 altera
1264 3785 1358 3858 parte
1383 3775 1530 3838 incessus

375 3879 654 3960 perpendicularis
690 3881 873 3943 secundum
911 3901 1024 3944 casum
1062 3881 1243 3963 obliquum,
1280 3889 1317 3943 ut
1354 3888 1447 3962 patet
1484 3879 1529 3941 ad

374 4002 517 4060 sensum,
547 3994 581 4047 et
615 4003 680 4046 non
711 3985 831 4046 rediret
864 3985 896 4046 in
929 3985 1017 4048 viam
1047 4005 1114 4067 qua
1149 3985 1238 4048 venit
1270 3994 1404 4066 propter
1433 4003 1531 4046 casus

374 4086 589 4150 debilitatem.
636 4087 877 4169 Experimenta
902 4089 1115 4152 dehiseunt
1139 4087 1276 4152 infinita.

207 4224 287 4288 Every
419 4190 487 4254 Sed
507 4191 711 4273 diaphanurn
732 4211 798 4254 non
816 4192 951 4255 omnino
971 4192 1094 4256 resistit
1116 4193 1235 4274 speciei
1255 4200 1293 4255 ut
1312 4191 1442 4268 redeat3
1464 4189 1532 4256 hoc

206 4291 317 4404 ἔξω
373 4295 461 4357 enim
487 4293 566 4359 lacit
588 4293 695 4358 solum
722 4315 842 4377 corpus
863 4297 1012 4369 densum,
1037 4317 1057 4358 a
1083 4317 1151 4379 quo
1175 4296 1213 4359 lit
1240 4295 1387 4359 reflexio
1434 4293 1531 4377 Qua-

205 4371 346 4471 ruffi?
346 4371 361 4405 ε
373 4410 508 4480 propter
537 4401 664 4481 species
690 4401 822 4462 veniens
847 4420 948 4481 super
972 4400 1176 4482 diaphanum
1201 4401 1423 4481 quodcunque
1453 4419 1531 4480 per·

205 4486 351 4550 mm*
374 4504 489 4567 transit
520 4504 553 4566 in
584 4503 673 4582 illud,
705 4505 775 4566 sive
804 4505 901 4567 cadat
931 4503 1073 4586 oblique,
1103 4504 1173 4567 sive
1204 4502 1532 4586 perpendiculariter.

205 4567 265 4680 ill?
276 4553 304 4600 or
318 4551 360 4602 the
374 4605 442 4672 Sed
458 4628 534 4671 cum
552 4608 832 4690 perpendicularis
847 4609 890 4672 sit
905 4609 1028 4685 sortior,
1040 4617 1073 4672 et
1089 4609 1216 4691 species
1232 4607 1367 4692 obliqua
1376 4607 1531 4688 debilior,
