3542 5359
348 597 408 676 31ss
566 598 722 658 OPERIS
745 597 934 668 MAJORIS
960 598 1074 656 PARS
1098 595 1299 656 SEPTIMA.

755 837 984 905 Carrrucuu
1002 839 1102 904 XIII.

181 1023 337 1074 Isduthan
395 1005 523 1072 Seneca
550 1007 593 1070 de
623 1006 778 1070 remediis
806 1003 1020 1071 fortuitorum
1030 1005 1053 1087 ¹,
1077 1005 1224 1072 Gallioni
1243 1007 1388 1072 scribens
1418 1007 1506 1082 dicit,

181 1089 273 1220 {fflm
285 1155 327 1206 D,
349 1113 357 1141 ⁸
372 1110 536 1192 Morieris,
553 1110 622 1174 Ista
637 1121 687 1174 est
698 1108 845 1175 hominis
854 1120 973 1174 natura
988 1130 1054 1174 non
1068 1131 1184 1195 poena.
1232 1111 1308 1176 Hac
1320 1109 1507 1175 conditione

181 1220 311 1298 Remedio
350 1215 468 1280 intravi
508 1224 544 1279 ut
581 1215 720 1279 exirem.
766 1214 916 1280 Stultum
953 1225 1004 1279 est
1034 1215 1151 1280 timere
1180 1215 1272 1299 quod
1303 1216 1410 1278 vitare
1440 1235 1505 1277 non

181 1288 284 1416 iffi}
350 1319 481 1404 possis.
502 1317 724 1383 ..Morierisz
761 1337 821 1382 nec
859 1317 986 1402 primus
1023 1341 1084 1383 nec
1121 1319 1275 1385 ultimus:
1317 1318 1414 1383 multi
1453 1339 1506 1382 me

182 1420 245 1482 Cap·
260 1431 281 1467 ²·
351 1433 607 1502 antecesserunt,
629 1442 748 1486 omnes
772 1434 976 1505 sequentur.
995 1471 1003 1488 .
1019 1473 1025 1485 .
1043 1423 1101 1487 Me
1121 1425 1231 1489 nescio
1254 1417 1356 1510 [esse]
1383 1422 1506 1487 animal

350 1525 511 1592 rationale
527 1537 561 1591 et
577 1527 741 1593 mortale?

181 1651 282 1714 (ψη.
395 1629 505 1696 ‘Male
527 1631 569 1695 de
590 1641 625 1695 te
648 1631 825 1713 opinantur
854 1628 1015 1694 homines.
1062 1629 1129 1697 Sed
1153 1632 1240 1696 mali.
1288 1631 1387 1694 Nunc
1411 1630 1520 1694 malis·

350 1735 531 1819 displicere,
548 1735 673 1799 laudari
691 1745 749 1799 est
797 1734 875 1798 Non
891 1745 1003 1817 potest
1019 1735 1121 1800 ullam
1137 1737 1369 1801 auctoritatem
1385 1734 1509 1799 habere

350 1840 514 1904 sententia
550 1840 608 1903 ubi
637 1839 694 1922 qui
722 1840 933 1903 damnandus
968 1851 1019 1904 est
1051 1842 1211 1905 damnat.
1231 1838 1373 1905 ..Male
1401 1840 1443 1902 de
1472 1847 1507 1902 te

350 1943 538 2026 loquuntur.
584 1944 746 2023 Moverer,
770 1943 796 2007 si
809 1943 933 2026 judicio
949 1945 1114 2023 facerent3
1137 1964 1224 2008 nunc
1239 1945 1357 2008 morbo
1373 1942 1507 2007 faciunt.

351 2047 430 2110 Non
461 2049 504 2112 de
535 2068 588 2112 me
618 2048 798 2130 loquuntur
829 2049 889 2112 sed
926 2051 967 2114 de
1005 2069 1052 2113 se.
1100 2049 1260 2113 Nesciunt
1290 2047 1375 2112 bene
1407 2046 1506 2130 loqui.

353 2152 493 2216 Faciunt
508 2173 574 2216 non
591 2152 681 2235 quod
699 2173 825 2217 mereor
838 2154 897 2217 sed
914 2155 1004 2235 quod
1020 2152 1128 2218 solent
1145 2202 1152 2217 .
1170 2199 1177 2215 .
1196 2152 1214 2216 .'

394 2255 591 2320 ‘Exulabis
638 2255 759 2322 Erras:
785 2255 945 2322 Omnium
971 2278 1036 2321 una
1060 2268 1111 2321 est
1137 2257 1251 2340 patria.
1297 2257 1374 2320 Non
1400 2255 1507 2339 patria

353 2359 433 2423 mihi
456 2361 663 2424 interdicitur
684 2362 743 2425 sed
765 2358 880 2424 locus³
896 2409 903 2424 .
920 2407 928 2424 .
946 2409 953 2423 .
970 2360 1072 2425 Nulla
1095 2371 1182 2426 terra
1204 2359 1342 2425 exilium
1366 2372 1417 2424 est
1447 2361 1507 2423 sed

351 2465 454 2529 altera
470 2466 577 2548 patria
594 2512 602 2527 .
618 2513 626 2529 .
642 2513 650 2529 .
667 2465 777 2530 Patria
791 2476 842 2530 est
857 2465 1045 2549 ubicunque
1065 2468 1152 2530 bene
1175 2475 1236 2530 est.
1284 2465 1372 2529 Illud
1393 2475 1506 2528 autem

351 2589 413 2653 per
425 2571 516 2651 quod
536 2569 621 2634 bene
641 2577 702 2646 est,
719 2569 753 2634 in
771 2569 906 2634 homine
923 2589 992 2634 non
1016 2570 1049 2633 in
1069 2570 1144 2635 loco
1168 2578 1218 2633 est
1235 2617 1242 2632 .
1260 2615 1268 2630 .
1288 2617 1295 2632 .
1313 2569 1349 2634 Si
1373 2569 1507 2651 sapiens

352 2683 412 2748 est,
428 2673 677 2756 peregrinatur:
701 2673 729 2738 si
744 2673 875 2753 stultus,
892 2671 1027 2738 exulat!

197 2798 238 2843 'at
276 2832 282 2844 .
396 2777 525 2842 ‘Dolor
562 2777 720 2842 imminet.
776 2777 814 2842 Si
852 2779 994 2861 exiguus
1031 2789 1090 2854 est,
1129 2777 1290 2842 seramus:
1336 2777 1416 2841 levis
1456 2786 1508 2840 est

352 2883 523 2967 patientia.
570 2881 607 2946 Si
639 2884 749 2966 gravis
779 2894 838 2960 est,
860 2882 1026 2948 ieramus:
1056 2902 1123 2947 non
1146 2882 1227 2946 levis
1248 2891 1299 2946 est
1330 2881 1507 2964 gloria...

354 2987 448 3051 Dura
470 3008 522 3051 res
544 2998 596 3052 est
618 2987 721 3052 dolor.
768 2987 879 3051 Immo
902 2999 938 3050 tu
964 2987 1082 3050 mollis.
1129 2985 1227 3051 Pauci
1251 2985 1400 3051 dolorem
1424 2985 1508 3049 serre

352 3100 541 3174 potuerunt.
587 3091 700 3155 Simus
715 3111 760 3154 ex
777 3089 910 3172 paucis!

396 3193 599 3277 ‘Paupertas
616 3195 695 3258 mihi
711 3195 822 3278 gravis
837 3206 896 3260 est.
943 3195 1052 3258 Immo
1075 3206 1112 3259 tu
1135 3195 1333 3278 paupertati.
1381 3194 1457 3257 Non
1474 3193 1509 3255 in

351 3307 549 3382 paupertate
578 3298 696 3362 vitium
727 3310 778 3362 est
806 3301 864 3363 sed
904 3299 937 3362 in
973 3319 1128 3381 paupere.
1176 3299 1238 3362 Illa
1267 3299 1427 3381 expedita
1449 3313 1509 3376 est,

258 3389 261 3395 ’
351 3400 476 3478 hilaris,
497 3413 620 3466 tuta..
638 3450 645 3464 .
663 3402 791 3484 Pauper
813 3423 848 3467 es
871 3403 950 3485 quia
972 3403 1102 3468 videris,
1150 3400 1243 3466 Nihil
1265 3405 1361 3468 deest
1382 3403 1509 3467 avibus.

353 3504 478 3569 Pecora
504 3506 537 3569 in
561 3505 650 3570 diem
672 3506 788 3570 vivunt
805 3554 812 3568 .
829 3554 836 3568 .
853 3553 860 3568 .
877 3506 1021 3590 Accepit
1043 3506 1099 3571 ille
1128 3507 1290 3590 grandem
1322 3507 1508 3590 pecuniam.

355 3608 446 3692 Ergo
472 3603 536 3696 [et]
559 3609 820 3692 superbiam...
838 3610 1022 3673 Hominem
1045 3609 1137 3673 illum
1158 3610 1311 3692 judicas?
1335 3610 1426 3674 Arca
1447 3619 1508 3675 est.

353 3711 438 3795 Quis
454 3715 590 3792 aerario,
611 3715 685 3796 quis
708 3713 814 3796 plenis
835 3715 960 3778 invidet
980 3713 1121 3778 loculis?
1144 3713 1254 3798 Quem
1278 3724 1315 3778 tu
1337 3715 1509 3781 dominum

352 3817 509 3881 aestimas
529 3817 689 3899 pecuniae
708 3817 835 3883 loculus
856 3828 916 3881 est.
962 3815 998 3882 Si
1022 3819 1180 3901 prodigus
1203 3828 1255 3882 est
1277 3838 1343 3882 non
1362 3818 1510 3896 habebit,

352 3924 531 4001 siavarus,
556 3923 759 3987 nonhabet.
817 3922 886 3987 lste
913 3943 1013 4006 quem
1044 3932 1081 3986 tu
1115 3923 1242 3987 felicem
1273 3923 1379 3987 credis
1409 3944 1510 4008 saepe

352 4029 453 4109 dolet,
475 4049 575 4111 saepe
597 4028 750 4111 suspirat.
796 4027 898 4092 Multi
922 4026 1013 4092 illum
1032 4027 1242 4092 comitantur.
1288 4027 1356 4091 Mel
1377 4048 1510 4092 muscae

353 4143 544 4216 sequuntur,
582 4134 743 4196 cadavera
775 4131 853 4214 lupi,
887 4131 1089 4195 frumentum
1124 4129 1290 4195 formicae.
1346 4130 1509 4196 Praedam

385 4333 394 4362 ¹
412 4333 476 4382 This
492 4334 597 4382 treutise
614 4333 680 4382 isin
697 4348 714 4381 a
728 4348 793 4394 very
807 4333 984 4395 fmgmentary
1001 4334 1139 4393 condition,
1153 4332 1205 4382 and
1222 4333 1255 4381 its
1273 4332 1445 4394 authenticity
1462 4332 1511 4380 has

353 4413 420 4461 been
432 4412 500 4461 osten
513 4412 635 4461 doubted.
670 4411 765 4472 Haase,
780 4411 910 4471 however,
924 4412 997 4473 gives
1012 4418 1104 4473 strong
1119 4425 1226 4460 reasons
1242 4411 1282 4459 sor
1295 4411 1431 4473 accepting
1446 4411 1465 4460 it
1480 4425 1510 4459 as

354 4489 484 4540 Senecn's.
523 4490 546 4538 lt
558 4491 580 4540 is
592 4497 637 4539 not
649 4491 769 4538 included
781 4490 808 4537 in
821 4489 934 4552 Lipsius’
946 4489 1043 4539 edition
1058 4490 1154 4551 trdus).

386 4569 396 4597 ²
412 4569 533 4618 Contrast
551 4570 595 4618 tbe
614 4569 729 4618 sounder
748 4569 864 4617 doctrine
885 4569 916 4617 ol
933 4569 1047 4627 Danton,
1063 4569 1142 4616 when
1163 4568 1244 4629 urged
1263 4575 1290 4616 to
1311 4569 1360 4617 nee
1379 4567 1445 4617 from
1465 4567 1510 4617 the

353 4645 501 4708 guillotine:
521 4647 592 4697 Does
602 4663 619 4697 a
629 4662 689 4696 man
701 4661 777 4709 carry
788 4646 830 4697 his
841 4654 952 4708 country
964 4654 991 4696 et
1003 4647 1047 4696 the
1059 4647 1114 4696 sole
1125 4645 1155 4695 oi
1163 4647 1204 4695 his
1215 4645 1285 4696 iootl
