3542 5359
181 2341 223 2389 nd

182 2406 311 2468 Helviam,

180 2489 236 2537 cap.
252 2487 290 2524 ιτ.

345 601 406 680 316
559 601 715 661 OPERIS
737 600 927 672 MAJORIS
951 600 1066 660 PARS
1090 600 1288 660 SEPTIMA.

347 768 403 850 qui
426 767 546 830 divites
566 765 654 831 facit.
701 765 768 830 Hic
791 765 825 828 in
847 764 951 830 exilia
973 766 1129 848 sequitur,
1152 776 1186 830 et
1210 765 1242 829 in
1266 763 1499 829 solitudinibus

347 871 545 954 asperrimis,
560 890 636 934 cum
653 879 814 952 quantum
830 870 912 934 satis
932 878 983 934 est
997 869 1192 934 sustinendo
1214 869 1343 952 corpori
1366 869 1499 938 invenit,

347 975 419 1058 ipse
439 974 534 1038 bonis
553 975 620 1037 suis
641 973 789 1038 abundat
810 983 844 1036 et
867 973 1004 1050 fruitur3
1027 974 1168 1056 pecunia
1190 974 1234 1038 ad
1255 975 1401 1037 animum
1420 971 1499 1036 nihil

347 1079 490 1161 pertinet
519 1098 585 1142 non
616 1079 722 1162 magis
754 1099 853 1160 quam
884 1079 928 1142 ad
959 1079 1059 1142 deum
1090 1075 1320 1142 immortalem.
1376 1076 1500 1142 Omnia

349 1184 436 1247 ista.
453 1229 461 1245 .
478 1227 486 1246 .
502 1181 640 1265 lapides,
657 1202 783 1256 aurum,
800 1192 974 1266 argentum
998 1194 1032 1246 et
1055 1182 1167 1266 magni
1192 1201 1379 1246 mensarum
1404 1183 1501 1244 orbes

347 1296 479 1351 terrena
493 1297 572 1350 sunt
586 1286 735 1371 pondera
751 1306 837 1369 quae
853 1305 921 1349 non
939 1295 1050 1369 potest
1070 1307 1182 1350 amare
1201 1287 1347 1351 sincerus
1370 1285 1500 1349 animus

347 1412 387 1455 ac
417 1401 554 1456 naturae
580 1411 660 1454 suae
694 1411 831 1468 memor,
860 1389 942 1456 levis
972 1391 1050 1474 ipse,
1076 1410 1207 1474 expers,
1235 1399 1269 1454 et
1298 1391 1500 1472 quandoque

348 1495 489 1559 emissus
511 1495 608 1560 inerit
630 1496 673 1559 ad
697 1515 828 1558 summa
850 1495 1071 1559 emicatums:
1101 1496 1231 1559 interim
1255 1504 1418 1576 quantum
1441 1512 1502 1575 per

352 1620 462 1664 moras
483 1601 708 1664 membrorum
733 1610 767 1664 et
792 1599 879 1663 hanc
910 1599 1141 1664 circumfusam
1168 1618 1305 1682 gravem
1335 1598 1499 1662 sarcinam

348 1702 434 1783 licet,
450 1703 547 1769 celeri
567 1715 601 1769 et
615 1703 739 1767 volucri
759 1703 965 1786 cogitatione
985 1704 1096 1767 divina
1118 1703 1307 1788 perlustrat.
1352 1703 1502 1785 Ideoque

350 1827 411 1872 nec
433 1806 590 1873 exulare¹
606 1828 752 1891 unquam
771 1819 884 1890 potest
908 1807 1048 1872 liberet
1071 1809 1147 1872 Deo
1169 1817 1330 1890 cognatus
1353 1816 1387 1870 et
1409 1807 1502 1871 omni

351 1914 477 1977 mundo
497 1913 655 1994 omnique
677 1932 761 1977 aevo
783 1932 870 1995 par.
892 1959 899 1973 .
922 1959 929 1973 .
946 1910 1188 1995 Corpusculum
1205 1911 1277 1989 hoc,
1293 1912 1444 1976 custodia
1467 1921 1502 1974 et

349 2016 517 2081 vinculum
540 2017 652 2096 animi,
675 2016 740 2081 huc
763 2025 864 2099 atque
886 2015 963 2079 illuc
983 2015 1139 2098 Jactatur.
1179 2015 1218 2079 ln
1242 2015 1305 2080 hoc
1329 2015 1501 2099 supplicia,

350 2123 382 2184 in
406 2121 470 2184 hoc
493 2120 672 2198 latrocinia,
697 2122 729 2184 in
753 2121 817 2185 hoc
839 2121 948 2185 morbi
972 2129 1188 2196 exercentur3
1215 2119 1345 2185 animus
1366 2121 1501 2203 quidem

350 2225 421 2307 ipse
443 2246 535 2290 sacer
557 2237 592 2289 et
614 2235 767 2290 aeternus
791 2235 849 2299 est,
873 2234 908 2288 et
930 2226 982 2289 cui
1006 2245 1074 2290 non
1096 2225 1202 2307 possit
1223 2223 1309 2306 injici
1330 2222 1467 2289 manus?

395 2377 402 2392 .
422 2379 430 2396 .
449 2376 457 2392 .
475 2329 620 2413 ‘Aspice
641 2339 768 2413 quanto
791 2328 898 2410 major
920 2349 996 2411 pars
1019 2330 1062 2394 sit
1085 2348 1267 2412 pauperum
1291 2348 1375 2410 quos
1398 2326 1503 2391 nihilo

350 2433 483 2498 notabis
505 2434 665 2498 tristiores
694 2433 967 2517 sollicitioresque
992 2433 1170 2497 divitibus:
1197 2433 1300 2497 immo
1326 2432 1436 2496 nescio
1458 2451 1502 2495 an

350 2559 391 2602 eo
414 2537 568 2603 laetiores
590 2538 666 2616 sint,
680 2538 770 2620 quod
793 2539 923 2602 animus
947 2537 1078 2600 illorum
1102 2537 1135 2600 in
1157 2537 1317 2619 pauciora
1331 2534 1502 2619 distringi·

349 2652 465 2708 tur..
490 2685 498 2702 ·
524 2641 581 2706 Me
606 2643 740 2724 quidem
767 2643 920 2725 quotiens
949 2643 993 2707 ad
1015 2641 1153 2725 antiqua
1176 2641 1333 2725 exempla
1359 2639 1503 2722 respexi,

348 2747 554 2831 paupertatis
573 2746 623 2811 uti
640 2745 767 2811 solatiis
788 2745 903 2829 pudet,
919 2746 1078 2827 quoniam
1094 2747 1228 2829 quidem
1249 2766 1290 2809 eo
1310 2755 1501 2828 temporum

349 2851 482 2917 luxuria
497 2851 653 2935 prolapsa
668 2860 727 2926 est,
743 2861 780 2915 ut
796 2849 904 2932 majus
918 2851 1075 2915 viaticum
1091 2849 1228 2914 exulum
1244 2851 1288 2914 sit
1303 2870 1404 2932 quam
1421 2847 1502 2912 olim

349 2955 584 3038 patrimonium
605 2955 791 3039 principum
810 2954 881 3019 luit.
929 2955 1043 3020 Unum
1067 2955 1166 3019 luisse
1186 2953 1338 3018 Homero
1361 2973 1503 3032 servum,

351 3069 416 3123 tres
434 3059 574 3134 Platoni,
589 3059 717 3123 nullum
738 3059 864 3122 Zenoni
882 3079 903 3123 a
918 3079 986 3142 quo
1001 3059 1111 3141 coepit
1133 3057 1322 3123 Stoicorum
1342 3058 1447 3140 rigida
1462 3077 1502 3120 ac

350 3162 449 3225 virilis
477 3162 639 3246 sapientia
672 3159 767 3250 [satis
793 3158 951 3250 constat].
1008 3163 1098 3227 Num
1129 3183 1209 3246 ergo
1239 3163 1414 3245 quisquam
1446 3181 1504 3226 eos

352 3266 468 3331 misere
489 3267 612 3330 vixisse
632 3268 731 3346 dicet,
747 3277 784 3330 ut
805 3287 872 3330 non
895 3268 966 3351 ipse
986 3267 1187 3331 miserrimus
1205 3268 1249 3331 ob
1269 3266 1333 3331 hoc
1349 3265 1504 3331 omnibus

349 3369 540 3435 videaturi'

393 3474 618 3557 ‘Responderi
649 3484 782 3558 potest:
818 3475 908 3560 Quid
939 3475 1116 3542 artificiose
1153 3476 1216 3540 ista
1252 3476 1389 3554 diducis,
1418 3495 1505 3557 quae

349 3578 478 3663 singula
499 3579 651 3642 sustineri
673 3588 821 3662 possunt,
838 3578 960 3645 collata
978 3601 1045 3644 non
1064 3585 1229 3665 possunt?
1275 3581 1506 3645 Commutatio

350 3681 413 3746 loci
427 3680 609 3745 tolerabilis
623 3692 685 3758 est,
700 3683 728 3746 si
744 3692 876 3746 tantum
893 3685 1005 3748 locum
1022 3692 1140 3748 mutes.
1185 3684 1368 3765 Paupertas
1384 3683 1505 3748 tolera-

348 3786 426 3849 bilis
448 3794 510 3865 est,
524 3786 552 3849 si
574 3786 757 3870 ignominia
778 3786 867 3852 absit
890 3809 976 3871 quae
996 3787 1049 3852 vel
1073 3786 1144 3852 sola
1166 3789 1355 3872 opprimere
1377 3789 1506 3853 animos

350 3890 445 3954 solet.
491 3890 663 3956 Adversus
685 3891 773 3956 hunc
795 3892 945 3976 quisquis
968 3913 1023 3956 me
1048 3892 1211 3956 malorum
1236 3894 1334 3957 turba
1357 3893 1507 3968 terrebit,

351 3995 401 4058 his
414 3995 524 4059 verbis
543 3996 704 4059 utendum
726 3996 808 4072 erit;
841 3993 877 4060 Si
897 4006 1014 4061 contra
1037 4016 1139 4061 unam
1164 3996 1351 4079 quamlibet
1375 4007 1504 4080 partem

351 4097 504 4162 fortunae
530 4099 611 4163 satis
641 4099 702 4163 tibi
733 4099 860 4164 roboris
892 4111 953 4178 est,
981 4100 1070 4163 idem
1097 4102 1256 4166 adversus
1285 4121 1403 4165 omnes
1435 4102 1506 4168 erit.

352 4201 439 4266 Cum
455 4202 558 4266 sem'el
569 4203 718 4267 animum
734 4204 838 4268 virtus
853 4205 1062 4284 induraverit,
1074 4205 1219 4288 undique
1234 4203 1506 4269 invulnerabilem

352 4316 520 4387 praestan
554 4307 582 4370 si
611 4307 748 4372 avaritia
780 4316 815 4371 te
846 4307 1018 4383 dimiserit,
1048 4307 1340 4374 vehementissima
1377 4309 1508 4393 generis

351 4408 488 4473 humani
511 4409 627 4493 pestis,
649 4430 775 4475 moram
800 4411 860 4475 tibi
884 4412 1025 4476 ambitio
1047 4432 1114 4476 non
1137 4412 1245 4477 saciet.
1290 4412 1328 4477 Si
1351 4412 1506 4478 ultimum

352 4513 442 4577 diem
465 4535 532 4580 non
555 4515 647 4600 quasi
670 4536 813 4601 poenam
836 4519 895 4581 sed
919 4518 1012 4601 quasi
1032 4527 1172 4583 naturae
1187 4516 1297 4602 legem
1316 4517 1445 4605 aspiciS,
1463 4538 1508 4581 ex

797 4642 807 4673 ¹
823 4645 976 4709 exclarnare,
990 4645 1067 4696 MSS.
