3542 5359
385 591 581 651 MORALIS
605 591 924 650 PHILOSOPHIA:
954 591 1070 651 PARS
1093 592 1243 652 PRIMA.
1333 607 1392 670 241

240 754 400 837 compleri
426 776 485 838 per
508 755 706 820 felicitatem.
752 755 967 840 Quapropter
991 765 1173 838 posuerunt
1195 756 1286 840 quod
1309 757 1394 821 soret

242 858 275 920 in
296 879 443 941 corpore.

287 963 448 1027 Rationes
483 984 562 1027 vero
599 959 633 1027 et
671 965 901 1046 persuasiones
938 962 1211 1046 philosophorum
1249 966 1293 1029 ad
1330 964 1395 1028 hoc

243 1079 320 1132 sunt
343 1068 542 1150 hujusmodi.
587 1068 762 1134 Sciverunt
785 1071 873 1133 enim
896 1069 988 1152 quod
1009 1071 1161 1151 potentia
1183 1070 1248 1134 Dei
1271 1069 1397 1134 infinita

245 1182 306 1250 est,
333 1181 366 1236 et
396 1174 472 1238 ideo
501 1182 612 1255 potest
641 1174 749 1237 facere
777 1175 868 1257 quod
902 1174 991 1238 idem
1025 1194 1145 1256 corpus
1180 1175 1304 1238 redeat.
1351 1175 1397 1238 Et

244 1295 346 1358 agens
369 1278 537 1358 potentiae
559 1276 670 1341 finitae
693 1287 803 1360 potest
823 1277 930 1342 lacere
952 1279 1040 1342 idem
1063 1278 1174 1360 specie
1184 1277 1206 1355 ¹,
1223 1287 1259 1342 ut
1281 1287 1399 1343 natura

245 1383 288 1446 de
310 1403 414 1466 grano
437 1393 594 1465 corrupto
615 1382 693 1446 facit
716 1381 781 1445 alia
805 1401 909 1463 grana
936 1382 1087 1464 ejusdem
1112 1381 1242 1464 speciei.
1287 1382 1399 1465 Quare

247 1486 354 1550 multo
379 1487 493 1550 fortius
523 1507 626 1569 agens
656 1485 803 1549 infinitae
829 1486 1001 1567 potentiae
1031 1487 1154 1569 poterit
1180 1487 1288 1551 facere
1310 1488 1398 1550 idem

247 1611 393 1654 numero.
439 1590 527 1654 Nam
548 1591 701 1672 potentia
719 1589 847 1654 infinita
870 1591 1004 1655 excedit
1026 1590 1155 1654 linitam
1173 1591 1206 1654 in
1226 1590 1400 1654 infinitum.

248 1694 316 1759 Sed
329 1695 503 1778 productio
517 1695 666 1777 ejusdem
683 1695 866 1758 secundum
882 1691 1078 1758 numerum²
1098 1695 1233 1758 excedit
1249 1696 1281 1759 in
1297 1695 1401 1759 inlini-

247 1808 320 1863 tum
346 1799 597 1882 productionem
622 1797 772 1879 ejusdem
798 1799 981 1862 secundum
1012 1799 1169 1882 speciem.
1224 1798 1402 1863 Caeterum

249 1903 447 1970 Aristoteles
473 1904 555 1967 dicit
588 1923 678 1967 nono
705 1901 990 1984 Metaphysicae³,
1012 1903 1104 1985 quod
1131 1923 1175 1966 ex
1206 1913 1337 1968 mortuo
1364 1902 1403 1965 fit

249 2008 360 2072 vivum
380 2009 407 2072 si
423 2008 482 2072 fiat
497 2007 652 2070 resolutio
667 2009 710 2070 ad
727 2009 900 2070 materiam
917 2007 1069 2089 primam.
1115 2007 1201 2072 Cum
1218 2028 1298 2091 ergo
1311 2008 1403 2071 Deus

249 2122 361 2194 potest
382 2112 489 2176 facere
512 2111 597 2175 hanc
624 2109 870 2190 resolutionem,
893 2120 929 2174 ut
954 2111 1090 2192 planum
1118 2121 1178 2190 est,
1200 2121 1311 2194 potest
1334 2110 1404 2173 fieri

252 2217 454 2281 resurrectio.
511 2216 596 2279 Item
628 2236 749 2298 magna
777 2215 948 2298 persuasio
978 2223 1030 2278 est
1060 2216 1156 2279 nobis
1179 2217 1222 2279 de
1245 2215 1405 2298 phoenice

251 2340 317 2403 quo
334 2320 481 2384 resoluto
497 2321 529 2383 in
546 2319 697 2403 pulveres
717 2340 795 2384 suos
816 2319 934 2382 iterum
957 2320 1128 2393 reviviscit,
1144 2329 1178 2383 et
1194 2319 1231 2383 fit
1247 2320 1404 2402 phoenix.

254 2423 320 2489 Sed
355 2424 463 2506 major
499 2434 549 2488 est
585 2424 628 2487 de
661 2443 772 2488 verme
806 2424 864 2506 qui
898 2436 996 2488 natus
1031 2424 1099 2488 cito
1135 2433 1212 2506 post
1248 2424 1405 2502 moritur;

255 2538 289 2593 et
314 2528 432 2591 iterum
460 2528 666 2606 reviviscens,
693 2539 843 2592 remanet
869 2529 1079 2606 immortalis,
1101 2540 1138 2592 ut
1160 2527 1350 2612 philosophi
1373 2539 1407 2591 et

256 2632 360 2696 sancti
384 2642 528 2710 narrant,
550 2632 633 2697 sicut
657 2652 702 2696 ex
725 2631 817 2696 libris
842 2629 1078 2696 Hexa'emeron
1102 2633 1159 2715 qui
1185 2632 1408 2696 determinant

256 2756 359 2819 opera
372 2756 433 2800 sex
451 2737 590 2814 dierum,
605 2738 863 2800 demonstratur.

300 2840 354 2904 De
386 2838 542 2905 felicitate
574 2842 711 2924 quidem
741 2842 876 2906 alterius
902 2842 1000 2916 vitae,
1026 2843 1129 2906 etde
1158 2842 1289 2905 miseria
1312 2840 1407 2904 malis
1420 2851 1512 2901 future

257 2954 454 3028 praeparata
478 2955 610 3028 oportet
634 2946 793 3009 moralem
817 2944 1064 3028 philosophiam
1092 2965 1216 3030 ponere
1244 2946 1408 3028 principia
1420 2914 1562 3048 fflssfe„

259 3058 396 3132 propter
418 3050 481 3112 hoc
503 3051 594 3133 quod
617 3059 745 3115 tactum
768 3049 873 3115 estin
898 3049 1150 3131 Metaphysicis.
1195 3051 1285 3113 Nam
1308 3051 1354 3115 ibi
1377 3051 1411 3113 in

259 3153 444 3232 universali,
476 3155 528 3219 hic
562 3155 594 3218 in
629 3155 818 3237 particulari
847 3155 975 3218 habent
1005 3154 1069 3216 ista
1101 3156 1245 3218 tractari.
1296 3154 1411 3217 Pulcre

259 3260 346 3323 enim
376 3259 599 3324 determinant
633 3258 823 3342 philosophi
859 3279 976 3323 causas
1009 3259 1128 3341 quibus
1157 3259 1358 3343 impedimur
1392 3260 1493 3320 aFour

259 3360 474 3447 cognitione⁴
503 3363 591 3426 vitae
626 3371 800 3441 aetemae3
839 3373 872 3427 et
908 3370 984 3426 sunt
1015 3371 1178 3445 quatuor:
1216 3373 1390 3445 peccatum
1404 3387 1412 3440 ;
1425 3322 1551 3454 xmp

261 3469 438 3551 occupatio
464 3467 550 3531 circa
575 3487 716 3549 corpus;
741 3467 856 3531 mundi
883 3467 1046 3532 sensibilis
1071 3468 1268 3551 amplexus;
1294 3478 1329 3530 et
1354 3454 1570 3569 de·b¹³i¹;‘{2d‘⁵⁵³

261 3570 366 3636 iectus
381 3571 598 3636 revelationis.
636 3571 726 3634 Nam
743 3572 901 3635 revelatio
917 3592 983 3635 non
1001 3582 1051 3636 est
1064 3573 1096 3634 in
1109 3581 1277 3654 potestate
1292 3581 1415 3635 nostra.
1427 3538 1472 3638 hit
1483 3586 1519 3648 by

263 3673 330 3739 Sed
346 3676 389 3738 de
407 3675 611 3758 quaestione,
627 3695 669 3739 an
686 3676 728 3740 sit
744 3677 919 3758 promissio
940 3685 1083 3753 aeterna,
1098 3683 1275 3757 potuerant
1295 3676 1417 3740 habere
1429 3652 1565 3768 ,Affiss‘

263 3780 487 3862 cognitionem
504 3789 541 3844 ut
556 3779 638 3856 dixi,
653 3789 686 3842 et
703 3780 735 3842 in
754 3779 938 3857 universali,
952 3788 1114 3862 quantum
1130 3780 1173 3842 ad
1190 3781 1418 3863 quaestionem

263 3884 344 3966 quid
359 3885 401 3948 sit
413 3883 494 3947 haec
510 3893 544 3946 et
559 3905 645 3967 quae
660 3895 693 3948 et
710 3884 827 3966 qualis.
866 3884 946 3947 Non
958 3894 1071 3954 tamen
1087 3884 1119 3946 in
1133 3885 1321 3967 particulari
1337 3893 1371 3947 et
1385 3885 1419 3946 in

265 3989 397 4072 propria
420 3989 613 4071 disciplina;
640 3997 674 4052 et
696 3986 759 4051 hoc
782 3989 959 4072 praecipue
981 3997 1117 4072 propter
1139 3999 1283 4071 quatuor
1304 4008 1420 4052 causas

264 4112 353 4156 nunc
363 4093 480 4157 dictas.
515 4092 617 4157 Unde
630 4091 802 4157 Avicenna
814 4093 847 4156 in
861 4092 1024 4157 radicibus
1034 4091 1168 4155 moralis
1180 4090 1422 4175 philosophiae,

298 4313 308 4342 ¹
326 4313 359 4362 Et
370 4329 452 4375 agens
464 4349 470 4362 .
483 4351 489 4364 .
503 4314 617 4376 .specie,
629 4327 678 4362 om.
692 4313 724 4364 D.
737 4321 765 4363 et
777 4313 809 4364 Ο.
1002 4311 1013 4341 '
1030 4319 1156 4372 naturam,
1164 4318 1214 4377 pm
1227 4327 1371 4372 numerum,
1385 4311 1422 4361 hi.

299 4395 309 4424 ³
325 4395 382 4444 The
400 4395 533 4446 reference
550 4411 637 4446 seems
654 4403 681 4445 to
697 4397 730 4445 be
747 4403 773 4444 to
790 4395 901 4460 Memph-
917 4395 960 4444 vii.
977 4410 1003 4456 5.
1022 4399 1036 4454 ἦ
1050 4411 1067 4454 4
1083 4393 1131 4444 ὅσα
1144 4393 1175 4455 δὴ
1190 4392 1256 4442 οὕτω
1271 4393 1423 4453 μεταβάλλει

267 4474 300 4524 eir
310 4472 418 4535 ἄλληλα,
432 4475 464 4523 ris
482 4475 528 4537 τὴν
543 4474 605 4538 ὕλην
616 4474 656 4523 δεῖ
667 4474 816 4536 ἐπανελθεῖν,
827 4471 879 4523 οἷον
891 4473 912 4522 ri
924 4473 951 4522 ln
962 4473 1048 4536 ιαροῦ
1059 4470 1127 4537 ζῷον,
1140 4473 1174 4522 dr
1186 4471 1233 4533 mlv
1243 4470 1306 4535 ὕλην
1319 4472 1425 4536 πρῶτον,

265 4550 308 4604 εἶθ’
319 4551 383 4602 chrm
394 4551 463 4616 ζῷον.

300 4633 310 4662 ⁸
326 4632 492 4694 cogitatione,
505 4631 540 4681 u.

311 4723 395 4777 VOL·
413 4725 452 4777 11.
837 4725 862 4774 R
