3542 5359
517 608 717 668 SCIENTIA
744 608 1134 668 EXPERIMENTALIS.
1344 625 1406 687 205

253 781 286 837 et
302 772 408 835 tendit
424 772 467 835 ad
485 781 634 850 mortem,
650 781 728 835 tunc
745 771 833 834 enim
850 771 947 835 timet
962 771 1026 836 sibi
1050 783 1084 836 et
1106 772 1233 855 cogitat
1253 781 1290 836 ut
1307 773 1405 836 valet

254 877 322 941 Sed
339 885 417 940 tunc
433 897 498 941 non
522 885 633 959 potest
653 895 819 960 apponere
837 877 1019 940 remedium
1042 887 1178 960 propter
1199 877 1404 942 debilitatem

251 980 369 1045 virium
390 989 424 1044 et
445 1000 561 1044 sensus
583 991 619 1044 et
641 988 776 1062 propter
798 980 1023 1062 experientiae
1044 981 1221 1044 defectum.
1268 981 1314 1044 Et
1330 983 1405 1046 ideo

254 1094 365 1168 patres
380 1093 643 1167 corrumpuntur,
658 1093 692 1148 et
715 1093 874 1166 generant
892 1083 978 1148 filios
994 1094 1176 1167 corruptos,
1190 1097 1225 1150 et
1244 1085 1405 1151 habentes

253 1188 504 1270 dispositionem
521 1191 564 1253 ad
582 1189 697 1252 mortis
711 1188 966 1253 festinationem.
1012 1189 1058 1251 Et
1080 1189 1201 1252 deinde
1222 1209 1280 1271 per
1295 1189 1405 1254 defec-

252 1301 325 1355 tum
340 1292 509 1376 regiminis
525 1290 582 1354 filii
598 1304 813 1374 corrumpunt
836 1293 971 1376 seipsos,
986 1301 1019 1357 et
1041 1293 1088 1356 sic
1111 1292 1198 1357 filius
1220 1292 1279 1357 filii
1303 1294 1405 1359 habet

252 1397 503 1479 dispositionem
528 1396 649 1460 malam
674 1396 852 1478 duplicem,
875 1406 910 1460 et
932 1397 1032 1460 tertio
1054 1398 1201 1478 seipsum
1224 1399 1406 1482 corrumpit

254 1510 389 1582 propter
409 1500 575 1565 defectum
599 1500 778 1583 regiminis.
825 1501 871 1564 Et
895 1500 942 1565 sic
964 1501 1064 1564 currit
1082 1502 1126 1564 de
1149 1512 1243 1583 patre
1265 1502 1299 1565 in
1321 1501 1407 1567 filios

253 1604 421 1688 corruptio
436 1602 686 1687 complexionis,
703 1624 877 1687 usquequo
893 1603 1058 1669 festinatio
1076 1604 1165 1668 facta
1187 1605 1229 1668 sit
1245 1605 1405 1684 ultiman,

254 1707 337 1772 sicut
352 1709 473 1772 accidit
487 1708 539 1770 his
552 1707 764 1790 temporibus.

299 1811 345 1874 Et
368 1833 433 1875 non
459 1812 567 1876 solum
594 1812 676 1876 haec
700 1831 799 1876 causa
825 1812 1036 1876 accidentalis
1061 1812 1237 1890 invenitur,
1257 1814 1316 1878 sed
1342 1813 1408 1877 alia

254 1937 341 1999 quae
365 1915 516 1981 consistit
542 1916 575 1979 in
603 1915 735 1980 defectu
763 1915 935 1999 regiminis
962 1937 1126 1988 morum„
1149 1918 1293 1981 Peccata
1319 1919 1408 1981 enim

255 2019 430 2087 debilitant
458 2021 544 2084 vires
570 2020 709 2096 animae,
733 2021 780 2084 ita
805 2022 895 2102 quod
923 2020 1090 2104 impotens
1115 2031 1167 2085 est
1192 2024 1236 2087 ad
1261 2023 1408 2104 corporis

255 2126 400 2208 regimen
417 2125 586 2202 naturale;
602 2136 637 2189 et
652 2124 727 2188 ideo
742 2123 958 2189 debilitantur
967 2126 1052 2188 vires
1064 2125 1220 2209 corporis,
1230 2133 1264 2188 et
1272 2127 1405 2190 festinat

254 2231 296 2295 ad
314 2239 474 2306 mortem;
496 2239 531 2293 et
546 2229 629 2292 haec
648 2231 818 2312 corruptio
834 2230 934 2292 currit
956 2250 976 2293 a
999 2238 1093 2310 patre
1114 2230 1156 2293 ad
1181 2228 1295 2307 filium,
1310 2240 1344 2292 et
1360 2231 1407 2294 sic

256 2334 402 2398 ulterius.
444 2333 490 2396 Et
507 2333 583 2397 ideo
598 2333 745 2415 oportuit
761 2341 897 2416 propter
910 2332 971 2396 has
989 2334 1071 2396 duas
1093 2352 1208 2398 causas
1231 2333 1406 2409 naturales,

255 2439 346 2521 quod
370 2437 574 2522 longaevitas
595 2435 740 2501 hominis
761 2457 826 2500 non
845 2447 992 2501 servaret
1011 2438 1161 2502 ordinem
1182 2438 1365 2503 naturalem
1385 2460 1406 2502 a

256 2542 415 2624 principio
430 2566 437 2617 ;
460 2543 519 2606 sed
535 2550 671 2624 propter
685 2541 745 2604 has
760 2542 844 2604 duas
859 2561 974 2605 causas
988 2542 1182 2606 abbreviata
1203 2554 1255 2607 est
1270 2544 1405 2626 longae-

257 2647 341 2711 vitas
354 2646 499 2710 hominis
514 2657 627 2710 contra
647 2656 808 2710 naturam.
855 2645 1029 2709 Praeterea
1050 2648 1148 2710 certis
1170 2647 1407 2730 experimentis

256 2752 434 2832 probatum
451 2761 511 2828 est,
525 2751 616 2833 quod
633 2751 696 2815 ista
710 2749 878 2814 festinatio
894 2750 995 2812 nimia
1015 2758 1067 2813 est
1089 2753 1258 2814 retardata
1275 2750 1407 2832 pluries,

256 2865 290 2920 et
306 2856 509 2939 longaevitas
530 2855 729 2939 prolongata
750 2875 809 2937 per
831 2854 954 2917 multos
976 2874 1083 2918 annos
1104 2875 1164 2935 per
1185 2854 1408 2935 experientias

256 2971 417 3038 secretas3
441 2969 475 3024 et
492 2961 586 3024 multi
598 2959 662 3024 hoc
674 2961 822 3025 scribunt
832 2968 993 3023 auctores.
1025 2960 1164 3042 Propter
1172 2959 1262 3042 quod
1275 2969 1409 3041 oportet

256 3066 346 3149 quod
362 3065 406 3130 sit
424 3065 506 3129 haec
527 3065 630 3128 nimia
651 3063 818 3129 festinatio
839 3061 1062 3143 accidentalis,
1077 3062 1203 3128 habens
1225 3065 1407 3127 remedium

257 3169 423 3251 possibile.

310 3273 491 3356 Postquam
527 3294 607 3338 vero
643 3283 813 3336 ostensum
851 3281 911 3351 est,
948 3272 1040 3354 quod
1077 3292 1178 3338 causa
1218 3271 1408 3355 hujusmodi

257 3377 475 3442 festinationis
512 3387 562 3442 est
599 3376 820 3456 accidentalis,
850 3387 885 3443 et
919 3377 996 3440 ideo
1031 3377 1122 3459 quod
1154 3377 1334 3441 remedium
1364 3377 1408 3442 sit

257 3481 423 3564 possibile,
440 3503 526 3545 nunc
542 3482 642 3546 redeo
657 3483 701 3546 ad
717 3481 780 3546 hoc
795 3481 989 3564 exemplum
1004 3482 1095 3564 quod
1106 3480 1195 3544 volui
1210 3482 1244 3545 in
1259 3482 1408 3545 terminis

258 3586 440 3650 medicinae
470 3585 645 3660 declarare,
672 3586 706 3648 in
733 3607 800 3668 quo
830 3595 980 3668 potestas
1008 3585 1088 3649 artis
1112 3584 1317 3649 medicinalis
1342 3606 1408 3649 non

256 3690 359 3755 habet
388 3691 476 3754 unde
506 3689 682 3772 compleat.
737 3690 804 3754 Sed
827 3712 880 3754 ars
902 3688 1171 3772 experimentalis
1193 3690 1327 3773 supplet
1349 3693 1408 3754 de·

256 3792 380 3859 fectum
395 3795 578 3859 medicinae
597 3795 630 3858 in
650 3793 712 3858 hac
733 3805 836 3879 parte.
883 3795 961 3858 Non
983 3796 1071 3858 enim
1094 3805 1204 3877 potest
1226 3816 1280 3859 ars
1303 3797 1408 3860 medi-

258 3898 372 3963 cinalis
388 3901 449 3963 nisi
465 3900 544 3963 dare
565 3900 710 3982 regimen
729 3900 880 3963 sanitatis
901 3898 1067 3962 sufficiens
1088 3900 1270 3963 secundum
1293 3921 1408 3964 omnes

257 4013 393 4067 aetates.
439 4002 601 4086 Quamvis
618 4005 706 4067 enim
722 4005 764 4068 de
781 4003 956 4067 sufficienti
972 4003 1131 4085 regimine
1149 4023 1266 4066 senum
1285 4004 1407 4067 insuffi-

257 4107 381 4171 cienter
395 4107 496 4172 locuti
511 4119 587 4172 sunt
602 4117 753 4172 auctores
769 4108 849 4182 noti,
859 4108 924 4172 hoc
938 4118 1052 4172 tamen
1067 4107 1129 4170 fuit
1144 4107 1207 4171 arti
1224 4107 1408 4172 medicinae

258 4211 425 4294 possibile.
471 4212 517 4276 Et
542 4212 606 4276 hoc
633 4211 779 4294 regimen
806 4211 961 4276 consistit
986 4211 1021 4275 in
1044 4220 1230 4293 temperato
1253 4231 1315 4275 usu
1341 4213 1406 4276 cibi

258 4327 293 4382 et
311 4327 422 4399 potus,
440 4325 550 4380 motus
573 4325 607 4380 et
629 4317 759 4398 quietis,
782 4317 888 4381 somni
911 4327 946 4381 et
967 4316 1107 4401 vigiliae,
1128 4316 1351 4381 evacuationis
1373 4328 1408 4382 et

257 4421 457 4499 retentionis,
472 4420 558 4484 aeris
580 4429 615 4483 et
636 4421 831 4503 passionum
853 4423 992 4485 animae.
1039 4418 1141 4502 Quod
1156 4421 1184 4483 si
1200 4441 1221 4484 a
1236 4420 1408 4485 nativitate

258 4523 359 4590 homo
381 4525 520 4589 haberet
541 4525 703 4590 sufficiens
727 4526 872 4609 regimen
897 4526 1066 4609 usquead
1089 4523 1188 4588 finem
1212 4525 1308 4599 vitae,
1331 4535 1410 4589 tunc

257 4630 384 4694 veniret
399 4630 442 4694 ad
458 4629 636 4694 terminum
652 4631 740 4696 vitae
755 4651 853 4713 quern
871 4630 964 4695 Deus
979 4640 1013 4695 et
1028 4640 1145 4694 natura
1159 4631 1410 4710 constituerunt,
