3542 5359
384 623 422 682 70
606 606 762 666 OPERIS
787 606 850 665 MA
848 607 976 677 JORIS
1000 605 1115 666 PARS
1140 607 1312 679 QUINTA.

380 772 482 837 virtus
534 780 648 855 ageret
699 770 732 833 in
773 770 889 833 minori
935 788 1036 852 quarn
1081 768 1123 834 sit
1168 770 1304 852 instans,
1347 771 1437 853 quod
1483 780 1534 836 est

382 874 592 959 impossibile.
638 873 706 939 Sed
721 875 822 937 virtus
839 874 934 956 oculi,
950 884 984 938 et
1004 894 1083 938 suae
1098 875 1227 958 speciei,
1243 885 1277 939 et
1296 875 1474 957 cujuslibet
1488 876 1534 939 rei

383 989 514 1044 creatae
528 989 580 1043 est
595 978 696 1042 finita.
743 978 834 1060 Ergo
850 977 940 1041 nulla
955 986 1066 1059 potest
1080 998 1179 1061 agere
1196 979 1230 1041 in
1250 979 1395 1044 instanti.
1441 978 1488 1043 Et
1503 980 1535 1043 in

382 1093 501 1149 octavo
517 1084 733 1167 Physicorum
749 1083 782 1145 in
798 1082 863 1147 fine
878 1082 993 1163 ultimi,
1007 1084 1098 1165 quod
1119 1083 1221 1147 virtus
1241 1082 1333 1148 finita
1353 1092 1387 1147 et
1407 1082 1534 1148 infinita

383 1182 450 1254 non
474 1196 615 1271 possunt
639 1207 737 1270 agere
761 1188 793 1249 in
815 1187 945 1269 aequali
973 1196 1007 1251 et
1030 1188 1148 1251 eadem
1170 1189 1352 1270 duratione,
1377 1189 1533 1269 quoniam

383 1305 462 1358 tunc
484 1300 622 1374 possent
644 1291 768 1355 habere
792 1292 1001 1373 operationes
1023 1292 1191 1373 aequales,
1213 1302 1248 1356 et
1273 1292 1319 1357 sic
1348 1292 1441 1374 ipsae
1470 1293 1534 1356 sibi

383 1398 522 1462 invicem
538 1405 767 1478 aequarentur.
802 1393 868 1460 Sed
882 1396 1050 1479 proprium
1067 1408 1117 1460 est
1132 1396 1261 1459 virtutis
1275 1394 1421 1461 infinitae
1435 1416 1534 1479 agere

385 1504 417 1565 in
432 1501 577 1567 instanti.
616 1500 708 1582 Ergo
722 1500 826 1564 virtus
841 1499 933 1563 finita
948 1520 1016 1564 non
1032 1510 1146 1584 potest
1162 1501 1196 1564 in
1212 1522 1252 1564 eo
1272 1500 1396 1584 aliquid
1418 1499 1535 1581 iacere,

383 1616 588 1689 quapropter
622 1606 655 1667 in
685 1616 847 1687 tempore.
910 1604 995 1670 Item
1025 1604 1110 1670 sicut
1140 1626 1176 1669 se
1205 1604 1307 1669 habet
1337 1605 1462 1669 instans
1491 1605 1534 1670 ad

384 1722 525 1793 tempus,
546 1709 592 1773 sic
616 1718 756 1791 punctus
774 1710 817 1773 ad
846 1707 978 1773 lineam.
1025 1709 1117 1793 Ergo
1143 1709 1370 1792 permutative,
1392 1710 1476 1774 sicut
1499 1730 1535 1774 se

383 1816 485 1879 habet
522 1816 646 1879 instans
683 1816 727 1880 ad
763 1824 933 1897 punctum,
963 1815 1010 1879 sic
1048 1823 1180 1898 tempus
1216 1815 1260 1879 ad
1298 1814 1419 1879 lineam
1432 1836 1440 1894 ;
1476 1816 1535 1879 sed

384 1921 600 2004 pertransitus
633 1920 747 2003 puncti
785 1928 836 1984 est
874 1921 907 1983 in
946 1920 1091 1984 instanti.
1159 1920 1251 2003 Ergo
1287 1920 1395 1983 omnis
1432 1920 1536 1984 lineae

384 2027 600 2108 pertransitus
634 2036 684 2090 est
724 2027 756 2089 in
795 2037 955 2108 tempore.
1022 2025 1116 2109 Ergo
1152 2026 1279 2107 species
1315 2025 1535 2109 pertransiens

384 2130 526 2214 spatium
568 2131 691 2194 lineare
734 2142 1024 2213 quantumcunque
1068 2150 1205 2214 parvum
1250 2130 1460 2212 pertransibit
1501 2129 1535 2192 in

385 2244 543 2319 tempore.
592 2235 676 2298 Item
693 2236 784 2317 prius
799 2245 833 2298 et
849 2236 1010 2319 posterius
1026 2234 1059 2299 in
1079 2236 1188 2317 spatio
1211 2244 1288 2298 sunt
1309 2254 1407 2298 causa
1422 2235 1536 2317 prioris

384 2350 417 2403 et
448 2339 640 2421 posterioris
670 2340 703 2402 in
740 2339 959 2404 translatione
991 2340 1080 2404 saeta
1117 2360 1216 2421 super
1251 2340 1393 2422 spatium
1431 2351 1465 2404 et
1502 2340 1536 2403 in

382 2443 565 2521 duratione,
581 2451 617 2507 ut
633 2440 832 2508 Aristoteles
847 2444 927 2509 dicit
942 2454 1062 2527 quarto
1078 2443 1303 2527 Physicorum.
1350 2443 1442 2525 Ergo
1460 2464 1534 2506 cum

384 2546 526 2629 spatium
556 2566 615 2631 per
644 2548 734 2630 quod
766 2547 868 2612 fertur
898 2548 1026 2630 speeies
1055 2548 1157 2613 habet
1182 2550 1270 2630 prius
1300 2559 1334 2612 et
1364 2550 1534 2630 posterius,

383 2660 516 2736 oportet
539 2652 630 2734 quod
655 2652 829 2718 translatio
849 2651 938 2716 sacta
956 2652 1080 2716 habeat
1099 2653 1189 2736 prius
1207 2664 1241 2717 et
1262 2652 1426 2734 posterius
1445 2654 1479 2716 in
1501 2673 1535 2717 se

381 2766 414 2820 et
429 2777 489 2820 sua
504 2757 698 2821 duratione:
722 2761 781 2821 sed
798 2758 885 2841 prius
908 2766 942 2822 et
962 2758 1127 2841 posterius
1150 2759 1182 2820 in
1204 2758 1375 2821 duratione
1395 2777 1461 2820 non
1485 2769 1536 2822 est

382 2862 444 2924 nisi
464 2862 497 2925 in
517 2870 676 2945 tempore,
699 2864 857 2945 quoniam
878 2863 910 2926 in
933 2862 1068 2927 instanti
1089 2881 1249 2926 essenon
1271 2870 1392 2946 potest.
1438 2861 1484 2926 Et
1508 2862 1535 2926 si

382 2968 512 3030 dicatur
528 2968 618 3048 quod
634 2965 698 3032 hoc
714 2976 764 3030 est
780 2986 894 3032 verum
910 2968 953 3031 de
969 2966 1126 3049 illisquae
1138 2966 1264 3030 habent
1279 2986 1350 3029 esse
1366 2965 1536 3048 corporale

385 3071 416 3132 in
434 3071 554 3150 medio,
562 3090 628 3134 non
645 3071 688 3134 de
703 3072 753 3134 his
769 3091 855 3153 quae
869 3070 995 3135 habent
1009 3090 1082 3135 esse
1096 3070 1275 3153 spirituale,
1283 3078 1320 3132 ut
1331 3069 1383 3133 hic
1395 3068 1536 3153 fingitur,

382 3172 452 3254 jam
479 3183 572 3255 patet
598 3194 658 3256 per
682 3176 851 3257 praedicta
875 3176 965 3258 quod
992 3174 1057 3239 hoc
1081 3173 1163 3238 nihil
1189 3183 1249 3238 est.
1295 3174 1340 3236 Et
1366 3175 1483 3238 iterum
1509 3175 1537 3238 si

385 3276 512 3340 dicatur
526 3276 590 3342 hoc
604 3297 676 3342 esse
691 3298 804 3342 verum
820 3280 863 3343 de
884 3280 936 3343 his
956 3298 1042 3361 quae
1065 3279 1319 3343 commetiuntur
1336 3299 1372 3342 se
1388 3277 1536 3361 partibus

384 3382 491 3463 spatii,
510 3383 601 3464 quod
620 3402 687 3446 non
708 3394 759 3448 est
779 3386 916 3467 species,
931 3394 969 3448 ut
993 3384 1137 3467 fingitur,
1152 3384 1261 3449 adhuc
1281 3382 1360 3446 nihil
1383 3393 1444 3465 est,
1459 3383 1536 3466 quia

386 3485 466 3549 illud
482 3488 664 3550 secundum
683 3507 750 3551 non
769 3489 892 3553 dicitur
906 3489 968 3552 nisi
984 3498 1121 3573 propter
1135 3508 1208 3551 esse
1228 3486 1404 3570 spirituale.
1451 3487 1537 3552 Cum

385 3611 464 3673 ergo
493 3592 619 3675 species
650 3594 695 3656 rei
719 3591 899 3676 corporalis
923 3593 1047 3657 habeat
1070 3613 1185 3656 verum
1211 3612 1282 3656 esse
1306 3592 1477 3674 corporale
1503 3593 1536 3656 in

386 3696 507 3773 medio,
521 3703 555 3758 et
569 3696 612 3760 sit
626 3717 704 3761 vera
721 3718 772 3762 res
788 3698 979 3780 corporalis,
989 3707 1026 3762 ut
1042 3698 1132 3779 prius
1146 3705 1317 3761 ostensum
1333 3706 1392 3774 est,
1404 3706 1537 3780 oportet

384 3799 428 3862 de
451 3800 648 3864 necessitate
670 3802 761 3884 quod
782 3804 824 3867 sit
850 3802 1103 3878 dimensionata,
1118 3810 1152 3865 et
1177 3802 1251 3865 ideo
1277 3798 1537 3864 dimensionibus

387 3903 486 3966 medii
504 3914 666 3987 coaptata

429 4007 606 4072 Caeterum
632 4010 659 4072 si
685 4010 719 4072 in
743 4009 877 4073 instanti
904 4012 1022 4075 eodem
1049 4007 1141 4074 fieret
1164 4029 1223 4093 per
1244 4019 1354 4073 totum
1381 4009 1537 4083 medium,

383 4122 462 4176 tunc
478 4125 565 4177 esset
582 4112 614 4177 in
631 4115 774 4177 termino
789 4135 809 4179 a
823 4136 899 4198 quo,
915 4124 949 4178 et
973 4116 1007 4178 in
1028 4116 1139 4179 medio
1161 4114 1270 4199 spatii,
1285 4124 1319 4177 et
1342 4114 1374 4176 in
1395 4114 1538 4176 termino

384 4218 428 4281 ad
451 4238 560 4300 quem,
582 4218 706 4283 scilicet
729 4217 828 4282 simul
851 4231 886 4285 et
907 4218 1020 4283 semel.
1065 4217 1134 4284 Sed
1152 4217 1216 4283 hoc
1238 4228 1290 4281 est
1312 4215 1538 4299 multipliciter

386 4322 601 4405 impossibile.
649 4322 738 4386 Nam
767 4323 875 4406 primo
899 4324 1047 4407 sequitur
1071 4344 1116 4388 ex
1137 4322 1211 4399 hoc,
1237 4324 1328 4406 quod
1352 4342 1404 4385 res
1427 4332 1539 4386 creata

384 4436 472 4490 esset
502 4425 597 4491 simul
629 4437 662 4492 et
692 4426 794 4491 semel
827 4428 858 4492 in
888 4428 1038 4511 pluribus
1068 4428 1157 4504 locis,
1188 4438 1223 4493 et
1253 4448 1320 4510 qua
1350 4426 1476 4491 ratione
1505 4426 1539 4491 in

383 4530 542 4612 pluribus,
556 4533 658 4597 etiam
675 4532 709 4595 in
726 4531 872 4611 infinitis,
891 4532 976 4598 sicut
997 4534 1088 4617 prius
1105 4532 1257 4597 habitum
1276 4541 1327 4596 est
1343 4532 1376 4594 in
1391 4531 1539 4613 capitulo

383 4635 426 4698 de
443 4636 589 4700 materia.
636 4636 727 4719 Ergo
741 4637 880 4702 haberet
896 4638 1081 4721 potentiam
1100 4636 1259 4701 infinitam
1281 4646 1315 4700 et
1331 4646 1418 4700 esset
1434 4636 1538 4714 DeuS,
