3542 5359
351 610 413 671 204
593 597 748 658 OPERIS
771 598 962 668 MAJORIS
986 599 1102 659 PARS
1121 601 1271 659 SEXTA.

781 829 1003 893 Exsuriuu
1027 828 1072 893 ΙΙ.

1692 947 1707 1022 l

1702 1031 1707 1106 l

182 1002 318 1066 Protongs-
396 985 510 1051 Potest
531 1007 610 1050 vero
634 986 724 1052 aliud
750 988 944 1073 exemplum
969 988 1049 1073 poni
1075 989 1108 1052 in
1131 988 1280 1052 terminis
1307 988 1501 1064 medicinae,

180 1069 337 1186 llblllise.
352 1098 386 1154 et
408 1100 459 1154 est
482 1090 525 1154 de
547 1091 801 1175 prolongatione
824 1092 1112 1168 vitaehumanae,
1137 1093 1193 1155 ubi
1221 1112 1274 1156 ars
1300 1092 1503 1156 medicinalis

352 1194 534 1258 remedium
572 1215 638 1259 non
673 1196 775 1262 habet
805 1197 865 1259 nisi
897 1196 1044 1279 regimen
1074 1196 1235 1262 sanitatis.
1296 1195 1359 1260 Est
1389 1204 1501 1259 autem

351 1296 488 1362 ulterior
505 1298 624 1382 longae
644 1300 733 1364 vitae
753 1301 907 1364 extensio
927 1299 1103 1382 possibilis.
1148 1299 1182 1362 A
1205 1300 1365 1382 principio
1386 1299 1501 1363 mundi

351 1400 412 1467 luit
428 1401 573 1486 magna¹
589 1404 797 1488 prolongatio
816 1403 915 1482 vitae,
931 1405 988 1468 sed
1008 1404 1116 1468 nunc²
1131 1404 1323 1468 abbreviata
1345 1411 1396 1466 est
1416 1400 1502 1465 ultra

352 1508 500 1570 modum.
532 1507 676 1572 Causam
689 1519 800 1573 autem
812 1509 911 1592 hujus
923 1508 1189 1591 prolongationis
1200 1518 1234 1571 et
1246 1505 1503 1571 abbreviationis

351 1611 606 1676 aestimaverunt
629 1612 724 1676 multi
746 1634 817 1677 esse
839 1635 859 1676 a
878 1623 973 1695 parte
995 1613 1089 1675 coeli.
1135 1613 1223 1675 Nam
1240 1611 1502 1674 aestimaverunt

351 1715 442 1796 quod
473 1715 556 1779 coeli
582 1716 754 1800 dispositio
780 1717 878 1781 suerit
909 1717 1038 1801 optima
1067 1737 1087 1779 a
1113 1716 1283 1800 principio,
1311 1726 1346 1780 et
1377 1715 1502 1778 mundo

350 1829 543 1883 senescente
558 1821 671 1884 omnia
685 1821 866 1896 tabescunt,
884 1823 1099 1885 aestimantes
1119 1819 1231 1885 stellas
1252 1818 1352 1882 luisse
1375 1828 1502 1883 creatas

350 1923 384 1986 in
423 1923 503 1987 locis
538 1925 867 1999 convenientioribus,
900 1925 933 1988 in
969 1924 1091 2007 quibus
1125 1923 1241 1988 stellae
1269 1944 1346 1988 suas
1375 1922 1501 1987 habent

350 2026 539 2112 dignitates,
562 2048 648 2110 quac
669 2039 830 2093 vocantur
853 2030 981 2104 domus,
1004 2029 1177 2107 exaltati0,
1198 2027 1380 2110 triplicitas,
1401 2027 1501 2090 iacies

350 2141 383 2194 et
412 2133 584 2207 terminus,
609 2143 642 2196 et
673 2133 706 2195 in
741 2134 867 2197 meliori
898 2135 1113 2217 proportione
1144 2152 1257 2196 earum
1287 2131 1328 2194 ad
1361 2132 1500 2195 invicem

350 2237 528 2299 secundum
545 2236 768 2301 diversitatem
784 2239 998 2321 aspectuum³
1013 2240 1063 2302 vel
1079 2237 1315 2321 projectionem
1333 2236 1500 2299 radiorum

350 2339 558 2420 invisibilem,
579 2351 613 2405 et
639 2342 730 2423 quod
760 2342 802 2405 ab
834 2341 891 2406 illo
919 2351 1009 2407 statu
1040 2342 1201 2425 paulatim
1231 2351 1444 2420 recesserunt,
1465 2351 1500 2404 et

349 2444 531 2508 secundum
554 2445 641 2509 hunc
663 2465 827 2510 recessum
852 2456 982 2528 ponunt
1002 2448 1092 2510 vitae
1113 2446 1373 2510 decurtationem
1396 2465 1501 2527 usque

349 2549 393 2612 ad
418 2548 563 2631 aliquem
587 2549 764 2613 terminum
791 2549 907 2628 fixum,
936 2551 968 2614 in
998 2571 1065 2634 quo
1090 2559 1140 2613 est
1169 2557 1284 2614 status.
1338 2549 1405 2613 Sed
1437 2548 1500 2613 hoc

349 2653 451 2716 habet
478 2654 598 2718 multas
625 2655 903 2720 contradictiones
929 2665 963 2720 et
993 2653 1216 2732 difficultates,
1239 2654 1282 2717 de
1307 2654 1426 2736 quibus
1449 2663 1499 2718 est

350 2759 452 2822 modo
474 2759 660 2823 dicendum.

182 2881 258 2930 Rutes
270 2882 300 2931 or
394 2862 440 2926 Et
454 2863 525 2927 sive
539 2863 603 2927 hoc
618 2863 716 2928 suerit
729 2884 844 2928 verum
860 2863 930 2929 sive
945 2884 1021 2942 non,
1035 2885 1168 2928 necesse
1183 2874 1233 2927 cst
1248 2862 1348 2927 aliam
1365 2883 1498 2927 causam

179 2947 318 3077 affigi·
349 2966 518 3049 assignari,
534 2987 620 3050 quae
633 2969 731 3032 nobis
746 2979 902 3052 prompta
920 2977 1021 3033 estet
1041 2969 1151 3050 plana,
1165 2967 1219 3030 cui
1235 2966 1415 3030 contradici
1431 2986 1498 3029 non

348 3079 468 3152 potest,
491 3091 591 3154 quam
614 3072 737 3136 scimus
760 3093 818 3155 per
840 3073 1089 3154 experientiam.
1135 3070 1181 3136 Et
1203 3072 1278 3134 ideo
1301 3071 1385 3134 circa
1409 3070 1499 3135 illam

347 3165 585 3256 negotiandum
609 3185 669 3254 est,
696 3187 733 3240 ut
760 3185 920 3260 appareat
945 3177 1105 3241 mirabilis
1129 3187 1162 3240 et
1185 3176 1358 3241 ineffabilis
1376 3176 1499 3240 utilitas

348 3289 382 3342 et
398 3277 643 3360 magnificentia
660 3280 828 3345 Scientiae
847 3281 1142 3365 Experimentalis,
1157 3290 1190 3345 et
1206 3282 1372 3363 aperiatur
1387 3283 1441 3343 via
1454 3281 1498 3345 ad

349 3382 536 3446 maximum
559 3393 722 3447 secretum
745 3394 958 3460 secretorum,
981 3387 1074 3468 quod
1096 3384 1297 3449 Aristoteles
1320 3385 1500 3449 occultavit

349 3486 381 3548 in
406 3486 491 3551 libro
513 3488 556 3551 de
579 3488 753 3570 Regimine
780 3488 879 3552 Vitae
890 3488 912 3551 ⁴.
959 3489 1044 3553 Cum
1070 3490 1156 3551 enim
1180 3489 1326 3572 regimen
1349 3489 1499 3553 sanitatis

347 3591 468 3655 debeat
483 3611 555 3655 esse
570 3589 603 3654 in
618 3591 693 3656 cibo
712 3603 746 3656 et
764 3602 855 3676 potu,
871 3613 989 3656 somno
1012 3603 1046 3657 et
1068 3593 1189 3677 vigilia,
1204 3604 1297 3657 motu
1320 3603 1355 3656 et
1376 3593 1497 3676 quiete,

347 3695 561 3760 evacuatione
592 3708 624 3760 et
655 3698 847 3775 retentione,
871 3699 954 3761 aeris
979 3698 1205 3780 dispositione,
1227 3708 1261 3760 et
1288 3697 1499 3778 passionibus

346 3799 466 3878 animi3
489 3809 526 3864 ut
540 3800 622 3864 haec
638 3800 671 3862 in
688 3801 800 3866 debito
815 3811 1078 3884 temperamento
1093 3800 1277 3864 habeantur
1288 3800 1332 3864 ab
1344 3800 1497 3878 infantia3

346 3905 389 3967 de
403 3903 454 3967 his
469 3905 694 3989 temperandis
710 3905 817 3968 nullus
832 3907 935 3969 homo
949 3905 1022 3969 vult
1037 3924 1159 3985 curare,
1174 3906 1276 3968 etiarn
1291 3926 1353 3968 nec
1368 3905 1498 3985 medici,

344 4008 423 4091 quia
438 4029 500 4073 nos
512 4009 664 4072 videmus
680 4010 771 4092 quod
785 4011 828 4073 de
845 4009 1030 4073 millenario
1046 4010 1250 4073 medicorum
1262 4009 1321 4072 vix
1337 4009 1399 4072 erit
1414 4028 1497 4072 uuus

343 4113 400 4196 qui
419 4112 538 4177 saltem
559 4113 675 4177 leviter
697 4112 833 4178 curabit.
872 4113 918 4177 Et
938 4113 1103 4177 rarissime
1126 4114 1246 4176 accidit
1265 4114 1356 4194 quod
1380 4113 1497 4195 aliquis

344 4227 437 4281 curat
466 4217 673 4295 sufficienter,
695 4227 729 4280 et
755 4217 818 4280 hoc
843 4237 1012 4300 nunquam
1036 4217 1157 4281 accidit
1180 4216 1416 4299 injuventute,
1437 4217 1495 4279 sed

343 4320 521 4402 aliquando
536 4321 621 4385 inter
635 4323 698 4385 tria
714 4321 817 4385 millia
833 4320 938 4385 unus⁶
954 4323 1081 4406 cogitat
1098 4323 1142 4386 de
1159 4321 1219 4400 his,
1235 4341 1338 4403 quum
1354 4320 1497 4385 senescit

442 4481 449 4509 ¹
467 4481 553 4544 longa,
564 4481 587 4542 J.
1016 4483 1027 4512 ¹
1045 4499 1100 4543 nee,
1112 4483 1138 4544 J.

441 4558 451 4586 ¹
467 4559 653 4623 aspicientium,
666 4560 691 4620 J.
1018 4561 1027 4589 ⁴
1044 4563 1096 4612 See
1107 4568 1169 4611 note
1181 4577 1214 4610 ou
1227 4561 1276 4610 vol.
1289 4562 1307 4612 i.
1320 4577 1345 4625 p.
1360 4577 1398 4611 10.

441 4634 451 4665 ⁵
466 4636 566 4698 aliquis,
578 4637 604 4697 J.
