3542 5359
378 580 439 660 448
643 583 980 643 MULTIPLICATIO
1005 582 1260 642 SPECIERUM.

379 751 542 817 auctores,
560 749 594 804 et
617 743 775 822 probatur
798 752 873 824 post
883 739 906 816 ¹,
930 750 1010 804 tunc
1034 742 1066 804 in
1088 742 1231 806 videndo
1254 741 1378 818 stellas,
1401 750 1536 823 oportet

378 847 470 927 quod
485 846 573 908 visus
589 847 692 910 nostri
708 846 835 928 species
856 854 1031 928 generetur
1052 846 1085 909 in
1104 846 1212 922 coelo,
1228 846 1313 908 sicut
1334 846 1366 908 in
1386 846 1535 926 sphaeris

378 948 628 1013 elementorum.
675 949 722 1013 Et
748 951 823 1014 ideo
845 950 1003 1032 quicquid
1028 949 1082 1014 hic
1104 949 1304 1032 objiceretur
1327 952 1369 1014 de
1394 951 1533 1013 intrans-

378 1052 598 1117 mutabilitate
613 1053 707 1125 coeli,
724 1064 757 1117 et
772 1055 862 1136 quod
879 1074 946 1118 non
962 1064 1012 1117 est
1028 1053 1217 1137 generabile
1232 1074 1292 1117 nec
1308 1052 1533 1134 corruptibile,

377 1157 564 1234 dicendum,
586 1159 677 1240 quod
700 1157 765 1221 hoc
786 1157 896 1220 solum
920 1156 1171 1241 intelligendum
1194 1166 1245 1220 est
1268 1158 1310 1220 de
1334 1167 1532 1220 transmuta-

377 1261 469 1325 tione
499 1273 532 1326 et
561 1263 772 1345 generatione
803 1271 838 1325 et
867 1262 1078 1343 corruptione
1113 1281 1198 1344 quae
1228 1260 1349 1324 tollunt
1380 1271 1531 1323 naturam

377 1364 567 1448 specificam
591 1367 754 1450 patientis,
769 1376 804 1430 et
822 1375 983 1430 renovant
1003 1365 1101 1430 aliam
1124 1365 1263 1430 sormam
1285 1364 1474 1448 specificam
1498 1366 1532 1428 in

377 1490 450 1533 esse
479 1470 656 1553 completo.
703 1469 771 1534 Sed
802 1472 888 1534 bene
922 1479 972 1533 est
1003 1470 1056 1532 hic
1087 1470 1248 1548 alteratio,
1277 1491 1363 1552 quae
1393 1481 1443 1534 est
1475 1490 1533 1550 per

377 1575 623 1657 generationem
639 1574 770 1657 speciei,
785 1594 851 1657 qua
866 1574 1018 1638 coelestis
1033 1583 1150 1638 natura
1171 1573 1368 1638 assimiletur
1389 1573 1534 1637 inferiori

377 1690 514 1762 propter
551 1680 711 1761 majorem
751 1678 1019 1744 conformitatem
1061 1679 1200 1744 universi
1239 1689 1274 1742 et
1310 1679 1460 1754 salutem,
1497 1687 1532 1742 et

379 1793 516 1865 propter
541 1784 770 1848 necessitatem
797 1804 912 1848 sensus
935 1793 969 1846 et
997 1784 1145 1848 maxime
1166 1784 1267 1861 visus,
1289 1782 1383 1864 cujus
1405 1783 1531 1865 species

378 1888 467 1951 venit
493 1889 537 1952 ad
561 1887 684 1966 stellas,
710 1898 744 1952 et
768 1889 810 1952 ad
838 1909 939 1971 quam
966 1889 1094 1971 species
1121 1888 1290 1952 stellarum
1320 1888 1456 1950 veniunt
1487 1889 1530 1952 ad

377 1991 495 2055 visum.

210 2097 240 2147 111
251 2099 342 2148 certain
422 2095 458 2160 Si
474 2117 551 2162 vero
574 2097 758 2180 objiciatur,
773 2097 864 2178 quod
886 2117 987 2160 omne
1010 2117 1111 2180 agens
1134 2107 1184 2162 est
1207 2096 1351 2161 nobilius
1373 2095 1531 2178 patiente,

208 2173 341 2279 {fffifl
378 2210 415 2264 ut
432 2200 628 2265 Aristoteles
643 2201 723 2265 dicit
742 2201 843 2264 tertio
866 2201 908 2263 de
929 2201 1061 2278 Anima,
1080 2202 1255 2265 dicendum
1279 2203 1370 2283 quod
1393 2201 1456 2264 hoc
1479 2209 1531 2264 est

208 2294 488 2412 fflffflgvlevemm
505 2307 538 2368 in
555 2316 716 2389 quantum
735 2304 948 2386 hujusmodi3
977 2306 1134 2387 quoniam
1158 2306 1191 2368 in
1214 2315 1376 2387 quantum
1400 2304 1530 2368 coelum

209 2427 329 2477 celestio.
378 2410 478 2474 habet
516 2411 738 2492 aptitudinem
772 2419 806 2473 et
839 2410 1023 2492 potentiam
1057 2419 1091 2473 et
1130 2411 1319 2492 appetitum
1361 2410 1530 2490 quendam

378 2526 528 2597 respectu
538 2515 695 2578 virtutum
708 2534 815 2577 rerum
830 2512 1029 2590 inferiorum,
1041 2515 1162 2595 quibus
1175 2524 1265 2578 caret
1282 2523 1318 2576 ut
1330 2513 1532 2576 assimiletur

378 2619 425 2682 eis
446 2629 582 2701 propter
603 2618 761 2700 majorem
785 2619 1035 2700 proportionem
1059 2619 1212 2696 universi,
1227 2619 1259 2681 in
1274 2617 1338 2682 hoc
1353 2627 1403 2680 est
1420 2617 1531 2680 minus

378 2722 489 2786 nobile
513 2743 614 2805 quarn
645 2743 697 2785 res
726 2721 858 2787 inferior
888 2731 1182 2805 quantumcunque
1208 2723 1291 2794 vilis,
1317 2742 1402 2805 quae
1426 2721 1529 2785 talem

376 2829 521 2910 speciem
538 2828 638 2891 habet
653 2829 685 2890 in
700 2837 777 2890 actu
792 2837 826 2890 et
849 2826 1063 2909 completam.
1119 2826 1192 2891 Nec
1214 2827 1392 2909 derogatur
1410 2825 1444 2888 in
1466 2824 1531 2889 hoc

378 2932 542 2997 nobilitati
557 2931 708 2996 coelestis
722 2930 937 3005 substantiae,
954 2931 1032 3012 quia
1048 2950 1114 2994 non
1130 2941 1181 2994 est
1197 2930 1261 2994 hoc
1277 2931 1320 2994 ad
1340 2928 1410 3012 ejus
1434 2930 1528 3011 igno·

374 3024 547 3113 bilitatem,
563 3038 620 3100 sed
645 3037 686 3099 ad
708 3036 873 3112 decorem,
889 3045 924 3098 ut
943 3034 1109 3117 completa
1128 3035 1170 3097 sit
1188 3034 1363 3104 concordia
1384 3033 1527 3115 partium

375 3141 517 3205 universi
533 3151 567 3204 et
583 3140 672 3204 salus
688 3151 722 3204 et
739 3139 906 3223 perfectio,
924 3149 1088 3221 quatenus
1103 3140 1299 3203 conveniant
1315 3141 1356 3203 ad
1376 3139 1529 3214 invicem,

376 3255 536 3327 quantum
561 3244 717 3327 possibile
740 3254 799 3307 est.
846 3242 882 3307 Si
899 3243 1098 3324 objiceretur
1113 3264 1157 3306 ex
1170 3243 1301 3307 decimo
1319 3242 1527 3324 Metaphysi-

374 3368 488 3412 corum
498 3351 521 3423 ²,
535 3349 625 3430 quod
641 3348 855 3431 corruptibile
876 3359 911 3412 et
927 3346 1175 3429 incorruptibile
1191 3367 1257 3410 non
1280 3347 1527 3410 communicant

376 3453 408 3514 in
422 3472 552 3535 genere,
567 3463 602 3515 et
619 3451 683 3515 hoc
699 3471 764 3516 non
780 3461 893 3534 posset
910 3451 1033 3533 exponi
1048 3451 1091 3513 de
1111 3471 1231 3534 genere
1248 3449 1471 3532 praedicabili,
1488 3460 1525 3512 ut

374 3565 478 3638 patet,
493 3576 569 3620 cum
592 3555 659 3620 sint
681 3555 714 3618 in
737 3556 856 3619 eodem
881 3555 1159 3637 praedicamento,
1175 3573 1309 3617 necesse
1332 3564 1382 3618 est
1401 3555 1527 3636 exponi

373 3661 491 3725 eodem
528 3679 649 3744 genere
685 3660 846 3742 subjecto,
876 3661 955 3741 quia
990 3678 1094 3741 genus
1123 3659 1245 3722 dicitur
1274 3659 1454 3740 aequivoce
1483 3658 1526 3722 ad

373 3765 559 3848 subjectum
582 3775 616 3829 et
638 3765 680 3830 ad
706 3766 802 3842 idem,
819 3765 911 3846 quod
932 3765 974 3828 de
997 3763 1146 3845 pluribus
1167 3759 1396 3826 differentibus
1418 3764 1527 3844 specie

373 3872 582 3954 praedicatur
608 3871 640 3932 in
668 3891 709 3935 eo
735 3872 825 3951 quod
851 3870 938 3951 quid,
962 3888 1065 3950 quare
1089 3867 1217 3932 videtur
1238 3868 1328 3948 qnod
1353 3868 1384 3929 in
1408 3867 1526 3930 eodem

373 3975 523 4057 subjecto
538 3976 673 4041 coelesti
690 3994 756 4038 non
773 3975 835 4038 erit
851 3983 968 4036 natura
989 3971 1210 4054 corruptibilis
1230 3990 1307 4033 cum
1330 3971 1526 4053 incorrupti-

373 4077 441 4157 bili,
456 4081 630 4162 praecipue
650 4099 725 4142 cum
745 4097 865 4160 corpus
883 4077 1026 4140 coeleste
1048 4076 1091 4139 sit
1113 4074 1266 4158 simplex.
1311 4074 1416 4138 Aliud
1433 4077 1524 4137 enirn

373 4193 424 4246 est
439 4185 481 4247 de
497 4183 633 4247 homine
647 4183 704 4264 qui
721 4193 771 4247 est
786 4183 992 4263 compositae
1009 4190 1145 4244 naturae
1162 4177 1395 4261 multipliciter,
1409 4181 1442 4241 in
1457 4199 1526 4260 quo

371 4300 423 4352 est
445 4288 534 4352 aliud
555 4287 770 4370 corruptibile
791 4296 824 4351 et
845 4286 934 4386 aliud
959 4283 1216 4368 incorruptibile.
1263 4281 1331 4347 Sed
1348 4283 1526 4346 dicendum

405 4492 414 4523 ¹
432 4495 512 4555 prius,
524 4493 541 4554 J
544 4529 558 4550 .,
572 4499 639 4554 post,
653 4491 684 4540 0.
698 4493 749 4540 and
762 4492 828 4553 ch.

405 4570 416 4599 ¹
432 4573 471 4621 Cf.
487 4570 663 4636 Metaphysr'ca,
678 4571 713 4620 ix.
732 4585 771 4632 ιο,
789 4573 802 4629 5
824 4584 835 4618 1
852 4566 948 4632 ἀνάγκη
960 4567 1043 4632 ἕτερον
1056 4563 1115 4616 river
1127 4566 1162 4628 τῷ
1178 4565 1245 4629 γένει
1264 4563 1294 4614 τὸ
1309 4563 1418 4628 φθαρτὸν
1437 4565 1478 4613 ml
1498 4569 1530 4614 τὸ

371 4650 501 4716 ἄφθαρτον·
