3542 5359
519 574 718 634 SCIENTIA
745 573 1140 634 EXPERIMENTALIS.
1345 591 1407 652 207

252 735 454 801 Aristoteles
476 737 583 819 tangit
604 737 712 820 primo
737 735 942 818 Topicorum
976 736 1009 798 in
1038 736 1185 801 dictione
1214 737 1405 819 probabilis

255 840 301 904 Et
317 860 384 902 non
399 840 506 904 solum
522 851 598 905 sunt
614 842 760 905 remedia
775 840 948 923 possibilia
968 851 1084 904 contra
1109 842 1277 923 passiones
1292 862 1407 905 senec·

254 945 334 1009 tutis
348 945 516 1008 venientes
535 944 569 1008 in
589 955 740 1027 tempore
760 945 961 1009 consistendi
984 953 1019 1008 et
1040 955 1119 1008 ante
1140 955 1273 1027 tempus
1294 966 1407 1010 senec·

253 1048 342 1122 tutis,
357 1051 416 1113 sed
433 1050 532 1113 etiam
548 1051 575 1112 si
592 1051 738 1132 regimen
751 1049 931 1113 senectutis
946 1059 1034 1112 esset
1044 1049 1406 1132 completum,possunt

254 1152 361 1217 adhuc
384 1154 553 1237 passiones
575 1153 755 1218 senectutis
778 1161 811 1216 et
834 1153 916 1216 senii
939 1153 1108 1231 retardari,
1123 1151 1189 1216 ne¹
1209 1154 1323 1217 statim
1345 1175 1407 1218 suo

254 1267 405 1340 tempore
426 1259 584 1336 venirent,
607 1268 640 1322 et
663 1277 739 1322 cum
761 1257 914 1321 venerint
935 1265 1075 1340 possunt
1098 1257 1242 1339 mitigari
1264 1269 1298 1323 et
1321 1268 1407 1322 tem·

252 1363 368 1443 penui,
392 1372 428 1425 ut
451 1362 496 1425 sic
521 1373 593 1426 tum
618 1382 677 1446 per
700 1362 956 1425 retardationem
980 1372 1051 1426 tum
1079 1381 1138 1445 per
1162 1361 1405 1444 mitigationem

253 1485 380 1541 eorum,
391 1466 606 1548 prolongetur
619 1465 688 1529 vita
702 1465 789 1529 ultra
803 1466 982 1529 terminum
997 1465 1054 1548 qui
1066 1467 1247 1530 secundum
1259 1467 1407 1547 regimen

254 1569 390 1651 plenum
406 1571 584 1634 senectutis
599 1569 749 1634 consistit
765 1569 797 1632 in
812 1569 909 1634 dictis
924 1590 985 1634 sex
1002 1568 1155 1634 articulis.
1195 1570 1241 1632 Et
1256 1571 1341 1633 alius
1355 1580 1407 1634 est

254 1673 415 1737 terminus
432 1674 574 1752 ulterior,
590 1675 646 1756 qui
662 1675 788 1756 positus
803 1682 854 1736 est
869 1693 890 1736 a
905 1673 980 1736 Deo
998 1683 1033 1737 et
1047 1694 1068 1737 a
1083 1683 1209 1750 natura,
1224 1675 1406 1738 secundum

254 1777 490 1859 proprietatem
513 1777 734 1840 remediorum
758 1777 998 1840 retardantium
1020 1778 1205 1842 accidentia
1226 1778 1407 1842 senectutis

255 1891 289 1943 et
312 1880 392 1944 senii
415 1889 450 1944 et
472 1880 694 1963 mitigantium
718 1879 879 1943 malitiam
904 1902 1027 1960 eorum,
1041 1891 1076 1945 et
1098 1881 1223 1965 primus
1246 1882 1407 1945 terminus

258 1982 467 2067 transgredi²
482 1994 602 2067 potest,
621 1986 680 2049 sed
695 1985 861 2049 secundus
876 2006 952 2049 non.

301 2089 346 2152 Et
371 2097 507 2171 propter
536 2089 598 2152 hos
627 2090 712 2153 duos
742 2091 902 2154 terminos
928 2091 1009 2155 dicit
1035 2089 1207 2173 Scriptura
1229 2089 1408 2172 pluraliter,
1422 2102 1563 2164 Agenuby

257 2192 467 2258 Constituisti
501 2195 661 2258 terminos
697 2193 778 2275 ejus,
808 2195 865 2277 qui
904 2195 1072 2278 praeteriri
1110 2215 1176 2259 non
1213 2167 1558 2282 potuerunt:fi,{,i,⁰,¹,¹{lf¹⁶

256 2297 458 2380 impossibile
472 2299 560 2362 enim
581 2310 631 2361 est
650 2297 802 2362 ultimum
825 2301 1003 2363 terminum
1023 2299 1201 2382 praeteriri,
1216 2301 1275 2363 sed
1296 2311 1408 2363 tamen
1421 2297 1522 2348 ureae
1534 2299 1565 2349 be

256 2402 344 2483 prior
357 2401 549 2484 pertransiri
568 2411 689 2484 potest,
705 2403 781 2467 licet
797 2423 871 2466 raro
888 2413 1149 2486 pertranseatur;
1171 2404 1229 2467 sed
1246 2404 1409 2467 secundus
1421 2365 1546 2430 enraged.

256 2525 322 2569 non
338 2515 458 2588 potest.
497 2505 661 2589 Regimen
676 2528 756 2589 ergo
771 2507 925 2571 sanitatis
942 2508 1114 2581 sufficiens,
1129 2517 1291 2590 quantum
1307 2508 1408 2572 homo

256 2611 360 2690 possit
382 2611 513 2685 habere,
531 2609 742 2693 prolongaret
763 2613 864 2674 vitam
890 2611 977 2674 ultra
998 2632 1208 2675 communem
1231 2613 1409 2676 terminum

256 2714 386 2776 vivendi
416 2714 666 2794 accidentalem,
695 2734 796 2795 quem
823 2714 925 2777 homo
952 2725 1088 2796 propter
1112 2716 1286 2779 stultitiam
1313 2735 1408 2778 suam

257 2818 320 2881 sibi
349 2838 414 2882 non
447 2829 579 2894 servat;
610 2828 644 2882 et
670 2818 717 2881 sic
743 2818 899 2882 vixerunt
925 2818 1028 2899 aliqui
1054 2839 1114 2901 per
1147 2818 1271 2883 multos
1303 2839 1409 2882 annos

256 2923 343 2986 ultra
360 2942 571 2986 communem
590 2931 714 2986 statum
729 2922 871 2987 vivendi.
926 2921 995 2987 Sed
1014 2923 1161 3004 regimen
1183 2921 1327 3005 speciale
1349 2941 1408 3004 per

257 3028 404 3092 remedia
433 3028 636 3092 retardantia
667 3028 793 3091 dictum
823 3047 1037 3092 communem
1067 3039 1193 3092 statum
1224 3047 1325 3109 quem
1354 3047 1407 3091 ars

257 3132 391 3214 regendi
407 3133 585 3195 sanitatem
601 3151 669 3194 non
689 3132 937 3214 transgreditur,
952 3142 1064 3217 potest
1087 3132 1186 3215 longe
1209 3131 1283 3214 plus
1304 3132 1406 3196 vitam

255 3235 461 3318 prolongare.
509 3235 553 3299 Et
569 3237 660 3318 quod
676 3236 718 3299 sit
741 3236 898 3320 possibile
913 3247 1004 3319 patet
1020 3258 1080 3321 per
1095 3236 1336 3311 Dioscoridem‚
1351 3237 1406 3319 qui

256 3340 346 3416 dicit,
370 3339 526 3424 possibile
550 3341 713 3423 estquod
736 3342 779 3404 sit
802 3341 962 3415 medicina
984 3341 1104 3424 aliqua,
1126 3361 1213 3423 quae
1234 3340 1410 3423 prohibeat

255 3444 426 3507 hominem
443 3465 463 3506 a
483 3443 660 3508 velocitate
678 3446 855 3509 senectutis
878 3455 913 3509 et
934 3445 1055 3528 frigore
1077 3454 1112 3509 et
1133 3444 1281 3508 siccitate
1304 3464 1408 3507 mem-

255 3548 400 3622 brorum,
425 3557 462 3611 ut
492 3569 550 3628 per
574 3546 655 3612 illud
681 3548 852 3632 elongetur
877 3549 946 3612 vita
971 3549 1124 3612 hominis.
1180 3548 1226 3612 Et
1251 3549 1316 3611 hoc
1338 3548 1410 3611 vult

258 3653 350 3734 Haly
361 3673 461 3736 supra
475 3651 608 3736 Tegni³
623 3653 707 3716 circa
722 3651 832 3716 finem.
868 3653 915 3717 Et
930 3653 1011 3717 dicit
1027 3654 1155 3727 iterum,
1172 3652 1227 3715 Illi
1243 3653 1298 3735 qui
1314 3653 1408 3716 vixe-

257 3767 333 3821 runt
351 3758 406 3820 diu
435 3756 484 3820 usi
509 3765 587 3820 sunt
609 3757 780 3820 medicinis
802 3756 923 3839 quibus
945 3756 1100 3839 elongata
1123 3767 1173 3820 est
1195 3757 1263 3819 vita
1282 3776 1407 3820 eorum.

258 3860 304 3924 Et
327 3860 370 3924 de
394 3859 585 3942 hujusmodi
608 3859 782 3925 Avicenna
808 3862 842 3924 in
864 3863 1011 3926 secundo
1040 3860 1223 3925 Causarum
1247 3860 1326 3924 dicit
1352 3859 1408 3936 sic,

257 3964 320 4029 Est
337 3965 499 4029 medicina
514 3986 601 4048 quae
615 3965 709 4049 ponit
729 3977 763 4030 et
784 3966 905 4030 dividit
928 3986 1059 4029 ornnem
1079 3964 1348 4047 complexionem
1366 3965 1410 4028 ad

255 4077 384 4152 partem
399 4089 501 4152 quam
518 4081 670 4134 meretur.
716 4069 784 4134 Sed
798 4080 953 4136 auctores
968 4069 1152 4134 medicinae
1168 4089 1234 4132 non
1249 4069 1411 4133 dederunt

256 4172 435 4236 medicinas
452 4174 540 4252 istas,
557 4194 616 4238 nec
631 4175 666 4237 in
680 4172 773 4238 libris
788 4195 903 4238 eorum
918 4175 1061 4256 scriptae
1075 4182 1163 4250 sunt,
1178 4171 1287 4236 solum
1302 4181 1409 4236 artem

288 4303 297 4334 ¹
316 4303 391 4352 From
404 4320 437 4352 ne
448 4311 475 4353 to
486 4307 633 4368 temperari,
648 4306 755 4355 omitted
766 4306 792 4354 in
804 4305 829 4365 J.

288 4381 299 4411 ¹
315 4382 368 4432 We
379 4382 474 4431 should
486 4392 581 4445 expect
592 4384 697 4433 transiri
709 4400 739 4433 or
749 4385 895 4447 praeteriri.

288 4462 298 4490 ³
314 4461 378 4510 This
389 4463 464 4510 word
477 4477 565 4510 comes
578 4462 643 4510 srom
655 4464 700 4511 the
714 4462 787 4510 Latin
799 4463 905 4511 version
923 4462 954 4510 ol
966 4462 1012 4511 the
1028 4461 1123 4510 Arabio
1138 4459 1242 4509 version
1258 4459 1289 4508 ol
1302 4459 1408 4510 Galen's

254 4541 331 4588 word
342 4539 428 4600 τέχνη.
461 4539 501 4588 As
513 4539 539 4586 in
552 4541 596 4588 the
607 4541 684 4590 word
694 4541 846 4604 Almagesti,
859 4541 905 4590 the
915 4540 966 4589 lost
976 4541 1056 4590 letter
1068 4546 1219 4603 represents
1229 4539 1275 4588 the
1286 4539 1373 4588 Greek
1383 4557 1408 4602 ry.

257 4619 327 4669 Both
338 4619 427 4667 words
438 4632 483 4666 are
495 4619 561 4667 used
572 4634 602 4668 as
614 4618 809 4669 indeclinnbles.
