3542 5359
555 610 755 670 SCIENTIA
781 605 1173 667 EXPERIMENTALIS.
1378 602 1436 680 185

284 770 317 835 in
332 792 471 854 vespere
485 757 630 837 declinat
645 773 689 838 ad
703 771 901 856 aquilonem,
915 781 950 834 et
965 770 1042 834 ideo
1062 767 1132 833 fieri
1153 778 1266 852 potest
1280 767 1335 831 iris
1351 767 1437 830 inter

285 877 447 940 orientem
461 887 496 941 et
512 877 695 941 meridiem.
740 877 808 941 Sed
824 895 995 958 nunquam
1017 877 1051 938 in
1073 894 1150 938 vera
1171 873 1307 937 meridie
1323 880 1435 956 potest

285 1000 357 1043 esse
372 981 427 1044 iris
443 982 475 1044 in
490 981 542 1045 his
556 981 745 1046 climatibus
759 981 802 1045 ab
814 977 1045 1063 aequinoctiali
1057 998 1162 1059 usque
1173 977 1216 1041 ad
1227 976 1435 1041 latitudinem

286 1083 327 1144 66
350 1087 513 1166 graduum
537 1095 572 1149 et
599 1098 639 1167 25
664 1085 876 1149 minutorum.
929 1083 1043 1147 Potest
1066 1091 1179 1146 tamen
1202 1081 1287 1146 bene
1308 1080 1377 1144 fieri
1400 1081 1434 1144 in

285 1189 422 1252 meridie
445 1191 478 1253 in
504 1189 586 1254 locis
610 1190 697 1254 ultra
721 1189 807 1254 hanc
840 1187 1061 1263 latitudinem,
1086 1197 1121 1251 et
1146 1185 1211 1250 hoc
1237 1206 1341 1268 usque
1368 1184 1435 1251 ad¹

286 1290 421 1375 polum3
445 1295 603 1376 quoniam
630 1294 679 1359 sol
707 1295 740 1356 in
763 1293 828 1358 illis
850 1293 1039 1376 regionibus
1059 1301 1111 1355 est
1133 1311 1264 1374 semper
1284 1292 1317 1353 in
1340 1299 1435 1372 parte

285 1396 467 1478 aquilonari
482 1398 534 1461 vel
551 1400 583 1461 in
601 1397 727 1463 oriente
742 1408 800 1462 aut
815 1397 986 1462 occidente
1001 1418 1009 1475 ;
1032 1406 1066 1460 et
1081 1396 1135 1458 iris
1151 1394 1189 1459 fit
1198 1395 1232 1457 in
1242 1395 1434 1478 oppositum

285 1499 374 1578 solis,
390 1511 425 1565 et
440 1512 519 1566 tunc
534 1503 624 1566 omni
640 1503 723 1567 hora
737 1502 802 1567 diei
821 1511 933 1584 potest
951 1500 1021 1564 fieri
1040 1501 1104 1564 iris.
1149 1500 1238 1563 Nam
1262 1518 1432 1581 nunquam

283 1603 431 1668 elevatur
461 1606 510 1670 sol
546 1627 646 1690 super
682 1606 889 1672 horizontem
927 1606 988 1669 nisi
1033 1625 1093 1687 per
1132 1605 1317 1668 maximam
1354 1602 1434 1666 solis

283 1709 535 1774 declinationem
566 1731 626 1795 per
654 1729 694 1796 23
728 1712 852 1796 gradus
883 1721 918 1778 et
944 1727 986 1795 35
1016 1710 1154 1789 minuta,
1181 1718 1317 1792 propter
1342 1707 1432 1791 quod

284 1813 339 1876 iris
360 1834 490 1896 semper
513 1823 625 1897 potest
649 1816 696 1879 eis
720 1834 881 1898 apparere
904 1815 947 1878 de
973 1814 1038 1892 die,
1062 1814 1196 1897 quando
1223 1812 1360 1876 materia
1382 1821 1434 1875 est

282 1929 488 2001 praeparata.

329 2021 385 2084 Ex
421 2022 474 2086 his
511 2023 612 2106 igitur
648 2034 743 2108 patet
779 2025 870 2109 quod
909 2023 966 2087 iris
1003 2023 1150 2104 sequitur
1187 2029 1316 2085 motum
1354 2019 1433 2083 solis

282 2125 479 2210 dupliciter3
503 2147 569 2192 uno
585 2129 686 2193 modo
701 2128 881 2192 secundum
898 2127 1120 2191 elevationem
1136 2133 1170 2189 et
1184 2124 1432 2209 depressionem

282 2229 363 2294 solis
378 2233 411 2295 in
425 2253 486 2297 suo
502 2233 623 2298 circulo
638 2233 831 2310 altitudinis,
845 2241 945 2315 prout
959 2231 1050 2315 prius
1065 2230 1192 2295 dictum
1215 2239 1286 2306 est3
1308 2237 1343 2292 et
1365 2228 1432 2293 alio

283 2336 385 2399 modo
400 2337 583 2400 secundum
599 2347 727 2402 motum
743 2336 823 2400 solis
838 2357 939 2420 super
958 2335 1164 2401 horizontem
1189 2342 1283 2398 motu
1303 2332 1433 2411 diurno,

283 2439 362 2520 quia
377 2439 432 2503 iris
446 2461 578 2523 semper
593 2441 741 2525 sequitur
756 2441 851 2504 nadir
865 2441 954 2518 solis,
970 2451 1004 2505 et
1020 2440 1115 2505 nadir
1132 2438 1226 2504 vadit
1235 2437 1390 2503 continue
1398 2438 1432 2501 in

282 2544 474 2625 oppositum
489 2544 577 2608 solis.

696 2751 923 2819 Cnmruuuu
946 2753 1026 2817 VII.

328 2870 623 2955 Experimentator
636 2874 774 2938 ulterius
790 2875 954 2958 inquirere
967 2874 1083 2939 nititur
1098 2894 1207 2938 annon
1224 2874 1282 2939 fiat
1302 2873 1358 2938 iris
1373 2893 1434 2955 per
1446 2890 1548 2956 Experi-

283 2975 392 3039 radios
407 2977 588 3042 incidentes
605 2979 659 3043 vel
679 2999 740 3062 per
763 2979 978 3043 reflexionem
996 2978 1048 3042 vel
1066 2999 1127 3061 per
1142 2978 1383 3055 refractionem,
1398 2987 1432 3042 et
1446 2964 1602 3073 ffiffiff

282 3097 324 3141 an
341 3080 384 3143 sit
399 3081 478 3146 solis
493 3081 614 3167 imago,
625 3092 663 3147 ut
675 3084 886 3167 suppositum
899 3093 951 3147 est
962 3083 996 3146 in
1006 3081 1059 3146 his
1069 3103 1157 3167 quae
1169 3084 1213 3146 de
1223 3082 1433 3164 Perspectiva
1445 3087 1525 3164 orne

282 3184 474 3261 dictasunt,
492 3197 525 3251 et
541 3207 583 3251 an
599 3189 666 3252 sint
681 3188 750 3251 veri
765 3187 894 3252 colores
911 3188 944 3251 in
960 3187 1032 3271 ipsa
1046 3187 1145 3266 nube,
1160 3196 1194 3251 et
1210 3188 1254 3250 de
1264 3188 1433 3264 varietate,
1445 3154 1565 3204 nmbow.

282 3297 316 3353 et
334 3291 377 3354 de
392 3309 492 3354 causa
508 3289 734 3375 figurationis3
758 3312 834 3356 cum
854 3293 1006 3375 superius
1025 3301 1157 3357 tantum
1179 3293 1223 3356 sit
1247 3292 1374 3357 dictum
1389 3293 1433 3357 de

281 3395 466 3476 quantitate
489 3393 624 3479 figurae,
651 3395 772 3462 scilicet
798 3398 890 3480 quod
910 3397 1089 3480 aliquando
1111 3396 1153 3461 sit
1179 3396 1318 3461 circulus
1340 3417 1432 3460 com·

281 3497 399 3580 pletus,
414 3508 447 3562 et
462 3498 642 3582 aliquando
657 3501 763 3583 major
781 3501 900 3583 portio,
910 3511 944 3566 et
958 3501 1135 3585 aliquando
1147 3501 1264 3565 minor.
1309 3499 1377 3566 Sed
1389 3502 1431 3566 ad

280 3601 364 3667 haec
378 3602 594 3686 intelligenda
609 3605 827 3669 necessarium
843 3614 895 3670 est
909 3605 957 3669 uti
970 3606 1182 3688 experientiis
1196 3608 1304 3671 certis.
1337 3604 1433 3688 Quae
1446 3615 1545 3665 Morion
1557 3615 1587 3666 of

281 3716 358 3770 sunt
373 3705 573 3788 hujusmodi,
589 3705 764 3773 videlicet²
784 3710 875 3791 quod
897 3709 1060 3790 aspiciens
1074 3710 1201 3792 iridem,
1216 3711 1243 3774 si
1261 3720 1433 3776 moveatur
1444 3681 1575 3796 ffi‘ffi,

282 3811 542 3893 aequidistanter
562 3812 645 3890 iridi,
661 3820 742 3877 tunc
757 3813 812 3876 iris
830 3814 979 3896 sequitur
997 3814 1107 3896 ipsum
1125 3835 1147 3878 a
1169 3815 1290 3895 latere;
1312 3818 1431 3882 sivero
1444 3811 1488 3862 the
1499 3813 1544 3862 ⁰b·

281 3925 454 3979 moveatur
477 3935 590 3979 versus
614 3915 743 3994 iridem,
766 3915 821 3980 iris
843 3915 951 4000 sugit3
980 3917 1109 3982 sivero
1132 3929 1221 3984 retro
1246 3920 1353 3997 cedat,
1376 3920 1431 3984 iris
1443 3893 1532 3929 ‘m

280 4021 430 4100 sequitur
446 4020 564 4102 ipsum,
572 4030 606 4084 et
622 4039 689 4083 non
705 4020 814 4084 solum
829 4023 928 4085 tardo
943 4031 1047 4104 motu,
1058 4023 1117 4086 sed
1127 4022 1244 4086 eadem
1254 4022 1431 4088 velocitate

279 4142 345 4205 qua
360 4123 477 4188 videns
493 4132 656 4188 movetur.
701 4124 829 4188 Verum
852 4125 880 4189 si
901 4124 1108 4190 velocissime
1129 4136 1239 4190 currat
1257 4126 1359 4192 homo
1378 4126 1430 4191 vel

280 4227 418 4309 equitet,
433 4228 602 4293 videbitur
616 4228 672 4293 iris
686 4228 757 4310 pari
772 4227 951 4294 velocitate
965 4228 1141 4311 transferri,
1155 4231 1241 4294 sicut
1256 4230 1431 4295 manifeste

280 4340 393 4412 potest
426 4330 529 4396 homo
556 4332 812 4415 deprehendere,
837 4333 865 4397 si
898 4332 997 4397 villae
1027 4333 1080 4396 vel
1113 4353 1258 4409 nemora,
1281 4334 1334 4398 vel
1364 4334 1431 4398 alia

280 4455 419 4518 corpora
434 4434 501 4499 sint
515 4445 595 4501 ante
612 4457 689 4500 eum
704 4437 792 4502 circa
807 4437 918 4501 locum
934 4437 1024 4501 iridis
1038 4458 1046 4516 ;
1068 4437 1195 4502 videbit
1210 4438 1298 4502 enim
1314 4438 1431 4504 iridem

377 4571 385 4600 ¹
401 4571 457 4620 'l'ne
467 4573 566 4634 words,
577 4574 644 4623 hauc
655 4574 826 4638 latitudinem,
838 4582 865 4624 et
875 4574 926 4624 hoc
937 4588 1019 4636 usque
1029 4574 1072 4637 ad,
1083 4589 1128 4624 are
1140 4574 1247 4625 omitted
1258 4574 1286 4624 in
1297 4574 1322 4635 J.

377 4647 389 4682 ²
404 4649 606 4702 videlicet-not
616 4652 668 4716 vel,
679 4667 709 4702 as
719 4653 747 4701 in
757 4653 784 4714 J.
