3542 5359
200 806 221 854 ls
232 819 290 855 con·

199 872 299 920 tinnous

200 936 260 986 with
273 935 315 984 the

199 1002 307 1052 incident

200 1082 258 1131 ray3
273 1068 316 1117 the

198 1132 320 1182 direction

198 1198 259 1262 only
269 1200 291 1248 is

199 1264 320 1329 changed.

368 614 429 690 480
629 616 966 677 MULTIPLICATIO
991 616 1247 677 SPECIERUM.

369 783 477 862 primo
500 782 616 846 videns
647 782 737 845 illam
760 781 901 846 formam
933 780 965 843 in
993 790 1087 863 parte
1109 780 1234 864 speculi
1258 780 1366 861 prima
1390 789 1529 861 propter

369 884 441 965 hoc,
463 887 554 968 quod
578 885 683 949 forma
710 886 756 949 ibi
787 884 856 948 fixa
885 894 945 959 est,
971 885 1106 966 incipiat
1138 885 1261 948 moveri
1292 904 1311 947 a
1342 884 1407 948 situ
1440 883 1527 946 illius

369 992 483 1070 partis,
500 989 609 1055 adhuc
629 991 757 1054 videret
779 1011 814 1053 se
830 989 870 1053 in
894 1001 987 1071 parte
1011 987 1068 1051 illa
1085 987 1219 1072 speculi,
1235 989 1314 1071 quia
1331 988 1437 1052 forma
1451 988 1527 1070 ejus

369 1091 437 1157 fixa
453 1104 526 1169 est;
547 1095 633 1158 sicut
651 1096 785 1176 quando
802 1095 850 1159 sic
870 1104 1021 1157 movetur
1039 1094 1165 1157 videret
1188 1112 1257 1155 rem
1280 1103 1525 1175 quantumcun-

369 1216 434 1279 que
456 1197 558 1262 fixam
583 1198 616 1261 in
638 1219 700 1262 suo
724 1198 807 1263 loco.
853 1196 921 1261 Sed
938 1218 1026 1260 nunc
1043 1208 1175 1260 nonest
1192 1198 1258 1274 ita;
1282 1218 1323 1261 eo
1341 1198 1525 1278 quodcum

367 1301 483 1366 videns
504 1313 554 1366 est
578 1304 612 1366 in
634 1302 761 1365 directo
783 1305 946 1366 secundae
969 1303 1081 1383 partis,
1096 1302 1148 1364 vel
1171 1302 1288 1366 tertiae
1303 1300 1355 1364 vel
1376 1312 1526 1383 quartae,

366 1405 457 1469 videt
473 1427 509 1469 se
530 1405 582 1470 vel
607 1405 746 1470 formam
770 1427 836 1469 non
861 1407 895 1469 in
919 1408 1025 1487 prima
1047 1382 1155 1488 parte:
1168 1407 1228 1469 sed
1247 1406 1280 1468 in
1304 1407 1449 1469 secunda
1470 1406 1526 1469 vel

366 1509 464 1572 tertia
488 1510 542 1571 vel
572 1519 700 1590 quarta,
723 1508 775 1573 vel
805 1510 916 1592 aliqua
946 1510 1012 1573 alia
1044 1522 1193 1593 respectu
1222 1510 1315 1592 cujus
1345 1531 1381 1574 se
1410 1510 1524 1574 habet.

366 1611 524 1695 Amplius
545 1614 618 1676 viso
644 1612 754 1696 aliquo
781 1634 929 1696 corpore,
953 1625 986 1679 et
1008 1616 1142 1679 vidente
1164 1615 1208 1677 ab
1231 1635 1271 1678 eo
1295 1614 1358 1678 situ
1383 1624 1525 1692 remote,

366 1719 488 1798 poterit
504 1719 653 1782 accidere
667 1718 758 1799 quod
773 1739 837 1781 non
856 1719 984 1783 videbit
999 1740 1120 1800 corpus
1140 1718 1221 1782 illud
1241 1720 1274 1781 in
1296 1718 1432 1800 speculo
1454 1718 1526 1794 illo,

367 1821 443 1885 licet
458 1822 569 1885 videat
584 1831 690 1886 totam
709 1822 832 1905 speculi
848 1821 1056 1905 superficiem
1070 1846 1077 1901 ;
1092 1825 1182 1907 quod
1199 1824 1334 1904 quidem
1351 1843 1416 1885 non
1432 1836 1524 1886 esset

366 1926 394 1989 si
412 1924 654 2007 imprimeretur
676 1925 782 1989 forma
803 1928 837 1990 in
859 1927 1003 2009 speculo,
1020 1948 1095 1992 curn
1119 1928 1271 1991 videatur
1292 1927 1464 2009 speculum
1487 1937 1525 1989 et

366 2029 537 2113 speculum
560 2050 627 2094 non
655 2039 761 2094 mutet
792 2030 911 2107 locum,
934 2042 970 2096 et
994 2052 1114 2113 corpus
1137 2032 1266 2095 visibile
1298 2031 1452 2095 similiter
1478 2033 1525 2094 sit

368 2137 553 2211 immotum,
579 2136 658 2216 quia
688 2133 794 2198 sorma
820 2134 891 2217 ejus
913 2135 1063 2199 similiter
1090 2136 1211 2201 inficiet
1242 2135 1412 2219 speculum
1435 2136 1525 2200 sicut

367 2241 466 2320 prius.
510 2238 668 2321 Amplius
691 2239 762 2301 viso
789 2259 927 2321 corpore
958 2240 992 2302 in
1021 2240 1156 2321 speculo
1186 2252 1220 2304 et
1251 2249 1327 2321 post
1356 2240 1525 2322 elongato,

366 2339 668 2422 comprehendetur
694 2359 813 2421 corpus
839 2340 946 2422 magis
978 2342 1062 2403 intra
1091 2340 1261 2423 speculum
1292 2360 1391 2421 quam
1420 2340 1525 2422 prius,

366 2444 455 2525 quod
473 2463 538 2506 non
555 2445 618 2507 erit
637 2444 665 2506 si
686 2441 793 2506 forma
810 2444 956 2526 corporis
979 2445 1022 2507 sit
1045 2445 1077 2507 in
1101 2444 1271 2526 superficie
1294 2443 1428 2526 speculi.
1476 2443 1524 2507 Et

367 2546 504 2630 planum
531 2558 582 2611 est
607 2549 828 2611 consideranti
852 2548 944 2631 quod
968 2548 1058 2611 nulla
1081 2548 1191 2612 forma'
1212 2560 1263 2612 est
1296 2550 1458 2632 impressa
1488 2551 1524 2612 in

366 2652 503 2735 speculo
533 2672 592 2733 per
624 2650 847 2725 reflexionem,
868 2652 937 2716 sed
967 2654 1074 2735 magis
1104 2654 1329 2731 contrarium3
1361 2654 1523 2734 quoniam

366 2755 516 2833 reflexio,
530 2766 566 2819 ut
588 2756 715 2819 dictum
738 2766 789 2819 est
812 2756 912 2839 prius,
929 2766 980 2819 est
1001 2757 1132 2820 virtutis
1154 2759 1318 2821 venientis
1340 2760 1383 2822 ad
1406 2777 1523 2840 super-

366 2860 473 2924 ficiem
504 2860 598 2925 densi
625 2859 812 2943 generantis
837 2881 873 2923 se
898 2860 931 2922 in
960 2871 1088 2943 partem
1113 2862 1313 2924 contrariam
1341 2872 1374 2924 et
1405 2872 1525 2926 contra

366 2964 526 3029 incessum
552 2964 761 3041 incidentem,
787 2965 960 3029 occasione
988 2974 1122 3046 sumpta
1149 2984 1169 3027 a
1194 2965 1359 3029 densitate
1384 2966 1522 3048 speculi,

365 3089 452 3150 quae
474 3068 628 3150 prohibet
648 3070 823 3133 transitum
845 3068 948 3150 ipsius
967 3069 1098 3133 virtutis
1115 3090 1151 3133 se
1170 3069 1429 3150 multiplicantis.
1473 3070 1522 3134 Et

366 3172 442 3235 ideo
465 3192 533 3235 non
558 3173 717 3254 imprimit
740 3172 822 3235 haec
844 3173 948 3236 virtus
972 3172 1097 3255 aliquid
1129 3174 1162 3235 in
1185 3173 1328 3256 specul0,
1354 3174 1413 3237 sed
1441 3172 1524 3237 facit

364 3296 458 3338 suam
485 3277 629 3358 speciem
658 3277 690 3338 in
716 3296 792 3339 aere
817 3277 1001 3342 recedendo
1027 3299 1047 3341 a
1073 3277 1208 3360 speculo
1238 3297 1296 3360 per
1325 3279 1522 3341 continuam

365 3380 622 3460 generationem.
663 3380 789 3444 Verum
811 3381 871 3444 tali
893 3381 1101 3463 impressioni
1125 3380 1231 3445 factae
1253 3383 1287 3444 in
1309 3379 1446 3465 speculo
1468 3404 1521 3445 re-

365 3492 494 3566 pugnat
520 3482 591 3564 ipsa
621 3484 805 3567 proprietas
835 3484 1047 3560 reflexionis3
1085 3486 1176 3566 quod
1204 3484 1231 3547 si
1257 3506 1301 3548 ex
1331 3486 1520 3549 abundanti

365 3587 486 3650 virtute
508 3587 699 3668 generativa
724 3588 774 3650 sui
801 3587 919 3651 similis
946 3598 1058 3671 posset
1081 3588 1136 3651 illa
1158 3588 1294 3671 species,
1317 3589 1450 3651 veniens
1475 3591 1520 3653 ad

363 3690 571 3773 superficiem
587 3691 723 3773 speculi,
740 3712 805 3754 non
820 3692 929 3755 solum
946 3712 1005 3775 per
1021 3692 1236 3755 reflexionem
1253 3712 1412 3775 generare
1428 3712 1464 3756 se
1486 3696 1520 3755 in

363 3796 563 3860 contrariam
589 3796 776 3879 partemin
800 3817 885 3873 aere,
908 3797 966 3860 sed
994 3797 1027 3859 in
1060 3798 1245 3861 substantia
1271 3796 1406 3880 speculi,
1431 3796 1521 3860 sicut

364 3900 449 3962 bene
465 3899 623 3982 possibile
643 3909 702 3977 est,
718 3908 830 3963 tamen
852 3899 908 3963 illa
927 3901 1054 3982 species
1073 3902 1119 3964 sic
1145 3901 1176 3961 in
1197 3899 1332 3981 speculo
1355 3900 1521 3981 producta

364 4004 444 4067 nihil
467 4002 546 4068 sacit
568 4004 611 4067 ad
631 4004 790 4067 visionem
813 4023 873 4085 per
896 4002 1125 4081 reflexionem,
1139 4013 1172 4066 et
1197 4024 1254 4087 per
1277 4006 1520 4085 proprietatem

362 4107 498 4190 speculi,
509 4107 634 4173 scilicet
649 4119 686 4171 ut
702 4128 760 4190 per
772 4127 845 4170 eam
859 4128 910 4170 res
921 4106 1057 4171 visibilis
1068 4118 1289 4189 cognoscatur
1305 4117 1338 4170 et
1350 4109 1522 4183 videatur;

362 4213 427 4275 hoc
442 4214 531 4274 enim
549 4211 751 4294 impossibile
766 4220 826 4285 est,
843 4222 876 4274 et
895 4213 1040 4275 otiosum
1061 4212 1087 4274 si
1109 4212 1155 4274 sic
1175 4220 1280 4273 esset:
1313 4212 1523 4293 impossibile

362 4316 508 4397 quidem,
524 4326 658 4397 propter
673 4315 817 4378 rationes
832 4325 940 4378 tactas
960 4316 1003 4378 de
1024 4316 1125 4379 modo
1140 4316 1274 4379 videndi
1293 4336 1349 4396 per
1365 4313 1523 4381 reflexio·

364 4439 451 4495 nem,
473 4429 508 4481 et
530 4421 711 4482 secundum
734 4420 971 4500 proprietatem
995 4418 1206 4494 reflexionis3
1236 4420 1379 4482 otiosum
1403 4430 1521 4485 autem

362 4532 450 4586 esset
477 4533 510 4585 et
534 4542 666 4599 vanum,
692 4524 771 4603 quia
799 4522 921 4587 sufficit
947 4522 1084 4587 reflexio
1109 4542 1166 4585 seu
1192 4522 1298 4587 forma
1323 4520 1458 4599 reflexa,
1483 4537 1524 4589 ut

363 4625 512 4706 perficiat
535 4626 694 4688 visionem
718 4629 761 4690 de
784 4646 819 4689 re
840 4626 972 4701 visibili,
993 4638 1153 4709 quantum
1179 4628 1222 4691 ad
1245 4626 1331 4689 hanc
1353 4628 1524 4693 visionem
