3542 5359
361 609 422 672 224
566 592 722 653 OPERIS
747 593 938 663 MAJORIS
963 592 1077 651 PARS
1102 591 1302 651 SEPTIMA.

360 756 557 842 principales
583 757 794 841 operationes
816 758 970 835 hominis,
994 777 1079 839 quae
1105 767 1182 821 sunt
1204 756 1290 820 circa
1315 754 1454 818 virtutes
1480 762 1514 817 et

359 864 440 928 vitia
450 861 471 942 ¹,
487 873 520 927 et
537 862 726 927 felicitatem
742 873 775 927 et
791 863 956 926 miseriam
971 862 1105 926 alterius
1121 861 1218 925 vitae.

191 980 228 1028 Its
242 979 347 1030 relation
406 969 499 1032 Haec
513 988 591 1031 vero
610 967 756 1050 practica
778 977 915 1032 vocatur
936 965 1068 1030 moralis
1090 973 1123 1028 et
1142 964 1247 1030 civilis
1267 964 1412 1038 scientia,
1428 983 1514 1046 quae

191 1055 218 1094 to
231 1047 313 1096 Theo·

193 1113 261 1176 logy.

196 3065 219 3115 It
231 3079 332 3131 presup-

195 3147 269 3197 poses
280 3131 322 3180 the

195 3198 284 3246 results
295 3197 323 3245 ol

196 3260 329 3340 preceding

196 3343 312 3380 scrences

360 1073 491 1136 ordinat
511 1072 680 1135 hominem
703 1072 746 1136 ad
768 1072 878 1134 Deum
901 1081 936 1134 et
958 1071 1001 1134 ad
1022 1071 1222 1152 proximum,
1237 1079 1271 1133 et
1294 1069 1337 1131 ad
1362 1068 1514 1150 seipsum,

361 1187 395 1240 et
418 1176 538 1259 probat
560 1177 620 1238 has
643 1175 872 1254 ordinationes,
893 1185 927 1239 et
953 1175 997 1239 ad
1022 1195 1078 1238 eas
1105 1195 1165 1238 nos
1189 1175 1306 1237 invitat
1330 1183 1364 1235 et
1388 1172 1514 1237 excitat

361 1279 545 1344 efficaciter.
593 1279 688 1343 Haec
718 1281 805 1342 enirn
836 1280 973 1344 scientia
1002 1290 1054 1344 est
1079 1278 1124 1342 de
1152 1278 1259 1342 salute
1287 1277 1430 1341 hominis
1457 1297 1515 1359 per

360 1386 514 1448 virtutem
542 1393 575 1448 et
601 1382 791 1447 felicitatem
814 1382 1032 1465 complenda3
1062 1392 1096 1446 et
1122 1383 1245 1464 aspirat
1272 1380 1353 1444 haec
1377 1381 1515 1445 scientia

361 1490 403 1553 ad
426 1487 516 1553 illam
539 1490 690 1569 salutern,
705 1499 866 1571 quantum
888 1498 999 1572 potest
1019 1486 1250 1571 philosophia;
1277 1509 1321 1551 ex
1342 1488 1462 1572 quibus
1482 1488 1515 1550 in

363 1592 535 1656 universali
566 1603 660 1677 patet
692 1592 782 1677 quod
817 1594 898 1656 haec
931 1593 1068 1656 scientia
1105 1602 1157 1656 est
1190 1590 1332 1655 nobilior
1362 1591 1515 1654 omnibus

362 1697 513 1779 partibus
543 1695 782 1779 philosophiae.
828 1697 918 1760 Nam
947 1718 1022 1760 curn
1052 1697 1095 1760 sit
1121 1697 1302 1779 sapientiae
1327 1693 1516 1759 humanae²

363 1799 437 1863 finis
452 1801 607 1879 internus,
622 1811 656 1865 et
676 1800 750 1864 finis
771 1812 821 1866 est
841 1802 1080 1864 nobilissimum
1102 1801 1135 1863 in
1155 1823 1189 1865 re
1209 1800 1367 1883 qualibet,
1382 1807 1514 1883 oportet

362 1904 453 1986 quod
469 1904 550 1969 haec
565 1905 701 1969 scientia
716 1905 758 1969 sit
775 1905 988 1970 nobilissima.
1024 1904 1208 1970 Similiter³
1222 1907 1265 1969 de
1280 1906 1396 1967 iisdem
1413 1923 1516 1984 nego·

361 2011 464 2074 tiatur
486 2009 568 2073 haec
587 2009 660 2073 sola
681 2010 825 2089 scientia,
845 2010 898 2074 vel
922 2010 1080 2084 maxime,
1105 2011 1147 2074 de
1169 2010 1290 2093 quibus
1314 2006 1516 2090 Theologia:

361 2115 439 2196 quia
464 2115 650 2196 Theologia
677 2136 744 2178 non
771 2115 958 2180 considerat
985 2115 1045 2178 nisi
1073 2115 1218 2197 quinque
1244 2115 1414 2196 praedicta
1442 2113 1516 2178 licet

362 2217 427 2282 alio
452 2219 562 2292 modo,
583 2219 709 2284 scilicet
732 2219 764 2283 in
789 2218 854 2283 fide
877 2219 1010 2283 Christi,
1057 2219 1126 2282 Et⁴
1148 2219 1232 2282 haec
1254 2219 1388 2282 scientia
1412 2217 1517 2282 multa

363 2322 530 2406 praeclara
561 2325 751 2387 testimonia
780 2324 823 2388 de
854 2325 970 2388 eadem
1001 2323 1067 2388 fide
1098 2325 1267 2401 continet;
1305 2332 1338 2386 et
1368 2343 1388 2386 a
1419 2323 1517 2406 longe

362 2427 520 2492 articulos
551 2427 749 2511 principales
787 2427 900 2493 olfacit
935 2430 967 2491 in
1006 2449 1165 2511 magnum
1203 2427 1403 2511 adjutorium
1439 2427 1516 2492 fidei

365 2531 572 2597 Christianae
602 2543 639 2597 ut
668 2534 838 2615 sequentia
871 2535 1098 2598 declarabunt.
1153 2533 1220 2599 Sed
1252 2533 1434 2616 Theologia
1466 2544 1516 2596 est

363 2636 573 2700 scientiarum
604 2636 829 2714 nobilissima3
866 2658 947 2720 ergo
980 2638 1037 2703 illa
1067 2658 1153 2721 quae
1187 2639 1336 2702 maxime
1366 2638 1516 2702 convenit

363 2758 438 2802 curn
463 2759 503 2802 ea
528 2748 580 2804 est
605 2740 747 2804 nobilior
773 2741 858 2804 inter
883 2752 1038 2806 caeteras.
1085 2742 1153 2807 Sed
1179 2750 1216 2804 ut
1239 2740 1338 2822 hujus
1363 2741 1518 2805 scientiae

364 2843 488 2905 utilitas
512 2852 625 2924 pateat
651 2843 807 2923 maxima,
830 2854 962 2928 oportet
985 2844 1057 2928 ejus
1081 2854 1192 2929 partes
1216 2843 1414 2927 investigari,
1434 2863 1516 2926 qua·

364 2957 461 3011 tenus
476 2949 519 3010 de
535 2948 684 3030 partibus
699 2958 734 3012 et
749 2957 823 3013 toto
838 2949 929 3031 quod
943 2948 1096 3013 volumus
1112 2948 1317 3014 extrahatur.

410 3050 456 3114 Et
477 3052 635 3133 quoniam
658 3051 795 3115 Moralis
811 3052 1025 3137 Philosophia
1046 3063 1096 3117 est
1116 3053 1190 3118 finis
1206 3055 1355 3118 omniurn
1373 3053 1516 3135 partium

364 3155 606 3239 philosophiae,
621 3177 754 3220 necesse
775 3166 881 3221 estut
902 3157 1127 3223 conclusiones
1150 3157 1287 3222 aliarum
1309 3159 1517 3223 scientiarum

365 3259 431 3322 sint
452 3258 613 3343 principia
635 3260 669 3322 in
693 3281 731 3323 ea
753 3263 933 3325 secundum
956 3261 1097 3327 sormam
1121 3263 1388 3347 praecedentium
1411 3263 1517 3326 scien-

366 3362 485 3426 tiarum
509 3363 553 3427 ad
578 3374 774 3445 sequentes;
800 3366 876 3448 quia
901 3365 1127 3432 conclusiones
1150 3367 1416 3451 praecedentium
1439 3387 1518 3448 sup-

366 3476 533 3549 ponuntur
549 3467 582 3530 in
600 3468 900 3551 subsequentibus⁶
918 3471 1117 3535 naturaliter.
1164 3471 1210 3536 Et
1229 3472 1304 3536 ideo
1323 3471 1519 3535 conveniens

365 3582 417 3637 est
431 3582 468 3634 ut
489 3571 552 3636 sint
572 3572 604 3634 in
625 3574 898 3654 praecedentibus
918 3576 1005 3639 bene
1025 3575 1185 3657 probatae
1206 3586 1240 3639 et
1260 3576 1467 3652 certificatae,
1482 3584 1519 3638 ut

366 3685 553 3741 mereantur
580 3677 685 3761 accipi
713 3679 746 3740 in
772 3699 833 3741 usu
859 3680 1070 3744 scientiarum
1100 3682 1309 3764 sequentium
1336 3681 1519 3744 secundum

365 3781 455 3864 quod
475 3801 519 3844 ex
541 3780 775 3864 metaphysicis
795 3793 913 3864 patens
933 3793 994 3846 est.
1041 3783 1087 3848 Et
1108 3785 1184 3849 ideo
1203 3784 1363 3869 principia
1382 3782 1519 3847 Moralis

367 3883 600 3968 Philosophiae
629 3884 873 3950 certificantur⁶
904 3887 936 3950 in
974 3888 1120 3952 scientiis
1154 3889 1449 3971 praecedentibus:
1486 3898 1520 3950 et

366 4001 502 4073 propter
524 3990 588 4054 hoc
610 3991 735 4056 debent
757 3991 839 4056 haec
861 3993 1021 4076 principia
1048 3992 1178 4057 extrahi
1201 4014 1246 4057 ex
1268 3991 1342 4055 aliis
1368 3992 1520 4068 scientiis,

365 4115 431 4160 non
447 4095 525 4178 quia
540 4106 618 4159 sunt
634 4094 763 4159 illarum
784 4098 842 4160 sed
859 4098 938 4179 quia
953 4117 994 4159 ea
1012 4119 1092 4163 suae
1113 4097 1323 4162 dominatrici
1344 4116 1520 4179 praepara·

365 4209 492 4263 verunt.
538 4199 639 4264 Unde
660 4201 846 4283 ubicunque
865 4201 1071 4266 inveniantur
1090 4202 1282 4266 ascribenda
1297 4212 1375 4266 sunt
1397 4199 1516 4264 Morali

368 4302 611 4385 Philosophiae,
642 4306 799 4386 quoniam
836 4307 1018 4369 secundum
1056 4306 1277 4370 substantiam
1311 4325 1406 4369 suam
1439 4315 1519 4368 sunt

497 4461 505 4491 ¹
524 4472 551 4513 et
562 4465 622 4513 vitia
635 4481 685 4514 orn.
699 4465 733 4516 Μ.
1123 4469 1134 4498 ¹
1149 4470 1277 4518 humanae
1289 4485 1341 4518 om.
1354 4467 1389 4517 ll.

495 4542 505 4573 ⁸
521 4551 659 4602 caeterum,
672 4543 707 4594 Μ.
718 4561 725 4604 ;
742 4544 866 4608 similiter,
879 4545 911 4598 0.
1125 4549 1134 4577 ¹
1150 4547 1304 4610 Quanquam
1315 4555 1351 4605 et,
1364 4546 1400 4596 ll.

497 4619 507 4648 ³
522 4624 696 4685 sequentibus,
710 4624 746 4675 Μ.
1126 4625 1137 4654 ⁸
1151 4627 1323 4687 verificam,
1336 4624 1373 4675 Μ.
