3542 5359
538 629 654 688 PARS
678 626 903 686 SECUNDA:
940 623 1028 684 CAP.
1057 625 1109 683 IV.
1340 637 1401 699 473

250 793 391 857 dicenda
420 803 506 856 sunt.
554 791 693 856 Coelum
723 799 834 853 autem
864 796 964 852 vocat
992 787 1127 851 aethera
1157 787 1189 849 in
1219 805 1287 866 quo
1320 785 1401 848 dicit

250 899 359 961 sidera
380 896 543 968 collocari,
564 907 598 960 et
620 915 740 977 corpus
762 893 989 976 contiguarum
1014 891 1138 955 aetheri
1161 899 1260 954 vocat
1282 909 1401 965 aerem,

251 1002 314 1063 sub
340 1021 416 1065 aere
441 1001 726 1083 comprehendens
750 999 924 1081 sphaeram
957 997 1042 1078 ignis
1073 1004 1209 1077 propter
1238 995 1400 1058 rationem

250 1107 425 1170 dicendam
447 1106 590 1169 inferius.
636 1104 682 1168 Et
700 1104 851 1166 similiter
868 1100 1020 1164 Alhazen
1038 1120 1106 1163 non
1124 1107 1218 1164 curat
1233 1098 1276 1161 de
1293 1099 1403 1161 diver·

251 1210 350 1272 sitate
367 1211 451 1290 ignis
468 1220 502 1273 et
516 1211 609 1286 aeris,
626 1219 664 1272 ut
679 1208 817 1290 patebit.

296 1313 385 1376 Dicit
408 1315 509 1395 igitur
532 1313 750 1389 Ptolemaeus,
772 1307 975 1375 ‘Possibile¹
1003 1319 1054 1371 est
1080 1309 1177 1372 nobis
1199 1309 1404 1392 dignoscere,

252 1420 341 1498 quod
370 1419 402 1480 in
431 1417 504 1480 loco
530 1419 787 1499 contignationis
814 1405 900 1479 aeris
926 1415 968 1478 ad
995 1414 1163 1478 aetherem
1197 1413 1234 1478 fit
1265 1415 1402 1477 reflexio

251 1519 356 1598 radii,’
369 1522 402 1585 id
414 1531 473 1598 est,
484 1521 600 1585 tractio
616 1521 723 1585 lineae
737 1542 744 1596 ;
766 1525 774 1552 ⁴
788 1522 972 1584 invenimus
983 1521 1071 1582 enirn
1088 1539 1146 1595 res
1159 1539 1244 1602 quae
1255 1521 1403 1582 oriuntur

251 1637 285 1689 et
303 1627 459 1689 occidunt
479 1627 587 1707 magis
608 1625 812 1689 declinantes
832 1625 874 1687 ad
899 1623 1165 1706 septentrionem,
1185 1643 1260 1686 cum
1282 1622 1402 1686 fuerint

253 1750 357 1813 prope
378 1732 560 1808 horizonta,
586 1741 620 1795 et
647 1732 784 1794 metitae
811 1730 930 1794 suerint
958 1749 1015 1811 per
1042 1731 1258 1792 instrumenta
1281 1730 1402 1810 quibus

252 1846 485 1899 mensurantur
514 1837 630 1900 sidera.
690 1835 774 1899 Cum
803 1836 891 1899 enim
922 1832 1041 1896 fuerint
1068 1834 1212 1896 orientes
1237 1832 1290 1895 vel
1317 1835 1402 1895 occi·

252 1940 381 2018 dentes
395 1939 507 2003 circuli
528 1941 659 2022 utrique
678 1940 940 2022 aequidistantes
960 1937 1193 2019 aequinoctiali
1209 1937 1264 2018 qui
1281 1936 1403 2000 descri-

250 2044 375 2107 buntur
410 2064 509 2125 super
543 2044 617 2108 illas
654 2045 904 2127 propinquiores
935 2051 1013 2104 sunt
1046 2041 1263 2123 septentrioni
1300 2061 1402 2122 quam

252 2147 363 2211 circuli
395 2151 452 2230 qui
483 2150 712 2213 describuntur
736 2169 834 2230 super
863 2145 935 2209 illas
965 2165 1040 2209 cum
1074 2145 1194 2209 fuerint
1226 2146 1259 2207 in
1292 2145 1402 2207 medio

251 2252 344 2316 coeli.
400 2254 445 2316 Et
480 2264 606 2334 quanto
640 2255 747 2335 magis
781 2251 1050 2336 appropinquant
1079 2248 1242 2313 horizonti
1277 2249 1403 2312 habent

253 2356 413 2436 majorem
449 2357 703 2420 declinationem
737 2356 781 2419 ad
817 2355 1086 2438 septentrionem.
1133 2351 1285 2417 Siderum
1324 2372 1402 2415 vero

252 2480 383 2542 semper
397 2462 629 2543 apparentium
644 2461 802 2524 distantia
816 2480 837 2522 a
851 2459 1103 2542 septentrionali
1124 2457 1202 2540 polo
1217 2458 1279 2520 erit
1295 2458 1403 2521 minor

253 2583 329 2626 cum
347 2562 492 2628 fueritin
509 2564 715 2628 meridionali
732 2564 817 2628 linea
825 2584 939 2628 versus
954 2563 1145 2639 horizonta;
1165 2572 1288 2625 etcum
1305 2561 1403 2625 suerit

255 2669 288 2730 in
316 2667 401 2730 linea
425 2667 629 2732 meridionali
654 2669 686 2731 in
709 2667 782 2732 loco
805 2669 861 2751 qui
889 2678 941 2731 est
963 2668 1177 2749 propinquior
1199 2677 1323 2749 puncto
1345 2666 1402 2749 qui

253 2782 304 2834 est
320 2792 418 2854 super
436 2781 535 2854 caput
552 2781 702 2835 nostrum
729 2771 767 2836 fit
786 2773 820 2834 in
839 2773 911 2853 ipso
927 2771 1001 2835 loco
1019 2770 1159 2835 circulus
1179 2769 1404 2853 aequidistans

252 2875 485 2958 aequinoctiali
502 2875 619 2957 major,
635 2877 668 2938 in
687 2876 786 2958 priori
801 2885 914 2939 autem
927 2874 1001 2939 loco
1017 2875 1134 2938 minor.
1166 2875 1266 2958 Quod
1283 2877 1404 2940 accidit

255 2991 391 3062 propter
411 2979 588 3044 flexionem
606 2981 697 3058 radii,
713 3001 800 3062 quae
820 2981 894 3044 fita
913 2977 1085 3062 superficie
1105 2999 1190 3060 quae
1206 2979 1404 3045 determinat

255 3086 340 3148 inter
350 3106 460 3149 aerem
475 3094 509 3147 et
524 3085 704 3163 aetherem,
716 3105 801 3166 quae
817 3085 917 3150 debet
932 3103 1005 3146 esse
1015 3084 1195 3165 sphaerica,
1205 3094 1239 3148 et
1254 3095 1401 3149 centrum

253 3189 324 3270 ejus
353 3200 405 3254 est
437 3197 587 3252 centrum
618 3210 796 3254 commune
831 3187 989 3252 universis
1023 3187 1205 3263 elementis,
1232 3190 1322 3271 quod
1354 3199 1404 3254 est

252 3304 402 3358 centnrm
417 3291 543 3358 terrae?

297 3399 404 3482 Igitur
417 3399 549 3463 videtur
564 3399 661 3464 stella
677 3399 859 3465 describere
875 3399 1037 3463 minorem
1059 3397 1216 3464 circulum
1232 3401 1274 3464 de
1293 3400 1402 3482 aequi-

253 3504 453 3567 distantibus
466 3505 698 3587 aequinoctiali
710 3507 845 3587 quando
861 3504 957 3568 estin
974 3503 1145 3568 horizonte
1156 3524 1255 3586 quam
1268 3508 1403 3587 quando

254 3606 329 3688 plus
349 3609 508 3682 ascendit,
530 3610 576 3672 ita
596 3611 685 3691 quod
707 3619 834 3690 quanto
857 3609 963 3691 magis
986 3608 1135 3672 ascendit
1157 3629 1271 3672 versus
1294 3609 1403 3672 zenith

253 3713 381 3793 capitis,
407 3721 503 3775 tanto
530 3713 690 3794 majorem
721 3713 998 3795 aequidistantem
1025 3712 1175 3776 videatur
1200 3713 1404 3790 describere3

253 3835 338 3896 quae
359 3816 585 3897 aequidistans
605 3826 656 3880 est
671 3816 777 3897 major
796 3815 979 3880 necessario
1000 3825 1136 3898 propter
1157 3815 1317 3898 majorem
1337 3816 1404 3881 dis-

254 3919 395 3984 tantiam
423 3939 443 3981 a
471 3917 559 4000 polo,
585 3928 622 3981 ut
652 3929 746 4000 patet
771 3921 815 3983 ad
840 3939 972 3984 sensum
1005 3921 1037 3983 in
1068 3920 1219 4002 sphaera,
1244 3921 1403 4003 quoniam

253 4025 364 4106 portio
393 4021 504 4086 circuli
531 4021 752 4087 meridionalis
786 4044 844 4087 seu
874 4023 1050 4106 cujuslibet
1081 4023 1183 4089 coluri
1214 4025 1321 4106 major
1353 4037 1405 4090 est

255 4129 340 4191 inter
366 4127 481 4210 polum
513 4137 546 4190 et
576 4130 853 4210 aequidistantem
879 4149 979 4210 quam
1011 4129 1169 4193 describit
1195 4129 1299 4207 stella,
1326 4150 1402 4193 cum

253 4231 355 4296 fertur
375 4252 434 4313 per
452 4232 562 4295 zenith
583 4233 711 4316 capitis,
730 4252 831 4315 quam
852 4233 988 4315 quando
1007 4243 1058 4297 est
1080 4234 1111 4296 in
1131 4233 1310 4297 horizonte.
1358 4235 1403 4298 Et

285 4370 294 4399 ¹
311 4368 378 4416 Ptol.
397 4367 485 4432 opat,
500 4383 525 4430 p.
542 4381 596 4429 15¹.
630 4368 695 4418 This
711 4371 734 4418 is
752 4386 768 4418 a
784 4369 867 4420 literal
883 4371 1019 4432 quotation
1034 4370 1099 4420 lrom
1116 4372 1161 4420 the
1179 4370 1235 4419 fil'th
1255 4371 1362 4433 chapter
1378 4372 1409 4420 os

253 4448 394 4508 Ptolemy's
414 4447 509 4508 optical
528 4447 609 4496 work.
647 4447 677 4496 ln
696 4449 749 4499 this
766 4449 883 4512 chapter,
899 4450 985 4498 which
1006 4449 1028 4497 is
1045 4451 1090 4498 the
1110 4457 1177 4498 most
1193 4450 1302 4511 original
1317 4448 1347 4498 ol
1360 4449 1404 4496 the

252 4528 367 4585 treatise,
380 4525 498 4587 Ptolemy
514 4526 588 4585 gives
601 4528 685 4576 table·
700 4528 730 4577 ol
742 4527 881 4577 refraction
897 4528 937 4576 for
952 4529 1071 4578 different
1082 4528 1172 4590 angles
1186 4529 1250 4578 irom
1264 4525 1307 4578 ιοο
1318 4535 1345 4576 to
1359 4525 1405 4576 80⁹

253 4606 292 4654 ior
307 4619 368 4667 says
383 4605 489 4668 passing
502 4603 569 4654 from
584 4605 624 4654 air
636 4613 664 4655 to
674 4614 768 4667 water,
778 4606 844 4655 from
855 4615 939 4657 water
950 4615 977 4656 to
988 4607 1033 4667 air,
1046 4608 1097 4656 and
1109 4607 1174 4656 from
1186 4615 1269 4657 water
1279 4615 1307 4656 to
1318 4609 1405 4670 glasia,

253 4701 304 4734 oue
316 4684 346 4733 ol
354 4684 399 4734 the
411 4684 515 4733 earliest
527 4691 648 4747 attempta
659 4693 686 4734 to
697 4686 755 4734 deal
766 4686 962 4749 quantitatively
974 4687 1039 4736 with
1050 4687 1238 4749 experimenta}
1250 4687 1376 4738 research.
