3542 5359
727 599 849 657 266
1154 600 1466 658 OPERIS
1512 600 1889 672 MAJORJS
1936 599 2166 658 PARS
2215 598 2612 658 SEPTIMA.

728 780 900 842 quae
951 762 1297 827 nobiscum
1336 752 1722 828 creverunt?
1819 763 1986 828 Item
2045 752 2299 828 Seneca
2347 764 2434 826 ad
2490 762 2796 826 Helviam
2852 749 3038 837 dicit,

732 865 840 928 ‘In
904 866 1031 930 hoc
1081 864 1281 930 casu¹
1336 887 1507 933 nunc
1552 888 1881 950 compone
1923 867 2184 950 juvenis
2236 889 2473 944 moreS‚
2515 886 2687 930 nunc
2733 865 3039 929 formam.

730 970 959 1035 Altius
996 980 1351 1055 praecepta
1393 972 1806 1034 descendunt
1846 993 2019 1055 quae
2052 972 2293 1037 teneris
2343 973 2815 1055 imprimuntur
2856 977 3042 1033 aeta-

731 1074 924 1137 tibus,
1015 1073 1306 1137 Multum
1369 1075 1428 1137 ei
1487 1075 1696 1152 dabis,
1743 1077 1943 1138 etiam
2006 1077 2060 1138 si
2124 1075 2282 1138 nihil
2344 1076 2603 1140 dederis
2655 1074 2717 1137 ei
2779 1081 3045 1156 praeter

733 1176 1161 1260 exemplum?
1256 1178 1348 1242 Et
1411 1179 1563 1242 ideo
1625 1179 1688 1241 in
1749 1181 2039 1243 secundo
2099 1181 2184 1243 de
2234 1179 2342 1243 Ira
2386 1179 2565 1256 dicit,
2621 1170 3044 1240 ‘Proximis2

728 1273 1099 1364 applicatur
1125 1301 1326 1345 omne
1354 1284 1532 1365 quod
1577 1293 1876 1347 tenerum
1919 1294 2041 1362 est,
2070 1293 2137 1347 et
2168 1283 2232 1346 in
2263 1303 2494 1346 eorum
2535 1280 3042 1346 similitudinem

729 1387 983 1450 crescit.
1063 1386 1415 1450 Nutricum
1439 1396 1506 1449 et
1534 1389 2034 1471 pedagogorum
2062 1386 2341 1451 retulere
2374 1407 2536 1450 mox
2563 1387 2627 1448 in
2652 1383 3040 1448 adolescen-

730 1491 894 1553 tiam
929 1510 1163 1552 moreS.
1255 1489 1460 1573 Apud
1493 1490 1835 1569 Platonem
1876 1492 2197 1555 educatus
2230 1511 2410 1575 puer,
2434 1510 2587 1554 cum
2619 1489 2707 1553 ad
2734 1496 3045 1570 parentes

731 1592 976 1656 relatus
1022 1594 1488 1659 vociferantem
1538 1606 1604 1658 et
1653 1594 2049 1660 clamantem
2098 1595 2283 1660 videt
2343 1604 2622 1677 patrem,
2675 1592 3043 1673 Nunquam

732 1697 876 1772 hoc,
930 1698 1159 1780 inquit,
1208 1701 1386 1781 apud
1450 1700 1790 1763 Platonem
1852 1700 2003 1763 vidi.
2096 1700 2249 1763 Non
2316 1700 2554 1762 dubito
2620 1698 2784 1779 quin
2846 1695 3043 1759 citius

734 1810 992 1882 patrem
1027 1802 1324 1866 imitatus
1355 1813 1529 1867 esset
1551 1823 1751 1887 quam
1779 1803 2145 1883 Platonem,
2170 1804 2223 1865 si
2247 1802 2427 1886 apud
2459 1812 2720 1886 patrem
2754 1798 3045 1862 nutritus

731 1903 999 1969 suisset:

1545 2139 2000 2205 CAPITULUM
2055 2141 2150 2204 1V
2172 2139 2217 2204 ³.

400 2308 538 2358 Eneh
557 2308 614 2356 os
625 2309 708 2356 the
825 2302 917 2367 Et
948 2305 1001 2366 si
1032 2304 1519 2368 consideremus
1547 2325 1627 2368 ea
1656 2325 1828 2387 quae
1858 2306 2085 2370 dicunt
2116 2313 2184 2368 et
2228 2305 2524 2371 fecerunt
2564 2304 2632 2366 in
2663 2300 3051 2386 particulari

397 2389 707 2488 ζίἒῃξω”“
737 2407 825 2470 de
854 2407 1234 2488 hujusmodi
1268 2409 1576 2482 moribuS‚
1608 2411 1982 2492 gratissima
2014 2412 2449 2475 dinoscuntur
2470 2406 2519 2470 ⁴.
2611 2407 2861 2473 Omnia
2885 2425 3050 2469 vero

398 2504 687 2619 3(ῡᾶζέῗά
740 2512 1142 2575 reducuntur
1171 2512 1258 2574 ad
1306 2522 1765 2596 contemptum
1818 2515 2201 2579 divitiarum
2254 2525 2487 2578 contra
2523 2512 2894 2586 avaritiam,
2939 2508 3051 2572 vel

399 2585 621 2698 '‘Knoso-
737 2615 823 2677 ad
884 2617 1270 2697 despectum
1345 2616 1670 2680 honorum
1738 2629 1975 2683 contra
2043 2617 2440 2702 superbiam,
2500 2615 2604 2679 vel
2666 2616 2750 2680 ad
2814 2613 3052 2696 sugam

400 2699 560 2763 9⁵⁶⁵·
737 2719 1117 2783 deliciarum
1150 2729 1378 2784 contra
1410 2721 1739 2785 luxuriam
1759 2731 1829 2785 et
1859 2722 2229 2804 gulam‚vel
2253 2724 2340 2787 ad
2368 2731 2591 2785 motus
2614 2730 2683 2783 et
2704 2719 3053 2800 passiones

738 2824 943 2887 animi
1003 2836 1234 2888 contra
1273 2826 1436 2888 iram
1482 2835 1550 2889 et
1598 2826 1912 2890 invidiam
1959 2835 2026 2889 et
2070 2827 2433 2901 accidiam3
2494 2834 2568 2888 ut
2630 2825 2724 2887 sic
2770 2831 3055 2905 peccata

739 2940 996 3007 septem
1031 2929 1337 2992 mortalia
1377 2929 1770 2993 devitentur.
1864 2930 1956 2993 Et
1993 2931 2217 2993 omnia
2253 2940 2530 3013 peccata
2577 2937 2841 3010 praeter
2878 2927 3052 2989 iram

739 3031 825 3094 ad
891 3052 1204 3114 prospera
1260 3032 1572 3097 seruntur.
1664 3034 1843 3096 Nam
1888 3033 2158 3118 languet
2217 3036 2477 3099 animus
2539 3034 2602 3096 in
2665 3031 2920 3095 divitiis
2983 3039 3058 3094 et

743 3134 1105 3197 honoribus
1134 3146 1202 3197 et
1230 3136 1484 3200 deliciis
1506 3139 1665 3200 dum
1700 3139 1767 3201 in
1799 3138 1927 3202 illis
1949 3139 2315 3203 delectatur
2342 3139 2651 3221 peccatis.
2745 3136 2926 3199 Nam
2964 3135 3057 3198 de

742 3238 1040 3312 avaritia,
1067 3237 1390 3318 superbia,
1422 3238 1704 3320 luxuria,
1737 3242 1914 3324 gula,
1945 3242 2215 3324 planum
2257 3253 2362 3306 est
2406 3243 2587 3322 quod
2626 3242 2714 3304 ad
2751 3240 3057 3304 delecta-

743 3340 992 3403 tionem
1055 3361 1294 3422 magna
1353 3345 1882 3426 concupiscentia
1933 3357 2427 3428 promoventur.
2525 3345 2784 3408 Invidia
2844 3344 3058 3407 etiam

747 3443 833 3506 de
892 3444 1071 3507 bono
1115 3456 1181 3508 et
1227 3448 1660 3527 prosperitate
1704 3449 1973 3515 alterius
2017 3452 2334 3516 exoritur.
2443 3450 2731 3514 Accidia
2777 3448 3055 3529 quidem

749 3547 1038 3611 nascitur
1095 3569 1183 3611 ex
1230 3548 1353 3612 hoc
1397 3552 1574 3632 quod
1623 3552 1686 3614 in
1731 3554 1986 3618 deliciis
2038 3566 2106 3617 et
2165 3554 2440 3618 caeteris
2499 3553 3060 3636 prosperitatibus

745 3651 1005 3714 animus
1046 3652 1452 3717 absorbetur.
1541 3654 1732 3721 Tunc
1774 3659 1950 3721 enim
1999 3659 2219 3722 evenit
2266 3659 2520 3721 homini
2561 3658 2864 3722 taedium
2917 3656 3058 3719 veri

747 3755 907 3818 boni
965 3757 1142 3837 quod
1191 3756 1255 3818 in
1301 3758 1546 3822 virtute
1590 3763 1909 3837 consistit,
1957 3772 2026 3826 et
2069 3764 2373 3827 tristatur
2415 3763 2501 3826 ad
2548 3781 2751 3825 omne
2788 3761 3062 3823 virtutis

746 3878 935 3938 opus,
968 3859 1140 3923 iners
1169 3871 1236 3922 et
1271 3859 1624 3943 languidus
1653 3865 1754 3927 cui
1781 3884 1959 3928 mors
1994 3867 2255 3929 animae
2286 3867 2351 3929 in
2396 3866 2616 3947 januis
2652 3877 2775 3937 est,
2808 3876 2886 3929 ut
2915 3865 3063 3928 vita

753 3960 1103 4042 spiritualis
1147 3963 1333 4027 ocius
1377 3963 1657 4029 finiatur.
1748 3965 1909 4030 Sola
1952 3969 2224 4050 quidem
2264 3970 2360 4031 ira
2397 3989 2716 4051 prospera
2756 3967 3065 4051 neglexit

749 4078 814 4126 et
875 4074 1129 4147 pugnat
1175 4066 1240 4128 in
1287 4067 1590 4131 adversis
1685 4069 1965 4152 Propter
2022 4072 2201 4152 quod
2261 4074 2482 4154 primo
2540 4082 2819 4155 tangam
2881 4091 3065 4154 quae

812 4221 829 4253 ‘
865 4223 959 4270 ,u
978 4223 1226 4278 Helui-m.
1258 4227 1336 4276 18.
2202 4233 2224 4262 ¹
2256 4234 2334 4284 De
2357 4235 2463 4289 Im,
2490 4237 2545 4283 ii.
2569 4251 2654 4285 21.

811 4302 830 4330 ³
868 4300 925 4350 ln
972 4302 1035 4352 t).
1067 4304 1169 4352 and
1209 4304 1275 4354 Ο.
1312 4305 1415 4354 this
1455 4306 1669 4368 chapter
1707 4308 1753 4355 is
1795 4309 1998 4359 hended
2039 4311 2257 4375 ‘Incipit
2300 4315 2579 4363 Distinctio
2618 4323 2821 4376 quarta,
2856 4315 3069 4365 habens

749 4548 801 4585 m
823 4536 917 4583 mu
942 4537 977 4581 it
1002 4549 1109 4597 cap.
1135 4537 1201 4586 iv.
1268 4538 1371 4587 See
1394 4540 1691 4589 conclusion
1716 4541 1776 4591 ot*
1792 4558 1900 4606 cap
1926 4545 1957 4594 i.
1983 4545 2044 4594 ot*
2059 4548 2164 4596 this
2187 4549 2325 4597 third
2348 4558 2482 4612 port,
2506 4565 2557 4612 p.
2580 4564 2700 4611 255.

811 4611 829 4640 ⁴
862 4612 1292 4678 discriminantur,
1316 4614 1383 4666 Ι.
