3542 5359
370 595 429 656 194
607 577 762 637 OPERIS
785 578 975 647 MAJORIS
998 577 1114 637 PARS
1138 575 1287 638 SEXTA.

367 743 410 806 de
430 741 512 805 iride
534 741 695 824 reperitur
715 740 885 818 evacuari;
913 749 948 803 et
966 740 1040 804 ideo
1062 740 1108 804 sic
1131 739 1383 824 intelligendum
1406 751 1458 805 est
1479 743 1523 806 de

367 846 429 911 hac
449 845 591 911 salsitate
607 845 677 928 jam
698 855 865 909 evacuata.
913 845 958 908 Et
976 865 1019 908 ne
1037 847 1169 908 animus
1189 846 1421 929 suspendatur,
1437 847 1521 923 dico,

366 952 455 1032 quod
476 949 564 1013 idem
584 959 635 1014 est
654 949 773 1012 salsum
794 950 885 1031 quod
905 949 1047 1014 habetur
1067 950 1101 1012 in
1122 958 1220 1013 textu
1235 949 1382 1032 vulgato,
1396 950 1521 1013 scilicet

367 1055 456 1137 quod
475 1053 530 1117 iris
546 1073 613 1116 non
631 1063 785 1117 causatur
805 1074 825 1116 a
848 1053 928 1117 luna
948 1053 1079 1117 nisibis
1101 1054 1133 1115 in
1158 1053 1397 1136 quinquaginta
1416 1054 1521 1117 annis.

366 1159 456 1221 Nam
486 1158 751 1241 quandocunque
780 1157 859 1220 luna
889 1157 988 1239 plena
1020 1167 1080 1231 est,
1103 1167 1137 1221 et
1163 1177 1231 1221 non
1258 1158 1438 1238 impeditur
1463 1177 1522 1239 per

365 1263 496 1334 nubem,
524 1270 558 1325 et
588 1262 631 1325 sit
661 1261 799 1325 materia
830 1261 937 1324 rorida
967 1262 1000 1324 in
1031 1263 1189 1344 opposito
1220 1261 1299 1343 ejus.
1326 1272 1437 1343 potest
1466 1261 1521 1324 iris

365 1385 524 1448 apparere
541 1366 627 1429 sicut
645 1386 703 1448 per
718 1365 842 1441 solem3
865 1375 899 1429 et
914 1364 978 1428 hoc
994 1375 1105 1447 potest
1123 1365 1330 1449 experientia
1345 1363 1521 1448 cujuslibet

365 1469 515 1551 probare,
532 1479 565 1533 et
582 1469 759 1552 probatum
774 1478 824 1533 est
841 1490 901 1553 per
914 1470 1142 1553 experientias
1158 1478 1275 1532 certas.

784 1712 1012 1778 Cnmruuuur
1039 1713 1102 1778 XI.

195 1888 326 1941 Therorm
409 1870 463 1934 De
489 1869 594 1952 figura
616 1890 695 1933 vero
718 1868 808 1933 iridis
830 1879 880 1934 est
903 1869 1051 1935 maxima
1072 1869 1258 1935 difficultas.
1304 1870 1393 1933 Nam
1416 1869 1518 1953 aliqui

194 1955 344 2072 fflgtbss'
364 1976 540 2039 aestimant
571 1973 659 2057 quod
692 1975 814 2038 debeat
843 1973 976 2058 figurari
1009 1975 1095 2038 sicut
1131 1984 1182 2038 est
1211 1975 1300 2038 basis
1335 1975 1519 2057 pyramidis

193 2087 325 2152 explained
363 2079 537 2145 rorationis
558 2076 767 2156 distillantis3
795 2087 829 2142 et
849 2078 914 2142 hoc
936 2089 987 2142 est
1009 2079 1221 2162 impossibile.
1268 2079 1356 2141 Nam
1378 2080 1409 2142 in
1431 2100 1518 2142 rora·

193 2153 333 2270 ξ’ἕήξξέὲξ,
363 2183 510 2249 tionibus
525 2204 569 2246 ex
590 2182 788 2264 aspersione,
805 2191 899 2264 patet
915 2204 974 2265 per
988 2184 1237 2268 experientiam,
1252 2183 1341 2265 quod
1361 2184 1394 2245 in
1414 2183 1518 2266 globo

363 2289 537 2353 rorationis
561 2285 747 2369 irregularis
773 2284 899 2368 figurae
921 2297 1059 2370 apparet
1083 2287 1189 2370 figura
1210 2288 1311 2351 iridis
1358 2285 1518 2352 Similiter

363 2391 444 2473 illi1,
459 2393 514 2475 qui
532 2392 645 2455 dicunt
662 2390 775 2453 iridem
792 2392 918 2454 causari
934 2413 978 2455 ex
993 2390 1162 2471 fractione,
1178 2402 1214 2456 ut
1234 2391 1356 2455 habeat
1376 2389 1516 2473 figuram

362 2495 546 2580 pyramidis
572 2492 772 2557 assimilatae
799 2514 919 2558 curvae
945 2495 1127 2579 superficiei
1150 2496 1333 2580 pyramidis
1354 2498 1517 2560 rotundae

362 2619 543 2682 expansam
560 2599 594 2662 in
609 2598 799 2680 oppositum
816 2598 905 2675 solis,
922 2603 1163 2684 propterquod
1180 2599 1305 2684 figurae
1321 2601 1517 2664 aestimatur

361 2705 541 2788 secundum
567 2724 623 2766 eos
644 2702 792 2767 arcualis.
840 2703 886 2767 Et
902 2703 980 2785 quia
994 2726 1096 2769 conus
1111 2705 1300 2788 praedictae
1322 2705 1516 2787 pyramidis,

361 2818 399 2872 ut
414 2809 537 2886 dicunt,
553 2817 605 2873 est
621 2828 722 2890 prope
738 2817 870 2886 terram,
886 2819 920 2872 et
935 2807 1007 2890 ejus
1021 2810 1184 2891 expansio
1204 2818 1255 2873 est
1271 2809 1304 2871 in
1325 2811 1514 2892 oppositum

360 2912 446 2985 solis,
462 2932 595 2977 necesse
618 2921 669 2976 est
691 2920 727 2975 ut
749 2913 910 2976 medietas
930 2913 1015 2977 illius
1035 2912 1162 2998 figurae
1178 2913 1230 2977 vel
1251 2913 1394 2996 amplius
1416 2915 1516 2977 cadat

360 3017 392 3080 in
414 3016 620 3100 superficiem
643 3025 758 3092 terrae,
774 3025 808 3078 et
828 3016 956 3099 reliqua
979 3019 1141 3081 medietas
1155 3018 1208 3080 vel
1232 3017 1338 3081 minus
1360 3018 1460 3082 cadat
1480 3018 1515 3080 in

359 3121 551 3202 oppositum
567 3117 666 3182 solis²
683 3120 715 3181 in
731 3119 829 3182 nube.
873 3119 941 3184 Sed
958 3121 1047 3185 istud
1064 3122 1258 3205 reprobatur
1272 3142 1331 3204 per
1344 3121 1408 3184 hoc
1423 3122 1514 3203 quod

359 3224 535 3306 probatum
560 3232 611 3286 est
635 3223 726 3305 quod
750 3223 805 3285 iris
831 3243 897 3287 non
921 3234 1032 3307 potest
1058 3226 1206 3309 generari
1231 3247 1289 3310 per
1311 3226 1515 3299 fractionem,

358 3328 516 3409 quoniam
544 3327 576 3390 in
603 3327 770 3390 roratione
797 3329 995 3411 aspersionis
1026 3350 1091 3394 non
1118 3351 1294 3414 possumus
1319 3327 1513 3410 hujusmodi

358 3451 492 3496 causam
505 3430 630 3514 figurae
647 3431 735 3493 dare,
767 3430 894 3494 Dicunt
909 3434 997 3495 enim
1014 3434 1105 3515 quod
1120 3434 1201 3497 radii
1213 3433 1303 3515 prius
1317 3431 1514 3516 franguntur

358 3535 391 3598 in
413 3536 626 3618 contiguitate
646 3535 730 3597 aeris
751 3544 785 3597 et
806 3536 913 3616 nubis,
929 3546 962 3600 et
983 3548 1100 3620 postea
1122 3538 1155 3600 in
1176 3537 1394 3620 contiguitate
1416 3538 1513 3601 nubis

356 3649 390 3703 et
417 3639 519 3722 partis
548 3639 724 3721 superioris
753 3639 855 3722 ipsius
886 3641 1069 3719 rorationis,
1095 3652 1131 3704 ut
1158 3661 1217 3724 per
1246 3641 1306 3704 has
1335 3641 1512 3704 fractiones

356 3751 552 3807 concurrant
572 3743 653 3807 radii
670 3744 702 3805 in
723 3752 818 3825 parte
838 3743 982 3807 inferiori
1003 3745 1176 3808 rorationis
1193 3754 1228 3808 et
1247 3745 1408 3819 densiori;
1432 3765 1510 3808 nam

356 3867 431 3930 pars
454 3847 586 3910 densior
608 3857 657 3910 est
680 3846 813 3910 inferior
835 3848 914 3930 quia
939 3849 1079 3931 gravior.
1127 3848 1178 3912 Ibi
1200 3848 1287 3912 enim
1311 3849 1394 3911 radii
1417 3846 1511 3912 fracti

355 3952 440 4015 sicut
464 3972 486 4014 a
515 3971 600 4014 cono
627 3952 827 4033 pyramidali
858 3973 894 4016 se
923 3952 1113 4018 diffundunt
1143 3973 1208 4017 non
1238 3953 1272 4016 in
1303 3953 1511 4036 pyramidem

355 4057 542 4133 rotundam,
573 4064 609 4119 ut
646 4056 770 4132 dicunt,
800 4057 859 4120 sed
894 4057 927 4119 in
962 4056 1101 4140 figuram
1138 4057 1354 4120 assimilatam
1392 4075 1511 4120 curvae

354 4160 536 4244 superficiei
551 4159 734 4243 pyramidis
752 4162 917 4223 rotundae
928 4159 951 4222 ³.
999 4161 1095 4224 Patet
1123 4181 1203 4242 ergo
1233 4161 1325 4243 quod
1354 4180 1413 4242 per
1442 4170 1511 4225 tres

387 4295 395 4324 ¹
412 4295 468 4344 The
480 4303 604 4345 sentence
617 4294 638 4344 is
651 4302 697 4344 not
709 4294 870 4357 completed;
889 4304 985 4357 errant,
997 4311 1028 4345 or
1040 4311 1114 4345 some
1128 4297 1192 4346 such
1203 4296 1278 4346 word
1289 4303 1357 4346 must
1369 4296 1402 4345 be
1413 4296 1508 4345 under·

352 4373 437 4422 stood.

386 4450 395 4478 ²
411 4451 467 4500 The
483 4459 646 4514 twenty-one
662 4451 752 4501 words
771 4451 835 4500 lrom
853 4467 964 4502 necesse
984 4461 1024 4502 est
1044 4461 1071 4503 to
1091 4454 1235 4516 oppositum
1254 4453 1318 4503 solis
1337 4468 1382 4501 ere
1402 4453 1511 4503 omitted

354 4529 380 4577 in
395 4528 419 4588 J.

387 4607 396 4634 ³
415 4607 436 4656 lt
448 4608 470 4656 is
483 4614 528 4657 uot
540 4607 611 4670 quite
622 4607 692 4657 clear
702 4607 774 4657 what
786 4607 869 4671 figure
880 4607 903 4658 is
914 4615 1002 4658 meant
1012 4626 1019 4670 ;
1044 4609 1199 4673 apparently
1215 4626 1231 4659 a
1248 4625 1314 4660 cone
1331 4610 1396 4659 with
1414 4609 1510 4672 elliptic
