3542 5359
362 618 402 697 38
585 615 741 676 OPERIS
766 610 955 683 MAJORIS
978 609 1093 669 PARS
1118 606 1290 682 QUINTA.

361 780 527 846 fractionis
551 779 705 862 superius
731 776 970 842 determinatas
999 772 1090 855 quod
1115 792 1231 835 omnes
1261 764 1390 832 lineae¹
1415 762 1515 830 decli·
1547 833 1550 837 ,

362 894 478 949 nantes
502 883 695 967 frangantur
718 884 751 945 in
782 877 955 964 superficie
980 897 1128 942 corneae.
1174 876 1220 939 Et
1242 874 1322 956 quia
1349 891 1446 936 casus
1470 868 1514 932 ad

361 989 501 1072 angulos
524 988 716 1071 inaequales
737 984 891 1050 debilitat
918 982 1071 1066 speciem,
1095 991 1131 1045 et
1152 979 1302 1044 similiter
1328 976 1455 1053 fractio,
1480 982 1515 1037 et

361 1092 642 1177 perpendicularis
657 1092 803 1155 incessus
817 1098 869 1153 est
883 1087 986 1162 sortis,
1003 1088 1079 1152 ideo
1095 1084 1222 1169 species
1233 1077 1515 1166 perpendicularis

361 1197 506 1261 occultat
527 1217 642 1262 omnes
657 1195 868 1270 declinantes,
882 1194 967 1258 sicut
983 1192 1043 1254 lux
1059 1190 1165 1273 major
1190 1199 1224 1253 et
1239 1188 1354 1252 sortior
1368 1183 1515 1248 occultat

361 1300 483 1366 multas
510 1302 638 1367 debiles
669 1301 766 1378 luces,
797 1308 834 1363 ut
860 1298 922 1361 lux
946 1296 1026 1363 solis
1051 1295 1142 1359 luces
1174 1292 1343 1359 stellarum
1370 1288 1515 1353 infinitas

537 1398 540 1402 ’
825 1402 981 1480 occultat,
1008 1400 1096 1464 unde
1125 1398 1168 1463 ad
1191 1398 1211 1461 b
1238 1404 1399 1481 punctum
1423 1393 1514 1457 venit

570 1471 586 1525 ς
737 1496 760 1539 a
826 1503 1106 1591 perpendicularis
1120 1502 1164 1567 ab
1179 1502 1251 1584 ipso
1265 1521 1290 1577 c,
1305 1509 1340 1563 et
1359 1500 1403 1564 ad
1424 1498 1513 1562 idem

825 1610 844 1674 b
862 1611 953 1674 venit
968 1631 990 1672 a
1005 1608 1024 1673 b
1039 1627 1106 1671 non
1129 1603 1416 1689 perpendicularis,
1436 1622 1513 1665 cum

824 1735 892 1778 non
918 1714 1018 1777 cadat
1040 1714 1083 1776 ad
1102 1721 1251 1774 centrum
1269 1707 1367 1786 oculi,
1382 1717 1416 1771 et
1437 1706 1513 1770 ideo

824 1817 1012 1883 occultatur
1034 1814 1161 1900 species
1180 1814 1283 1898 ipsius
1306 1834 1337 1887 a,
1361 1812 1513 1894 quamvis

554 1982 573 2047 b
824 1943 844 1987 a
874 1932 1000 2005 puncto
1029 1920 1048 1985 b
1077 1920 1181 2004 possit
1206 1916 1333 2002 species
1363 1917 1466 2000 ipsius
1492 1937 1514 1978 a

824 2030 935 2091 venire
959 2026 1002 2090 ad
1026 2023 1200 2109 glacialem
1226 2042 1285 2106 per
1308 2022 1428 2085 lineam
1450 2019 1517 2084 bd

825 2132 1023 2208 fractam;et
1031 2131 1106 2195 ideo
1115 2148 1218 2211 penes
1227 2124 1512 2210 perpendiculares

558 2244 583 2310 d
824 2246 874 2300 est
898 2236 1069 2318 judicium.
1116 2233 1161 2296 Et
1185 2232 1262 2315 quia
1286 2231 1413 2315 species
1438 2250 1513 2312 per·

824 2338 1051 2424 pendiculares
1072 2348 1150 2401 sunt
1169 2336 1345 2400 distinctae
1368 2344 1401 2398 et
1423 2334 1512 2398 ordi-

824 2454 923 2508 natae
941 2442 974 2506 in
994 2441 1169 2524 superficie
1187 2441 1287 2516 visne,
1302 2439 1378 2503 ideo
1392 2438 1513 2503 accidit

359 2548 530 2614 distinctio
540 2547 561 2609 ³.
623 2548 773 2630 Pyramis
804 2567 884 2631 ergo
918 2545 1233 2630 perpendiculariter
1265 2544 1401 2608 veniens
1435 2543 1512 2607 lacit

358 2653 465 2716 visum
496 2654 580 2717 adeo
616 2651 745 2727 fortem,
780 2661 817 2716 ut
849 2672 908 2734 per
941 2651 1014 2734 ejus
1043 2650 1268 2716 fortitudinem
1306 2649 1513 2713 occultentur

358 2758 484 2821 formae
512 2756 725 2835 declinantes,
749 2767 784 2821 et
817 2756 1032 2821 nihilominus
1061 2756 1255 2820 distinctum
1287 2764 1324 2817 ut
1353 2754 1513 2819 excludat

359 2860 583 2926 confusionem
615 2881 701 2943 quae
730 2861 878 2926 accidere
904 2863 1036 2925 videtur
1066 2882 1110 2925 ex
1140 2861 1240 2925 radiis
1269 2857 1512 2923 declinantibus

359 2965 496 3030 infinitis
517 2966 574 3047 qui
598 2974 765 3048 occupant
788 2966 963 3050 quodlibet
985 2976 1145 3048 punctum
1166 2964 1324 3047 pupillae,
1361 2964 1407 3027 Et
1428 2963 1510 3026 haec

358 3069 504 3151 pyramis
527 3069 649 3133 dieitur
664 3072 810 3152 pyramis
825 3070 960 3134 visualis
975 3081 1009 3134 et
1025 3070 1163 3148 radiosa,
1179 3091 1238 3153 per
1253 3086 1354 3151 quam
1370 3066 1407 3130 fit
1423 3067 1510 3130 visus

358 3172 590 3256 principaliter.

190 3280 344 3330 Somehow-
404 3276 481 3340 Hoc
506 3277 590 3351 dico,
616 3278 696 3360 quia
719 3278 800 3342 radii
829 3288 994 3344 exeuntes
1017 3300 1037 3343 a
1061 3289 1186 3363 puncto
1212 3278 1258 3343 rei
1284 3300 1306 3343 a
1331 3299 1399 3361 quo
1421 3276 1511 3342 venit

189 3348 338 3463 ffiffloe'
357 3381 482 3465 species
500 3382 779 3464 perpendicularis
799 3384 842 3447 ad
859 3392 1020 3466 punctum
1040 3383 1137 3463 oculi,
1153 3383 1229 3447 licet
1250 3403 1315 3448 non
1332 3383 1455 3447 cadant
1477 3383 1510 3445 in

190 3477 317 3593 ¹¹:352&
357 3485 450 3549 illum
470 3496 630 3567 punctum
654 3488 786 3564 directe,
802 3488 861 3551 sed
877 3488 921 3551 ad
937 3490 1001 3552 alia
1022 3498 1155 3571 puncta,
1172 3498 1283 3552 tamen
1306 3496 1445 3570 possunt
1466 3486 1510 3550 ab

190 3560 276 3659 iinon.
356 3588 428 3653 aliis
445 3590 576 3672 punctis
587 3590 619 3653 in
630 3610 716 3673 quae
727 3592 853 3655 cadunt
864 3594 1061 3675 pertingere,
1074 3612 1134 3674 per
1144 3592 1336 3655 fractionem
1346 3591 1378 3653 in
1391 3591 1510 3655 tunicis

356 3694 452 3773 oculi,
467 3695 510 3758 ad
531 3695 672 3759 eundem
694 3695 802 3759 locum
820 3695 968 3779 glacialis
987 3705 1022 3760 et
1039 3697 1130 3760 nervi
1145 3695 1329 3761 communis
1349 3696 1390 3759 ad
1409 3715 1509 3777 quem

355 3799 483 3882 species
506 3800 784 3882 perpendicularis
808 3821 909 3884 super
923 3800 1058 3865 oculum
1073 3800 1164 3865 venit
1183 3800 1227 3863 ab
1245 3801 1362 3865 eodem
1384 3810 1509 3882 puncto

355 3902 411 3975 rei,
434 3923 454 3965 a
476 3923 543 3984 quo
560 3904 697 3967 veniunt
718 3902 794 3968 illae
815 3905 1040 3984 declinantes3
1063 3915 1102 3969 ut
1130 3905 1178 3969 sic
1200 3904 1424 3968 abundantius
1450 3902 1509 3967 fiat

355 4005 436 4069 visio
456 4006 634 4087 cujuslibet
652 4008 755 4089 partis
776 4008 820 4071 rei
839 4009 939 4085 visae,
962 4030 1039 4074 cum
1052 4010 1206 4075 videatur
1226 4028 1286 4092 per
1300 4008 1411 4072 radios
1430 4028 1509 4072 suos

357 4118 463 4173 rectos
493 4121 527 4175 et
557 4110 686 4175 fractos.
732 4112 800 4178 Sed
827 4115 871 4177 de
900 4113 963 4177 hoc
991 4114 1049 4179 fiet
1076 4115 1200 4180 mentio
1227 4115 1260 4177 in
1283 4112 1334 4177 his
1357 4134 1443 4196 quae
1466 4114 1510 4178 de

356 4213 512 4278 fractione
535 4215 697 4281 dicentur.
741 4218 859 4300 Atque
878 4226 1055 4303 propterea
1077 4219 1148 4282 dixi
1171 4218 1240 4283 fieri
1261 4218 1368 4281 visum
1389 4218 1509 4302 princi-

514 2414 574 2464 Frn.
588 2412 642 2479 ²9²·

388 4408 395 4437 ¹
415 4410 481 4471 illae,
494 4411 520 4471 J.
1030 4414 1041 4445 ¹
1057 4415 1114 4466 'l'lre
1126 4417 1206 4479 figure
1218 4416 1241 4464 is
1252 4414 1360 4464 omitted
1372 4416 1398 4464 in
1408 4414 1434 4476 J.

386 4486 395 4513 ³
411 4488 467 4537 The
480 4490 589 4553 reading
601 4492 627 4541 in
638 4491 671 4543 0.
684 4494 715 4547 is,
729 4494 838 4544 ‘accidit
851 4495 988 4554 distinctio,
997 4503 1027 4545 ut
1035 4511 1083 4558 per
1094 4497 1150 4557 ejus
1162 4494 1337 4544 fortitudinem
1348 4494 1510 4544 occultentur

355 4565 452 4615 formae
464 4568 632 4620 declinantes.
668 4570 785 4633 Pyramis
803 4573 859 4634 ejus
876 4574 1124 4636 perpendiculariter
1139 4573 1248 4623 veniens
1265 4571 1324 4622 facit
1341 4575 1409 4623 adeo
1425 4575 1508 4623 visum

353 4643 443 4693 sortem
455 4652 482 4694 et
493 4646 661 4697 nihilominus
671 4649 821 4700 distinctum
833 4659 861 4701 ut
872 4651 994 4702 excludat
1005 4651 1202 4714 confusiorem,'
1213 4655 1262 4703 tre.
1382 4658 1386 4664 '
