3542 5359
394 609 589 668 MORALIS
614 608 936 667 PHILOSOPHIA:
969 609 1086 668 PARS
1112 607 1261 666 PRIMA.
1346 621 1408 684 239

251 771 392 835 libenter
406 772 572 835 ostendit:
595 792 661 834 non
680 773 734 836 ubi
750 771 791 834 sit
807 771 890 849 loc0,
904 791 965 836 nec
988 770 1093 852 qualis
1115 771 1157 835 sit
1172 769 1332 853 qualitate
1347 789 1407 832 nec

253 886 396 958 quantus
411 877 454 940 sit
465 876 654 958 quantitate
669 897 676 951 ;
699 875 757 940 sed
774 875 941 940 hominem
962 873 1033 939 sola
1055 874 1271 957 intelligentia
1287 873 1407 936 mentis

252 981 440 1043 illuminans
455 980 511 1063 qui
526 980 679 1044 discussis
695 979 738 1043 ab
754 980 865 1043 animo
881 999 1026 1043 errorum
1050 979 1192 1043 tenebris
1206 989 1240 1043 et
1261 977 1408 1041 veritatis

253 1083 402 1149 claritate
427 1094 592 1166 percepta,
612 1093 686 1148 toto
710 1105 747 1148 se
768 1084 876 1148 sensui
901 1084 1030 1148 divinae
1054 1083 1291 1166 intelligentiae
1317 1102 1408 1146 com·

255 1189 381 1268 miscet,
392 1188 485 1268 cujus
500 1208 613 1252 amore
628 1209 648 1251 a
663 1199 758 1271 parte
775 1197 922 1266 naturae,
938 1207 1004 1269 qua
1017 1187 1166 1250 mortalis
1180 1196 1240 1256 est,
1251 1186 1410 1250 liberatus

254 1291 509 1356 immortalitatis
525 1292 655 1356 futurae
670 1292 815 1374 concipit
830 1291 997 1355 fiduciam.
1029 1289 1076 1356 Et
1091 1292 1172 1356 dicit
1184 1290 1358 1354 Avicenna
1373 1291 1407 1352 in

256 1395 440 1459 Moralibus
468 1397 559 1479 quod
589 1394 843 1460 Machometus1
868 1395 977 1458 solum
1000 1394 1132 1459 locutus
1158 1403 1210 1458 est
1232 1395 1276 1458 de
1301 1392 1408 1477 gloria

254 1502 419 1582 corporis;
444 1501 501 1564 sed
519 1520 580 1563 nos
595 1500 724 1576 scimus,
741 1509 777 1563 ut
793 1501 847 1573 ait,
862 1499 953 1581 quod
971 1498 1077 1580 major
1099 1507 1150 1562 est
1164 1497 1267 1581 gloria
1282 1497 1408 1561 anima-

255 1623 336 1680 rum,
352 1605 430 1686 quia
445 1625 511 1668 non
524 1624 638 1667 sumus
650 1603 735 1668 asini
747 1613 940 1685 reputantes
951 1613 1080 1666 tantum
1094 1603 1240 1686 corporis
1251 1602 1387 1665 delicias
1401 1623 1408 1678 ;

253 1719 288 1772 et
312 1709 388 1771 ideo
414 1728 510 1771 suum
538 1707 758 1792 legislatorem
784 1706 956 1772 Avicenna
985 1706 1247 1789 comprehendit,
1273 1714 1307 1769 et
1337 1704 1409 1768 vult

254 1809 354 1876 alium
372 1812 572 1894 investigare
595 1812 650 1895 qui
672 1832 738 1874 non
759 1811 868 1876 solum
888 1832 1064 1893 corporum
1080 1811 1244 1895 promittit
1259 1809 1409 1893 gloriam,

255 1915 313 1979 sed
331 1916 438 1998 magis
453 1917 645 1981 animarum.
692 1916 738 1980 Et
757 1916 789 1978 in
805 1916 868 1980 hoc
884 1915 1049 1979 consentit
1064 1914 1192 1980 Seneca
1209 1934 1270 1996 per
1290 1923 1409 1991 totum,

255 2029 290 2084 et
309 2017 463 2083 Socrates
478 2030 511 2084 et
538 2020 642 2097 Plat0,
658 2030 695 2083 ut
716 2030 810 2103 patet
829 2020 861 2083 in
884 2019 1070 2084 Phaedone.
1118 2019 1164 2082 Et
1179 2019 1351 2082 Avicenna
1376 2020 1410 2082 in

255 2123 440 2187 Moralibus
465 2124 547 2188 dicit
573 2126 663 2208 quod
689 2126 845 2207 ponenda
868 2134 921 2188 est
946 2144 1121 2207 corporum
1148 2125 1350 2195 resurrectio,
1372 2133 1410 2187 ut

254 2237 346 2292 totus
361 2227 463 2292 homo
479 2229 511 2291 in
534 2229 644 2292 anima
664 2239 698 2293 et
718 2249 857 2312 corpore
879 2227 1090 2311 glorificetur,
1105 2228 1132 2290 si
1157 2227 1221 2290 Dei
1244 2227 1410 2291 mandatis

255 2332 398 2395 obediat.
444 2333 491 2395 Et
516 2331 580 2397 hoc
606 2352 673 2395 non
699 2330 807 2397 solum
834 2332 1008 2397 Avicenna
1032 2342 1067 2396 et
1092 2331 1213 2396 caeteri
1238 2333 1282 2394 de
1305 2333 1409 2394 domo

258 2435 448 2500 Aristotelis
462 2445 642 2514 senserunt,
656 2438 715 2500 sed
733 2437 944 2501 Democritus
963 2438 1128 2520 antiquior
1143 2446 1177 2500 et
1192 2435 1411 2518 philosophus

258 2559 397 2623 magnae
418 2541 633 2618 auctoritatis,
652 2542 735 2604 sicut
760 2541 882 2605 Plinius
903 2542 1000 2606 refert
1022 2543 1054 2605 in
1079 2539 1304 2618 Naturalibus,
1324 2540 1410 2603 libro

257 2646 409 2726 septimo.
455 2644 501 2709 Et
516 2645 616 2709 etiam
642 2646 711 2728 ipse
731 2645 828 2710 Plato
845 2648 936 2710 dixit
958 2648 1028 2711 sine
1048 2642 1262 2727 corporibus²
1280 2645 1410 2707 animas

259 2749 290 2810 in
306 2758 477 2812 aeternnm
494 2769 647 2814 essenon
664 2770 769 2833 posse,
785 2751 843 2813 sed
861 2753 904 2814 ad
920 2771 960 2815 ea
975 2750 1089 2826 redire,
1102 2749 1187 2812 sicut
1202 2747 1410 2828 Augustinus

257 2853 356 2917 docet
371 2853 528 2917 vicesimo
544 2855 689 2918 secundo
706 2856 748 2919 de
766 2852 911 2918 Civitate
926 2855 999 2918 Dei.
1039 2853 1085 2917 Et
1097 2853 1206 2916 Varro
1220 2853 1254 2914 in
1267 2853 1353 2914 fibro
1368 2852 1412 2913 de

290 3060 298 3090 ¹
316 3060 472 3112 Avicenna’s
486 3062 601 3110 remarks
618 3078 652 3112 on
665 3062 717 3112 this
732 3063 830 3124 subject
846 3063 900 3112 will
917 3063 951 3110 be
964 3061 1045 3110 found
1056 3062 1083 3110 in
1095 3061 1136 3110 his
1146 3060 1318 3123 Metapfrysirs,
1329 3060 1374 3110 lib.
1385 3075 1411 3108 x.

258 3155 313 3202 cap.
332 3155 355 3190 2.
392 3139 435 3188 He
455 3141 529 3189 there
549 3141 638 3190 shows
658 3142 714 3191 that
731 3142 753 3190 if
768 3141 899 3192 Mahomet
916 3142 1018 3190 wished
1037 3142 1077 3190 his
1096 3140 1216 3202 spiritual
1232 3139 1318 3188 truths
1335 3147 1362 3186 to
1379 3139 1412 3186 be

258 3219 442 3281 apprehended
456 3219 492 3280 by
503 3220 548 3267 the
563 3219 664 3282 people,
678 3220 711 3268 he
729 3219 780 3269 had
796 3237 830 3268 no
847 3220 999 3269 alternative
1012 3220 1058 3269 but
1071 3227 1098 3268 to
1115 3234 1162 3268 use
1179 3218 1298 3280 physical
1314 3217 1412 3279 images

258 3297 284 3344 in
297 3313 312 3346 a
324 3298 452 3358 parabolic
463 3313 550 3347 sense.
587 3297 701 3360 'Vulgus
713 3300 781 3347 enim
795 3315 846 3347 non
859 3307 946 3361 potest
957 3299 1097 3360 imaginare
1109 3299 1155 3346 has
1167 3297 1353 3359 dispositiones
1365 3311 1412 3358 pro

257 3377 362 3425 modulo
373 3392 429 3438 suo,
443 3378 517 3439 pauci
529 3377 597 3426 enim
611 3386 717 3439 possunt
729 3378 870 3440 imaginare
883 3379 1063 3428 certitudinem
1074 3377 1150 3438 hujus
1164 3375 1270 3425 unitatis
1285 3382 1312 3423 et
1324 3376 1412 3436 singu·

257 3453 379 3513 Inritatus:
402 3463 429 3504 et
449 3457 508 3517 quia
529 3471 581 3504 non
602 3457 710 3506 eredunt
730 3473 788 3506 esse
809 3457 956 3518 hujusmodi
974 3457 1034 3506 ideo
1054 3457 1170 3505 incidunt
1190 3456 1217 3503 in
1236 3455 1369 3513 haereses,
1387 3460 1413 3500 et

258 3541 442 3583 convertuntur
460 3535 493 3582 ad
516 3535 697 3597 inquisitiones
716 3543 742 3583 et
762 3536 999 3596 argumentationes
1017 3550 1085 3597 quae
1105 3534 1240 3582 retrahunt
1260 3547 1306 3580 eos
1326 3532 1413 3580 asnis

257 3612 378 3673 operibus
396 3613 521 3672 civilibus,
538 3620 565 3662 et
582 3615 718 3675 aliquando
736 3614 833 3662 faciunt
851 3630 898 3663 eos
915 3615 1046 3662 incurrere
1064 3613 1091 3662 in
1108 3612 1253 3662 sententias
1270 3612 1413 3659 contrarias

258 3691 408 3740 utilitatibus
429 3691 540 3741 civitatis
560 3701 587 3741 et
607 3693 813 3744 contradicentes
833 3693 920 3742 debito
938 3693 1083 3742 veritatis..
1101 3728 1108 3740 .
1126 3729 1133 3741 .
1150 3691 1210 3740 Non
1230 3692 1299 3739 enim
1319 3690 1367 3738 fuit
1386 3691 1413 3738 in

259 3767 392 3831 Sapientia
409 3771 495 3819 divina
513 3778 540 3818 ut
559 3771 645 3820 omnia
662 3779 750 3820 essent
768 3771 858 3820 facilia.
897 3771 955 3820 Non
976 3772 1054 3819 debet
1072 3779 1158 3820 autem
1179 3769 1311 3830 legislator
1327 3769 1413 3817 dicere

258 3847 336 3908 vulgo
348 3863 376 3896 se
389 3848 532 3897 occultasse
544 3849 639 3910 aliquid
652 3850 720 3911 quod
734 3849 771 3898 eis
786 3865 838 3896 non
851 3850 1014 3909 revelaverit,
1026 3849 1085 3911 quia
1098 3865 1150 3897 non
1167 3854 1269 3909 oportet
1281 3863 1340 3894 eum
1354 3862 1413 3895 esse

258 3925 356 3974 facilem
369 3928 401 3975 ad
415 3927 551 3976 dicendum
563 3928 602 3976 eis
613 3927 716 3989 aliquod
727 3928 760 3976 de
772 3927 821 3987 his,
832 3927 910 3977 immo
921 3935 1023 3989 oportet
1035 3935 1063 3975 ut
1073 3927 1187 3975 insinuet
1198 3925 1237 3974 eis
1246 3925 1352 3986 gloriam
1364 3925 1412 3973 Dei

258 4013 285 4052 et
301 4005 502 4066 magnitudinem
515 4007 571 4066 ejus
588 4006 713 4067 aliquibus
725 4006 827 4054 nutibus
843 4012 869 4054 et
885 4005 1015 4067 parabolis
1030 4005 1138 4067 sumptis
1153 4020 1169 4052 a
1185 4005 1263 4052 rebus
1274 4018 1341 4064 quae
1352 4010 1413 4050 sunt

257 4083 325 4145 apud
333 4099 378 4132 eos
389 4083 520 4146 gloriosae
537 4091 564 4133 et
574 4085 733 4146 magnificae,
746 4092 772 4134 et
783 4086 851 4146 quod
864 4084 914 4133 hoc
925 4085 993 4132 dicat
1005 4083 1044 4132 eis
1054 4084 1123 4145 quod
1135 4098 1187 4131 non
1198 4090 1240 4130 est
1250 4081 1299 4130 sibi
1309 4081 1414 4142 aliquod

258 4161 327 4209 aliud
338 4177 444 4223 compar
455 4177 504 4210 nec
514 4163 604 4211 simile.
640 4163 765 4213 Similiter
776 4165 852 4212 etiam
864 4169 969 4226 oportet
984 4169 1013 4209 ut
1027 4163 1135 4210 affirmet
1149 4161 1188 4209 eis
1203 4161 1229 4208 id
1240 4161 1308 4221 quod
1322 4159 1415 4208 dicitur

258 4239 290 4288 de
307 4241 476 4301 promissione
492 4242 578 4290 taliter
591 4250 620 4291 ut
633 4243 733 4304 possint
750 4243 891 4304 imaginare
906 4243 963 4302 ejus
977 4241 1134 4302 qualitatem,
1148 4247 1175 4288 et
1189 4239 1324 4300 quieseant
1338 4238 1365 4285 iu
1381 4252 1414 4284 eo

257 4320 358 4368 mimae
370 4335 469 4381 eorum,
481 4331 508 4370 et
518 4329 546 4370 ut
563 4320 690 4370 felicitatis
707 4333 734 4370 et
751 4322 857 4370 terroris
874 4320 978 4369 inducat
995 4318 1121 4380 exempla,
1135 4334 1183 4380 per
1192 4333 1259 4380 quae
1274 4317 1324 4380 ipsi
1338 4316 1413 4365 intef-

257 4397 341 4459 figunt
358 4405 385 4446 et
408 4399 549 4460 imaginant
572 4400 605 4447 de
627 4400 679 4458 eis;
707 4399 842 4448 veritatem
865 4407 952 4448 autem
975 4413 1028 4446 non
1051 4398 1156 4460 detegat
1178 4397 1224 4459 eis,
1244 4395 1295 4446 nisi
1317 4394 1413 4456 aliquid

258 4491 402 4535 commune,
413 4476 511 4526 scilicet
528 4478 597 4538 quod
613 4486 653 4526 eat
668 4477 767 4539 aliquid
778 4479 849 4539 quod
867 4493 914 4526 nec
932 4476 1022 4526 oculus
1038 4476 1101 4524 vidit
1118 4491 1167 4526 nec
1184 4476 1253 4524 auris
1268 4475 1374 4532 audivit,
1387 4481 1414 4522 et

257 4555 327 4617 quod
339 4554 390 4604 illia
401 4562 442 4604 est
454 4571 561 4617 regnum
574 4555 756 4606 delectationis
768 4557 905 4618 maximae,
915 4565 943 4605 et
955 4555 1052 4604 doloris
1063 4562 1104 4606 est
1116 4555 1210 4604 horror
1219 4552 1358 4604 aeternus'

291 4632 302 4666 ¹
318 4634 387 4697 Aug.
399 4633 439 4681 De
450 4633 503 4683 Cr'v.
515 4634 570 4696 Dei,
582 4633 625 4683 lib.
637 4635 700 4686 xxii.
713 4651 768 4698 cap.
782 4650 821 4696 27.
