3542 5359
415 635 611 696 MORALIS
635 636 953 696 PHILOSOPHIA:
987 637 1102 696 PARS
1126 636 1273 695 PRIMA.
1358 653 1419 715 233

269 798 393 880 magis¹
411 800 548 881 quidam
571 800 679 865 minus
695 811 858 866 noverunt
879 800 1070 885 hujusmodi
1086 800 1253 865 veritates.
1297 800 1419 864 Decuit

269 904 370 967 etiam
401 915 437 968 ut
459 904 649 988 philosophi
669 906 853 988 sapientiae
881 905 988 969 dediti
1008 905 1134 987 aliquid
1154 906 1272 969 scirent
1292 907 1335 969 de
1355 905 1418 969 hac

268 1007 415 1088 veritate,
438 1008 508 1072 sive
530 1009 735 1074 salvarentur
755 1009 826 1072 sive
849 1030 933 1073 non:
963 1019 1125 1092 quatenus
1155 1012 1299 1073 mundus
1325 1030 1417 1092 prae·

269 1123 439 1192 pararetur
461 1123 496 1177 et
525 1115 755 1197 disponeretur
778 1116 821 1178 ad
851 1113 937 1177 hanc
963 1115 1135 1178 veritatem
1159 1112 1350 1197 perfectam,
1381 1125 1418 1178 ut

268 1212 396 1280 facilius
416 1218 614 1300 reciperetur
629 1219 763 1302 quando
784 1228 917 1300 tempus
936 1219 1081 1281 daretur.
1127 1217 1173 1282 Et
1191 1218 1324 1280 uberius
1343 1238 1418 1301 per-

268 1338 402 1384 suasum
415 1333 465 1385 est
476 1322 519 1385 de
530 1319 616 1387 hoc²
628 1323 660 1386 in
672 1322 905 1405 superioribus,
915 1322 991 1385 ideo
1006 1322 1098 1404 quod
1113 1322 1233 1386 sufficit
1248 1323 1417 1404 persuasio

269 1424 460 1488 universalis
477 1426 538 1502 hic,
549 1437 712 1509 quatenus
729 1447 788 1510 per
799 1426 1041 1510 experientiam
1051 1446 1289 1508 cognoscamus
1308 1425 1416 1509 philo-

269 1528 393 1610 sophos
406 1531 546 1594 sensisse
558 1530 664 1594 multa
679 1532 721 1594 de
734 1529 868 1595 Christo
881 1529 1058 1612 praeclara,
1072 1549 1208 1594 necnon
1223 1529 1267 1593 de
1277 1529 1414 1612 Virgine

269 1630 420 1713 gloriosa.
468 1633 514 1699 Et
539 1636 630 1720 prius
660 1636 693 1698 in
723 1633 977 1699 astronomicis³
1007 1634 1146 1698 recitata
1171 1643 1222 1698 est
1251 1635 1417 1698 sententia

267 1735 473 1801 Albumazar
488 1738 522 1801 in
537 1737 621 1803 libro
645 1739 780 1822 majoris
798 1739 1026 1803 introductorii
1043 1749 1152 1815 sext0,
1167 1738 1223 1802 ubi
1244 1737 1418 1803 confirmat

267 1860 326 1923 per
339 1842 569 1906 auctoritatem
585 1843 733 1906 omnium
750 1865 770 1908 a
785 1843 946 1926 principio
962 1841 1192 1926 philosophiae
1210 1844 1300 1924 quod
1313 1843 1418 1924 Virgo

270 1955 400 2027 pareret
415 1944 520 2010 filium
536 1947 594 2030 qui
610 1947 762 2012 Christus
776 1948 872 2029 Jesus
884 1957 1066 2011 vocaretur.
1114 1947 1160 2011 Et
1175 1947 1207 2009 in
1223 1947 1308 2010 libro
1324 1946 1412 2012 Con·

265 2047 473 2130 junctionum
497 2050 647 2115 similiter
676 2052 805 2115 locutus
836 2061 895 2116 est.
939 2051 1007 2115 Sed
1036 2052 1116 2116 haec
1142 2052 1316 2130 sententia,
1340 2051 1418 2114 licet

267 2151 396 2216 dicatur
406 2153 441 2216 in
451 2153 696 2220 Astronomicis
711 2167 745 2221 et
756 2155 941 2219 verificetur
957 2155 1003 2219 ibi
1020 2155 1105 2219 sicut
1115 2154 1291 2233 conclusi0,
1302 2164 1416 2218 tamen

267 2267 318 2322 est
332 2258 502 2340 proprium
517 2260 713 2344 principium
731 2261 763 2324 in
784 2261 846 2325 hac
868 2260 1015 2325 scientia.
1061 2261 1162 2325 Unde
1181 2259 1264 2323 haec
1283 2260 1418 2324 scientia

267 2361 383 2444 recipit
402 2362 465 2427 hoc
485 2365 683 2446 principium
702 2365 812 2428 nobile
827 2364 1004 2446 probatum
1020 2365 1053 2426 in
1071 2363 1307 2441 Astronomia3
1330 2373 1363 2426 et
1384 2364 1418 2426 in

267 2464 330 2528 hoc
346 2468 490 2530 deservit
505 2469 535 2531 ei
552 2478 711 2551 tanquam
730 2470 896 2534 Dominae
916 2468 1043 2548 ancilla,
1059 2469 1144 2532 sicut
1165 2469 1198 2531 in
1218 2468 1416 2551 quibusdam

268 2570 348 2650 aliis,
373 2582 409 2635 ut
431 2573 606 2637 innotescit
629 2593 673 2635 ex
697 2573 980 2655 praecedentibus,
1003 2584 1037 2638 ct
1060 2571 1192 2636 inferius
1215 2571 1416 2635 recitabitur.

269 2673 315 2737 Et
331 2675 521 2759 Porpbirius
536 2678 624 2741 dixit
640 2697 706 2741 non
722 2697 820 2760 posse
834 2688 973 2762 peccata
987 2677 1059 2741 tolli
1076 2676 1137 2740 nisi
1157 2697 1217 2758 per
1233 2677 1297 2738 Dei
1313 2675 1417 2738 filium

268 2787 305 2841 ut
320 2779 468 2861 superius
487 2781 614 2845 dictum
630 2790 690 2846 est.
733 2781 778 2845 Et
794 2801 893 2864 super
911 2781 992 2844 illud
1008 2781 1155 2856 verbum,
1171 2780 1224 2841 De
1245 2778 1419 2860 disciplina

266 2882 441 2948 scolarium
466 2885 612 2949 Platonis
635 2887 777 2968 probata
791 2881 979 2964 divinitas⁴,
994 2884 1075 2949 dicit
1091 2883 1264 2964 expositor
1278 2885 1369 2966 quod
1385 2885 1419 2946 in

268 2989 384 3051 tumba
407 2988 554 3052 Platonis
576 2991 682 3055 aureis
706 2989 809 3055 literis
831 2991 996 3073 quaedam
1019 2989 1183 3070 scriptura
1211 2988 1345 3051 inventa
1367 2997 1418 3050 est

267 3109 365 3174 super
387 3101 504 3175 pectus
525 3092 597 3175 ejus
618 3093 790 3158 continens
813 3092 895 3156 haec
915 3091 1027 3169 verba,
1050 3089 1159 3156 Credo
1182 3091 1216 3155 in
1248 3088 1417 3154 Christum

267 3195 469 3258 nasciturum
490 3198 532 3260 de
546 3197 681 3280 virgine,
697 3217 872 3279 passurum
888 3217 950 3279 pro
965 3196 1113 3260 humano
1132 3213 1253 3278 genere
1272 3205 1306 3259 et
1322 3194 1418 3259 tertia

267 3297 321 3362 die
336 3311 604 3365 resurrecturum.
651 3301 718 3367 Sed
740 3312 774 3366 et
797 3301 936 3367 Ethicus
959 3300 1178 3384 philosophus
1200 3299 1285 3362 libro
1303 3319 1418 3382 supra-

265 3401 357 3468 dicto
377 3406 433 3480 ait,
449 3405 537 3487 Justi
556 3407 769 3471 merebuntur
783 3407 895 3470 videre
910 3405 1095 3470 Dominum
1110 3404 1226 3486 Jesurn
1248 3401 1418 3469 Christum

267 3509 463 3594 Regemque
489 3532 584 3576 suum
612 3521 646 3576 et
671 3513 766 3596 signa
796 3522 830 3576 et
857 3510 980 3594 figuras
1004 3511 1183 3590 clavorum,
1202 3510 1418 3592 Verbumque

267 3612 374 3678 Patris
388 3623 491 3697 atque
506 3617 713 3699 principium,
729 3636 804 3681 cum
822 3637 862 3681 eo
876 3626 994 3681 cuncta
1009 3635 1223 3698 componens.
1264 3614 1310 3677 Et
1325 3615 1417 3679 exci-

265 3718 327 3781 tari
350 3727 462 3802 potest
485 3739 579 3782 mens
601 3719 746 3784 humana
767 3723 812 3787 ad
830 3729 962 3804 partum
984 3720 1132 3803 Virginis
1160 3740 1220 3801 per
1240 3718 1305 3783 hoc
1327 3720 1417 3801 quod

266 3824 431 3904 quaedam
454 3823 609 3888 animalia
631 3825 664 3888 in
694 3826 882 3909 virginitate
912 3823 1141 3906 permanentia
1163 3823 1355 3904 concipiunt
1384 3833 1417 3886 et

265 3927 406 4008 pariunt,
422 3937 459 3993 ut
475 3928 624 3994 vultures
641 3938 675 3994 et
693 3949 781 4012 apes,
796 3929 882 3994 sicut
900 3928 981 3993 dicit
1000 3927 1200 3992 Ambrosius
1218 3927 1251 3988 in
1274 3927 1411 3990 Hexae·

266 4049 391 4096 meron.
437 4031 483 4095 Et
506 4053 611 4116 equae
635 4033 668 4097 in
690 4033 838 4117 pluribus
861 4033 1051 4116 regionibus
1072 4031 1261 4114 concipiunt
1283 4050 1418 4113 quoque

265 4134 336 4199 sola
365 4135 489 4200 virtute
517 4147 692 4202 ventorum
701 4136 725 4218 ⁶,
753 4139 889 4220 quando
912 4137 1076 4202 masculas
1106 4136 1302 4213 desiderant,
1332 4134 1418 4198 sicut

266 4239 409 4304 Plinius⁶
424 4243 542 4324 quinto
559 4242 645 4306 libro
660 4241 872 4307 Naturalium
889 4243 980 4318 dicit,
995 4252 1029 4306 et
1048 4240 1183 4305 Solinus
1202 4249 1313 4303 narrat
1332 4239 1417 4302 libro

297 4409 305 4440 ¹
322 4411 426 4472 quidam
439 4412 528 4474 magis,
540 4426 592 4462 om.
603 4412 639 4464 u.

297 4488 308 4517 ¹
322 4491 355 4539 ad
367 4489 427 4552 hoc,
439 4489 474 4538 u.
509 4491 565 4540 Tbe
577 4494 710 4541 reference
722 4491 744 4540 is
755 4499 783 4541 to
795 4491 857 4541 Part
869 4490 904 4541 11.
917 4490 947 4540 of
955 4491 1028 4555 Opus
1038 4489 1135 4555 nujus.

296 4581 362 4632 ¹Cf.
372 4584 423 4635 vol.
435 4583 451 4632 'a
463 4598 488 4645 p.
501 4597 557 4644 ⁹57·
624 4582 634 4612 ⁴
652 4583 743 4645 deitas,
755 4583 791 4635 u.
856 4583 867 4612 ⁵
882 4584 976 4632 virtute
987 4583 1157 4632 masculorum
1168 4583 1324 4645 distantium,
1339 4582 1373 4631 Μ.

295 4659 306 4688 “
323 4660 390 4711 Plin.
406 4661 438 4712 iv.
451 4676 500 4724 ηας
516 4661 566 4710 viii.
580 4677 620 4722 42.
655 4662 751 4712 Lisbon
768 4663 790 4712 is
807 4663 957 4712 mentioned
973 4678 1003 4712 as
1019 4662 1064 4712 the
1080 4661 1186 4725 locality
1203 4661 1233 4710 of
1247 4662 1298 4712 this
1314 4661 1418 4715 marvel.
