3542 5359
568 605 683 664 PARS
707 604 930 665 SECUNDA:
967 604 1055 666 [ΑΡ.
1086 604 1119 667 V.
1348 622 1409 682 479

299 750 588 833 Considerandum
605 771 707 832 etiam
724 772 870 834 secundo
885 770 975 851 quod
991 770 1108 833 durum
1130 778 1164 831 et
1182 768 1327 832 solidum
1348 790 1409 833 nec
1422 789 1575 840 Distincrion

255 872 381 937 faciunt
391 872 607 937 reflexionem
619 894 680 938 nec
690 872 896 953 fractionem,
908 874 965 936 sed
976 872 1085 937 solum
1095 874 1234 936 densum
1246 883 1279 937 et
1289 894 1407 937 rarum.
1422 856 1540 971 ffig}

257 976 346 1040 Nam
373 977 549 1059 crystallus
575 987 627 1041 est
650 980 733 1042 dura
759 998 812 1040 res
835 988 869 1041 et
891 976 1008 1057 solida,
1032 985 1067 1039 et
1089 979 1209 1040 vitrum
1238 989 1271 1042 et
1294 977 1408 1060 hujus·
1422 987 1490 1063 and⁹

256 1083 347 1145 modi
365 1081 480 1154 multa,
497 1092 530 1145 et
549 1093 664 1146 tamen
685 1082 765 1163 quia
788 1102 860 1145 rara
878 1091 964 1155 sunt,
981 1083 1161 1164 pertransit
1179 1083 1305 1165 species
1320 1083 1410 1144 visus
1423 1054 1528 1113 densny.

255 1195 289 1248 et
311 1206 420 1249 rerum
437 1186 630 1264 visibilium,
646 1196 680 1249 et
696 1185 732 1249 lit
753 1186 843 1249 bona
857 1185 975 1249 fractio
999 1186 1032 1249 in
1050 1187 1118 1261 eis;
1140 1186 1232 1267 quod
1248 1206 1314 1249 non
1333 1206 1412 1249 con·

256 1291 399 1372 tingeret
415 1293 442 1354 si
462 1299 549 1354 esset
566 1292 612 1354 ita
627 1290 731 1353 densa
745 1292 832 1353 sicut
846 1300 923 1353 sunt
940 1291 1023 1353 dura
1042 1298 1078 1353 et
1097 1290 1214 1354 solida.
1260 1289 1412 1353 Densum

256 1397 346 1457 enim
362 1405 414 1457 est
428 1398 520 1476 quod
539 1394 642 1458 habet
663 1404 774 1476 partes
792 1396 980 1476 propinque
999 1394 1159 1476 jacentes,
1174 1405 1209 1459 et
1232 1415 1340 1458 rarum
1363 1404 1413 1457 est

256 1500 345 1581 quod
383 1498 485 1562 habet
519 1509 631 1582 partes
661 1499 825 1563 distanter
851 1499 1011 1581 jacentes,
1041 1506 1075 1562 et
1104 1499 1181 1562 ideo
1210 1500 1331 1562 vitrum
1362 1508 1413 1561 est

256 1623 377 1677 rarum,
392 1614 426 1667 et
441 1602 633 1684 crystallum
650 1612 685 1665 et
707 1602 899 1684 hujusmodi
919 1623 985 1667 non
1006 1605 1145 1667 densum
1166 1603 1319 1685 perfecte,
1335 1602 1414 1667 licet

256 1706 511 1790 aliquantulum,
526 1708 585 1770 sed
602 1707 802 1771 sufficienter
817 1716 896 1770 sunt
919 1727 992 1771 rara
1010 1716 1047 1770 ut
1069 1709 1264 1789 permittant
1286 1708 1414 1789 specics

257 1809 339 1873 lucis
361 1812 511 1874 transire.
556 1810 686 1873 Durum
710 1819 822 1873 autem
845 1819 879 1873 et
902 1808 1069 1874 soliduml
1097 1830 1164 1874 non
1191 1810 1344 1874 dicuntur
1370 1831 1414 1871 ex

257 1914 514 1997 congregatione
529 1916 686 1996 partium,
697 1916 756 1977 sed
769 1935 813 1978 ex
824 1914 1010 1977 stabilitate
1021 1922 1055 1977 et
1065 1910 1223 1978 firmitate
1233 1924 1267 1977 et
1280 1912 1414 1989 fixione,

258 2030 395 2101 propter
420 2029 572 2082 naturam
596 2020 767 2098 siccitatis,
790 2019 833 2082 ad
856 2038 959 2099 quam
982 2020 1193 2099 consequitur
1216 2019 1354 2082 durities
1380 2026 1414 2081 et

257 2123 419 2199 soliditas,
436 2136 473 2186 ut
488 2122 691 2187 Aristoteles
705 2122 777 2186 vult
792 2122 939 2185 secundo
956 2122 997 2186 de
1014 2120 1234 2185 Generatione
1243 2120 1265 2184 ².

302 2227 418 2291 Tertio
439 2228 719 2291 considerandum
739 2236 791 2290 est
813 2226 904 2307 quod
928 2227 1069 2288 densum
1091 2223 1184 2289 laeve
1206 2233 1240 2289 et
1262 2225 1415 2309 politum,
1428 2228 1478 2305 1501
1489 2228 1539 2276 dis·

259 2340 297 2393 ut
318 2332 502 2413 speculum,
520 2331 600 2394 iacit
622 2330 744 2394 bonam
768 2329 983 2393 reflexionem
1007 2339 1042 2393 et
1064 2328 1254 2393 sensibilem
1278 2338 1415 2413 propter
1427 2301 1572 2409 lllffoffih,

259 2433 495 2515 aequalitatem
527 2454 607 2497 suae
636 2432 831 2513 superficiei.
893 2434 1007 2498 Partes
1036 2434 1124 2497 enim
1160 2432 1262 2516 ipsius
1298 2426 1536 2539 omnes⁵¹¹¹s⁸¹⁰ge

260 2539 461 2601 concordant
479 2538 510 2600 in
527 2557 593 2600 una
609 2539 752 2613 actione,
767 2548 804 2601 ut
819 2538 899 2601 dicit
914 2537 1081 2601 Averroes
1097 2558 1195 2621 super
1209 2540 1356 2602 secundo
1372 2540 1415 2601 de
1427 2500 1534 2607 ffllllln.

259 2641 389 2705 Anima
400 2640 422 2717 ³,
437 2639 584 2723 capitulo
604 2641 646 2704 de
669 2661 773 2717 sono;
796 2652 831 2705 et
852 2643 928 2706 ideo
950 2641 1133 2725 aequaliter
1154 2652 1188 2705 et
1208 2644 1415 2707 concorditer

261 2754 377 2826 agunt,
402 2756 437 2808 et
461 2746 590 2827 integra
616 2744 656 2808 fit
685 2744 824 2809 reflexio
853 2745 974 2826 speciei
1002 2766 1022 2807 a
1048 2744 1221 2827 superficie
1246 2746 1415 2828 speculari.

261 2849 330 2915 Sed
352 2860 462 2931 partes
483 2848 629 2930 corporis
650 2850 767 2932 asperi,
788 2859 925 2933 propter
941 2849 1012 2931 ejus
1031 2848 1214 2932 superficiei
1236 2850 1416 2932 inaequali·

261 2966 365 3019 tatem
381 2974 445 3017 non
462 2956 662 3017 concordant
679 2956 711 3017 in
728 2973 793 3017 una
808 2956 947 3029 actione,
963 2964 1099 3037 propter
1122 2954 1212 3036 quod
1236 2954 1418 3037 dissipatur

261 3070 336 3124 tota
349 3059 484 3141 species,
496 3068 530 3121 et
548 3058 705 3121 amittens
720 3078 813 3121 suam
831 3058 1056 3139 integritatem
1073 3078 1137 3121 non
1150 3056 1270 3122 sufficit
1286 3077 1415 3141 reprae-

261 3173 393 3227 sentare
406 3182 475 3224 reru
490 3161 585 3243 cujus
600 3174 659 3234 est,
676 3173 710 3226 et
733 3162 809 3226 ideo
828 3182 895 3224 non
914 3164 1045 3225 videtur
1065 3182 1124 3244 per
1141 3181 1279 3243 corpora
1302 3182 1419 3243 aspera

260 3268 345 3330 sicut
362 3287 421 3348 per
438 3265 582 3349 specula.
629 3267 674 3330 Et
699 3267 908 3330 Ptolemaeus
931 3266 1012 3329 dicit
1036 3267 1182 3353 secundo
1197 3267 1418 3349 Aspectuum,

143 3436 146 3439 ,
259 3374 350 3455 quod
371 3374 414 3435 de
435 3392 553 3454 aspero
575 3371 613 3434 fit
634 3372 792 3451 conlusio,
807 3392 848 3435 eo
871 3372 962 3454 quod
987 3382 1097 3453 partes
1119 3391 1184 3435 non
1207 3381 1284 3434 sunt
1302 3372 1418 3434 ordine

262 3474 460 3539 consimiles.
506 3476 554 3539 Et
570 3474 722 3539 Alhazen
739 3476 820 3538 dicit
837 3477 870 3538 in
895 3487 1012 3559 quarto
1028 3474 1117 3553 libr0,
1134 3477 1223 3558 quod
1244 3496 1287 3538 ex
1305 3475 1417 3557 politis

263 3582 464 3662 corporibus.
480 3598 547 3643 non
569 3601 613 3643 ex
637 3581 770 3663 asperis,
786 3578 824 3641 fit
842 3580 932 3642 bona
955 3578 1099 3657 reflexio,
1115 3579 1275 3663 quoniam
1298 3598 1418 3660 corpus

263 3683 407 3765 politum
423 3683 512 3765 ejicit
526 3684 670 3764 speciem
686 3683 778 3758 lucis,
794 3684 852 3747 sed
868 3704 1020 3765 asperum
1041 3704 1106 3746 non
1123 3692 1242 3765 potest,
1257 3703 1360 3764 quum
1384 3684 1418 3746 in

263 3807 401 3868 corpore
434 3807 554 3868 aspero
584 3798 661 3851 sunt
690 3790 774 3870 pori,
799 3808 884 3871 quos
912 3788 1078 3850 subintrat
1104 3788 1231 3869 species
1258 3786 1341 3850 lucis
1366 3784 1419 3850 vel
1517 3870 1522 3877 ι

263 3891 407 3956 alteriue.

308 3996 425 4077 Atque
453 4004 586 4075 oportet
616 3995 697 4058 scire
733 4007 861 4078 quarto,
892 3996 982 4079 quod
1015 3994 1237 4059 determinant
1266 4003 1419 4057 auctores
1431 4005 1475 4055 No
1485 4002 1582 4070 change

265 4099 502 4181 Perspectivae‚
518 4100 610 4178 quod
627 4097 763 4161 reflexio
779 4119 845 4162 non
868 4108 919 4163 est
941 4098 1156 4180 intelligenda
1177 4107 1213 4161 ut
1233 4097 1340 4161 forma
1360 4117 1416 4161 seu
1431 4070 1588 4186 ffil'hoe

263 4204 391 4284 species
412 4204 523 4265 veniat
546 4222 567 4265 a
590 4223 635 4281 re,
657 4212 690 4265 et
713 4201 871 4284 figuretur
895 4204 928 4265 in
954 4221 1091 4282 corpore
1116 4200 1230 4283 polito,
1259 4211 1293 4265 et
1320 4200 1418 4265 saciat
1432 4204 1526 4251 minor.

264 4328 360 4371 suam
377 4308 522 4389 speciem
543 4306 679 4371 ulterius
698 4306 731 4369 in
755 4326 913 4383 sensum3
943 4306 1098 4387 quoniam
1121 4315 1201 4367 tunc
1225 4306 1251 4367 si
1275 4306 1419 4369 sentiens
1433 4268 1577 4397 lllcleff'ray

301 4427 305 4451 ¹
325 4425 412 4473 Bacon
424 4440 515 4473 means
530 4425 586 4473 that
601 4424 647 4472 the
663 4425 789 4473 bardum
804 4426 856 4474 and
871 4424 977 4485 solidity
990 4423 1020 4471 ol
1031 4424 1123 4472 bodies
1138 4424 1205 4473 have
1220 4424 1330 4485 nothing
1343 4431 1371 4473 to
1386 4426 1419 4473 do

264 4504 329 4552 with
341 4504 386 4551 the
396 4518 457 4565 way
469 4504 495 4550 in
507 4504 594 4551 which
609 4503 674 4563 light
689 4504 780 4552 affecta
795 4504 872 4551 them.
909 4503 931 4551 Τ
931 4502 972 4551 his
988 4502 1105 4564 depends
1121 4519 1155 4551 ou
1171 4502 1239 4551 their
1252 4502 1356 4565 density
1369 4505 1419 4552 and

264 4584 353 4634 rarirv.
388 4581 464 4630 With
477 4582 522 4629 the
534 4582 679 4643 paragraph
690 4582 745 4630 that
757 4581 861 4630 follows
873 4580 905 4629 cl.
918 4596 962 4643 pp.
976 4596 1063 4641 130-1.

299 4659 310 4690 ¹
324 4658 365 4707 De
377 4659 435 4709 Gen.
448 4659 492 4709 lib.
507 4659 533 4709 ii.
545 4674 600 4723 cap.
615 4674 639 4708 a.
858 4657 869 4686 ⁸
884 4658 966 4710 Arist.
978 4658 1008 4708 de
1017 4659 1124 4722 Anima,
1137 4658 1180 4709 lib
1195 4659 1220 4708 ii.
1233 4674 1287 4724 cap.
1302 4660 1326 4725 8,
1342 4662 1354 4719 5
1369 4674 1389 4707 1.
