3542 5359
592 607 708 666 PARS
733 608 900 665 SEXTA:
936 607 1026 665 cAP.
1053 607 1107 665 IV.
1359 620 1420 683 549

263 778 398 851 propter
416 770 480 835 hoc
494 774 584 852 quod
599 781 691 835 actus
707 770 839 835 creandi
854 780 906 835 est
927 770 1033 834 solum
1056 778 1204 853 respectu
1224 788 1418 852 permanen·

262 872 346 935 tium
362 875 649 957 producendorum
665 897 708 939 ex
726 875 836 938 nihilo.

307 975 343 1040 Si
369 978 500 1041 dicatur
527 983 618 1061 quod
647 1001 725 1043 arca
748 979 819 1060 jam
845 979 940 1057 lacta,
968 979 994 1042 si
1023 979 1212 1056 resolvatur,
1238 987 1271 1041 et
1298 976 1415 1040 iterum
1429 990 1507 1041 suth.

263 1080 505 1164 conjungantur
527 1094 647 1167 partes,
670 1086 787 1147 eadem
811 1104 885 1147 arca
907 1083 969 1147 erit
991 1082 1024 1145 in
1048 1103 1185 1146 numero
1208 1092 1242 1145 et
1264 1080 1415 1164 ejusdem
1429 1059 1514 1107 ΑΜ

264 1185 371 1266 pretii,
409 1205 487 1268 ergo
524 1208 626 1269 agens
663 1188 777 1251 finitae
814 1188 982 1270 potentiae
1019 1195 1131 1268 potest
1175 1185 1281 1250 facere
1326 1187 1414 1248 idem
1428 1124 1570 1254 ppercepstpnd

263 1309 423 1367 numer03
461 1292 638 1357 dicendum
664 1303 723 1369 est,
745 1293 836 1374 quod
860 1291 1044 1355 materialia
1074 1310 1169 1355 arcae
1194 1301 1270 1355 sunt
1297 1292 1413 1355 eadem
1426 1270 1542 1379 {ffled
1557 1321 1578 1368 ,s

263 1414 401 1457 numero
433 1397 572 1477 penitus,
603 1400 663 1461 sed
694 1397 891 1479 compositio
924 1397 1067 1480 partium
1098 1406 1149 1459 est
1181 1396 1246 1459 alia
1276 1387 1580 1501 numerogofffffime

263 1517 363 1578 quam
396 1502 495 1581 prius,
528 1511 561 1564 et
599 1501 682 1565 haec
719 1501 918 1583 compositio
955 1510 1005 1563 est
1042 1501 1147 1564 forma
1183 1521 1279 1563 arcae
1316 1518 1416 1582 quam
1487 1492 1491 1501 '

264 1602 383 1665 artifex
414 1605 615 1685 introducit3
653 1606 730 1689 quia
761 1606 899 1670 materia
938 1605 981 1667 rei
1019 1603 1199 1669 artificialis
1236 1613 1286 1667 est
1323 1613 1418 1666 natu-

264 1707 342 1769 ralis
371 1711 565 1780 substantia,
591 1721 626 1775 et
656 1710 761 1775 forma
792 1710 969 1774 artificialis
999 1720 1049 1773 est
1076 1712 1228 1774 accidens
1250 1720 1284 1774 et
1311 1708 1420 1773 debile

264 1812 343 1892 quid
375 1826 526 1895 respectu
558 1818 714 1879 materiae
743 1815 827 1903 talis,
858 1816 934 1878 ideo
963 1814 1082 1897 vulgus
1107 1800 1285 1879 'materiam
1316 1812 1418 1877 talem

264 1917 418 1981 aestimat
436 1922 543 2004 magis
555 1941 664 1984 arcam
678 1941 778 2003 quam
794 1919 1080 2002 compositionem.
1123 1917 1191 1983 Sed
1204 1929 1315 1981 tamen
1331 1921 1420 1983 unde

267 2022 477 2086 artificiatum
494 2035 553 2097 est,
569 2035 702 2107 oportet
717 2026 807 2106 quod
823 2022 1043 2087 constituatur
1058 2024 1091 2085 in
1106 2043 1179 2087 esse
1194 2020 1347 2105 specifico
1363 2042 1422 2103 per

264 2128 371 2208 ipsam
402 2130 679 2210 compositionem
709 2149 809 2210 quam
840 2148 894 2192 ars
919 2128 1107 2202 introducit,
1132 2128 1210 2210 quia
1233 2148 1285 2189 ars
1312 2126 1419 2189 solum

266 2232 443 2295 introducit
470 2233 745 2315 compositionem
773 2232 873 2310 illam,
898 2252 938 2294 eo
963 2232 1053 2313 quod
1082 2251 1134 2293 ars
1165 2250 1230 2293 uon
1258 2229 1336 2296 lacit
1362 2232 1421 2294 nisi

264 2334 405 2398 sormam
421 2334 633 2412 artificialem,
649 2345 683 2398 et
698 2336 774 2397 ideo
788 2356 873 2413 arca,
888 2337 976 2400 unde
997 2355 1072 2398 arca
1095 2346 1144 2398 est
1166 2354 1217 2398 res
1233 2333 1420 2411 artificialis,

264 2440 392 2502 dicetur
407 2459 472 2503 una
487 2460 623 2502 numero
638 2438 690 2502 vel
707 2440 817 2522 plures
833 2459 892 2521 per
908 2441 1068 2503 unitatem
1078 2439 1130 2503 vel
1148 2440 1419 2503 numerositatem

264 2544 524 2625 compositionis
540 2555 574 2608 et
589 2564 655 2607 non
673 2544 830 2607 materiae
844 2564 947 2607 arcae.

689 2908 918 2974 Cumruuuu
942 2908 1001 2972 1v.

311 3065 443 3129 Deinde
461 3064 628 3147 quaeritur
642 3077 771 3147 quart0,
785 3086 828 3129 an
844 3066 878 3128 in
894 3085 969 3129 aere
984 3074 1016 3128 et
1032 3064 1222 3147 hujusmodi
1237 3064 1417 3145 diaphanis,
1430 3078 1485 3128 The
1496 3087 1570 3145 agent

266 3170 400 3252 quando
416 3170 629 3233 continuatur
644 3170 832 3251 praesentia
849 3170 979 3251 agentis
994 3190 1091 3251 super
1107 3190 1155 3245 ea,
1170 3168 1295 3251 species
1312 3168 1417 3249 prima
1430 3146 1588 3276 ffatim

266 3286 398 3338 maneat
415 3276 577 3347 continue,
593 3276 672 3337 dum
688 3295 790 3357 agens
810 3282 861 3337 est
879 3292 1045 3357 praesens,
1060 3273 1111 3336 vel
1130 3282 1367 3357 corrumpatur,
1383 3282 1416 3335 et
1428 3278 1573 3340 generation

266 3378 331 3442 alia
355 3390 536 3457 renovetur,
558 3387 592 3442 et
615 3379 661 3443 sic
688 3378 782 3460 quasi
808 3376 961 3441 infinities
985 3378 1017 3440 in
1041 3378 1093 3441 die
1116 3376 1276 3441 artificiali
1300 3378 1416 3439 eadem
1429 3343 1549 3457 {3232ss
1561 3409 1591 3457 or

267 3483 325 3547 fiat
340 3484 466 3566 species
481 3483 514 3546 in
530 3503 605 3546 aere
621 3492 654 3546 et
670 3492 899 3566 corrumpatur
919 3504 978 3566 per
997 3482 1160 3547 actionem
1181 3482 1269 3547 solis.
1315 3481 1416 3565 Quod
1428 3475 1588 3589 Ellam

267 3609 346 3652 vero
376 3589 470 3671 quasi
499 3587 653 3651 infinities
683 3598 913 3669 corrumpatur
946 3597 980 3652 et
1015 3599 1200 3663 renovetur,
1230 3597 1323 3671 patet
1359 3606 1417 3669 per
1429 3606 1518 3670 tmper-

267 3702 417 3756 auctores
437 3692 676 3774 Perspectivae.
721 3692 810 3755 Nam
825 3691 978 3755 Alhazen
994 3692 1027 3755 in
1044 3694 1189 3755 secundo
1205 3691 1290 3755 libro
1309 3693 1416 3755 deter-
1429 3672 1538 3801 iffi?

267 3798 381 3873 minat,
396 3797 486 3879 quod
506 3796 660 3860 alteratio
682 3795 837 3878 diaphani
853 3816 912 3878 per
926 3795 1115 3877 hujusmodi
1134 3797 1259 3879 species
1283 3805 1416 3859 nonest

267 3899 337 3963 lixa
351 3922 413 3964 nec
433 3920 638 3983 permaneus,
653 3902 712 3964 sed
728 3900 795 3963 cito
810 3910 987 3983 generatur
1001 3910 1034 3963 et
1050 3900 1117 3963 cito
1132 3901 1362 3983 corrumpitur.

313 4006 399 4079 Item
429 4005 493 4069 hoc
523 4014 617 4087 patet
646 4024 706 4086 per
734 4004 807 4081 hoc,
836 4004 927 4085 quod
958 4005 984 4065 si
1015 4003 1245 4087 multiplicatio
1275 4004 1355 4069 lucis
1383 4015 1418 4068 et

267 4109 419 4173 collectio
434 4109 466 4171 in
482 4112 600 4174 eodem
611 4108 686 4172 loco
697 4128 757 4191 per
769 4109 933 4173 modicam
946 4108 1138 4172 tractionem
1150 4118 1184 4172 et
1197 4107 1418 4185 reflexionem,

267 4224 304 4277 ut
320 4214 410 4297 prius
426 4212 708 4295 exemplificatum
724 4221 784 4289 est,
796 4213 923 4276 inducit
939 4212 1202 4281 combustionem
1219 4212 1418 4287 sensibilem,

267 4328 346 4381 tunc
369 4318 469 4398 longe
491 4318 597 4398 magis
620 4316 713 4381 lieret
734 4317 898 4381 sensibilis
920 4316 1107 4380 combustio
1128 4317 1154 4379 si
1175 4317 1220 4381 ab
1242 4326 1315 4379 ortu
1339 4317 1419 4380 solis

267 4442 399 4504 semper
414 4433 561 4484 maneret
577 4421 681 4503 prima
697 4422 831 4504 species,
847 4431 881 4482 et
900 4420 1124 4484 intenderetur
1144 4420 1298 4485 continue
1313 4442 1417 4504 usque

267 4529 310 4591 ad
331 4546 486 4591 occasum
508 4546 567 4608 per
587 4525 761 4592 continuas
785 4526 1080 4609 multiplicationes
1105 4526 1283 4607 praecipue
1307 4535 1343 4588 ut
1365 4526 1417 4591 hic

267 4653 332 4697 uon
356 4641 444 4695 esset
470 4629 606 4694 reflexio
633 4650 695 4694 nec
722 4629 847 4706 fractio,
872 4630 1049 4713 praecipue
1075 4629 1211 4712 duplex,
1235 4650 1418 4712 quaecum
