3542 5359
396 664 593 724 MORALIS
617 665 939 724 PHILOSOPHIA:
965 665 1080 724 PARS
1108 665 1272 724 TERTIA.
1342 681 1404 742 293

252 837 286 892 et
302 829 477 912 praecipue
494 828 593 911 hujus
613 827 719 892 rabidi
740 836 841 910 atque
860 828 972 892 effreni
993 829 1204 906 continentia,
1221 828 1332 894 utilior
1352 840 1403 894 est

252 933 394 1016 regibus.
446 932 535 996 Nam
565 933 732 1016 perierunt
762 933 883 1011 omnia,
914 932 971 996 ubi
986 952 991 961 ·
1004 942 1166 1016 quantum
1201 933 1249 996 ira
1285 934 1403 997 suadet

253 1035 385 1101 fortuna
408 1036 590 1120 permittit?
636 1036 749 1120 ‘Quid
774 1037 861 1100 enim
892 1037 1020 1102 facilius
1046 1037 1108 1101 luit
1132 1036 1307 1121 Antigono
1334 1040 1402 1120 regi

251 1161 352 1222 quam
377 1142 463 1206 duos
491 1141 714 1223 manipulares
743 1161 821 1204 suos
844 1141 921 1207 duci
942 1141 1069 1225 jubere,
1093 1142 1149 1224 qui
1174 1142 1402 1205 incumbentes

252 1244 338 1327 regis
376 1245 591 1311 tabernaculo
627 1243 793 1309 faciebant
824 1246 914 1329 quod
945 1245 1098 1309 homines
1128 1245 1403 1328 periculosissime

250 1359 284 1412 et
314 1349 530 1414 libentissime
555 1349 680 1414 iaciunt
705 1345 794 1437 [qui]
820 1351 865 1414 de
894 1370 971 1432 rege
992 1369 1054 1413 suo
1077 1350 1164 1414 male
1186 1349 1401 1415 existimant?

251 1453 416 1518 Audierat
439 1454 552 1518 omnia
577 1453 772 1536 Antigonus
803 1463 923 1538 utpote
952 1473 1028 1518 cum
1057 1455 1141 1517 inter
1171 1455 1335 1518 dicentem
1366 1464 1401 1516 et

249 1559 442 1622 audientem
471 1557 561 1641 palla
589 1557 771 1635 interesset,
794 1577 895 1638 quam
927 1557 981 1622 ille
1007 1557 1123 1622 leviter
1152 1557 1342 1637 commovit,
1366 1568 1400 1620 et

250 1775 348 1830 nocte
378 1786 456 1829 cum
490 1766 655 1849 quosdam
687 1786 732 1830 ex
767 1765 929 1829 militibus
962 1767 1030 1830 suis
1058 1767 1251 1831 exaudisset
1287 1766 1399 1830 omnia

249 1870 337 1934 mala
371 1871 590 1952 imprecantes
627 1870 697 1953 regi
734 1870 792 1952 qui
828 1870 919 1954 ipsos
954 1871 988 1934 in
1023 1870 1104 1934 illud
1137 1871 1198 1936 iter
1231 1881 1265 1934 et
1303 1869 1398 1934 inex-

247 1974 397 2040 tricabile
427 1971 558 2038 lutuml
588 1974 791 2052 deduxisset,
824 1974 964 2039 accessit
997 1976 1039 2038 ad
1075 1995 1132 2038 eos
1165 1975 1220 2056 qui
1252 1975 1398 2038 maxime

247 2079 453 2156 laborabant,
468 2088 503 2142 et
525 2097 601 2141 cum
623 2078 821 2160 ignorabant
843 2099 864 2142 a
886 2098 955 2161 quo
977 2078 1219 2160 adjuvarentur,
1242 2075 1396 2155 “Nune”

247 2184 363 2265 inquit,
388 2183 604 2248 “maledicite
634 2182 811 2264 Antigono
847 2182 941 2264 cujus
970 2183 1052 2247 vitio
1090 2183 1123 2246 in
1156 2182 1218 2246 has
1248 2182 1396 2246 miserias

246 2287 426 2351 incidistis:
448 2288 479 2351 ei
508 2297 620 2351 autem
650 2287 737 2350 bene
766 2295 883 2371 optate
907 2287 963 2369 qui
992 2307 1054 2351 vos
1084 2306 1127 2350 ex
1152 2286 1215 2350 hac
1241 2287 1397 2368 voragine

247 2387 394 2455 eduxit.'’
441 2390 536 2455 Idem
558 2401 629 2454 tam
654 2391 726 2454 miti
751 2390 866 2454 animo
889 2389 1037 2456 hostium
1060 2410 1196 2455 suorum
1220 2389 1396 2456 maledicta

246 2515 347 2577 quam
366 2495 487 2559 civium
509 2493 597 2559 tulit.
643 2493 762 2576 Itaque
783 2515 858 2559 cum
882 2495 916 2558 in
934 2495 1072 2579 parvulo
1094 2495 1239 2578 quodam
1261 2495 1397 2560 castello

249 2597 372 2664 Graeci
398 2599 637 2673 obsiderentur,
662 2610 696 2662 et
730 2597 851 2663 fiducia
883 2599 950 2662 loci
984 2609 1232 2665 contemnentes
1266 2599 1394 2670 hostem

247 2704 352 2768 multa
367 2704 400 2767 in
415 2702 659 2767 deformitatem
680 2702 844 2786 Antigoni
862 2702 1060 2784 jocarentur,
1075 2712 1108 2766 et
1128 2722 1216 2769 nunc
1231 2713 1393 2768 staturam
1446 2747 1448 2750 -

245 2807 404 2872 humilem
426 2828 514 2873 nunc
536 2808 686 2872 collisum
709 2827 827 2871 nasum
849 2807 1047 2888 deriderent,
1063 2804 1262 2886 “Gaudeo'’
1277 2809 1393 2892 inquit,

244 2915 305 2977 “et
327 2912 450 2995 aliquid
466 2911 545 2975 boni
566 2931 664 2994 spero
681 2905 723 2998 [si
741 2911 775 2974 in
794 2913 910 2976 castris
933 2912 1015 2976 meis
1033 2911 1183 2977 Silenum
1205 2907 1351 2999 habeo¹]
1366 2909 1394 2974 ’'.

245 3016 330 3081 Cum
346 3036 425 3080 vero
448 3015 509 3080 hos
527 3015 615 3079 lame
634 3015 827 3093 domuisset,
842 3017 949 3099 captis
969 3017 1016 3081 sic
1039 3037 1116 3082 usus
1136 3027 1188 3082 est
1205 3027 1242 3081 ut
1261 3017 1394 3099 eosqui

245 3121 383 3200 militiae
403 3119 500 3184 utiles
515 3129 608 3184 erant
623 3119 657 3183 in
673 3119 825 3185 cohortes
846 3121 1054 3194 describeret,
1071 3131 1220 3186 caeteros
1241 3121 1393 3202 praeconi

243 3226 440 3308 subjiceret3
465 3225 566 3306 idque
590 3243 626 3286 se
652 3225 786 3307 negavit
809 3222 972 3289 facturum
999 3225 1106 3303 fuisse,
1132 3225 1194 3289 nisi
1221 3225 1394 3309 expediret

242 3330 294 3394 his
308 3330 482 3394 dominum
498 3329 621 3392 habere
635 3327 694 3410 qui
709 3337 778 3391 tarn
795 3328 920 3393 malam
936 3329 1095 3394 haberent
1111 3327 1279 3413 linguam'

285 3433 343 3499 ‘Si
357 3455 435 3498 vero
450 3429 577 3515 aliqua'
595 3442 631 3494 ut
645 3432 694 3496 ait
709 3430 837 3497 Seneca
852 3433 886 3496 in
902 3433 967 3498 hoc
982 3433 1066 3509 loco,
1076 3439 1085 3468 ‘
1097 3434 1130 3497 in
1146 3432 1300 3519 Philippo
1315 3454 1394 3517 rege

242 3551 337 3622 patre
348 3536 536 3602 Alexandri
552 3537 657 3600 virtus
671 3535 831 3616 fuit‚haec
845 3547 917 3601 erat
931 3539 1204 3603 contumeliarum
1221 3540 1392 3623 patientia,

240 3647 358 3728 ingens
388 3643 645 3705 instrumentum
674 3640 719 3705 ad
745 3640 886 3707 tutelam
919 3643 1020 3725 regni.
1065 3643 1154 3708 Nam
1185 3664 1261 3707 cum
1290 3642 1390 3728 legati

240 3748 498 3813 Atheniensium
519 3746 669 3808 venirent
689 3744 732 3808 ad
755 3765 841 3823 eum,
865 3756 899 3810 et
921 3748 993 3832 ipse
1012 3759 1183 3830 quaereret
1205 3748 1284 3830 quid
1304 3761 1391 3812 esset

239 3866 372 3938 gratum
390 3850 659 3927 Atheniensibus,
672 3869 758 3913 unus
775 3851 958 3932 respondit,
972 3851 1048 3916 “Te
1066 3849 1298 3935 suspendere.”
1344 3851 1391 3917 Et

239 3979 315 4023 curn
328 3957 513 4038 indignatio
524 3955 806 4020 circumstantium
822 3957 865 4020 ad
881 3965 951 4020 tam
964 3956 1178 4020 inhumanum
1195 3975 1388 4038 responsum

238 4074 358 4129 exorta
372 4070 455 4138 erat,
469 4081 527 4124 eos
542 4058 715 4142 Philippus
729 4061 948 4126 conticescere
960 4060 1068 4146 jussit,
1083 4071 1118 4124 et
1134 4059 1226 4123 illum
1241 4059 1387 4143 legatum

237 4168 366 4232 salvum
393 4175 427 4229 et
452 4165 651 4229 incolumem
682 4165 815 4229 dimitti.
875 4165 955 4230 “At
983 4187 1043 4230 vos
1052 4161 1069 4189 ’'
1096 4165 1213 4248 inquit,
1240 4165 1389 4229 “caeteri

237 4270 339 4354 legati
353 4271 504 4335 nuntiate
517 4268 779 4334 Atheniensibus
800 4268 907 4332 multo
930 4269 1136 4352 superbiores
1155 4288 1228 4333 esse
1249 4268 1305 4351 qui
1326 4271 1389 4336 ista

235 4379 361 4454 dicunt,
376 4395 477 4458 quam
497 4375 555 4458 qui
578 4375 714 4456 impune
734 4375 824 4438 dicta
845 4371 1029 4438 audiunt”’
1073 4371 1293 4438 Alexander³
1309 4395 1388 4440 vero

236 4482 378 4547 Macedo
393 4479 557 4564 Antigoni
580 4499 692 4563 nepos,
715 4488 748 4542 et
771 4477 858 4541 filius
881 4477 1025 4563 Philippi
1048 4479 1105 4561 qui
1128 4478 1203 4543 licet
1226 4480 1387 4563 superbus

300 4636 308 4667 ¹
327 4635 530 4686 inextricabilem
542 4634 648 4695 luctum,
658 4634 689 4684 1).
704 4641 732 4683 et
743 4633 775 4684 0.
1007 4631 1018 4665 ¹
1035 4632 1149 4683 Omitted
1160 4633 1187 4682 in
1199 4632 1255 4686 ttS.

700 4711 709 4740 ¹
726 4713 765 4764 De
775 4713 828 4774 Im,
840 4712 865 4763 ii.
877 4727 918 4776 23.
