<?xml version="1.0" encoding="UTF-8"?>
<!DOCTYPE html PUBLIC "-//W3C//DTD XHTML 1.0 Transitional//EN"
    "http://www.w3.org/TR/xhtml1/DTD/xhtml1-transitional.dtd">
<html xmlns="http://www.w3.org/1999/xhtml" xml:lang="en" lang="en">
 <head>
  <title>
</title>
<meta http-equiv="Content-Type" content="text/html;charset=utf-8" />
  <meta name='ocr-system' content='tesseract 3.04.00' />
  <meta name='ocr-capabilities' content='ocr_page ocr_carea ocr_par ocr_line ocrx_word'/>
</head>
<body>
  <div class='ocr_page' id='page_1' title='image "./opusmajusrogerb02bridgoog_0570.png"; bbox 0 0 3542 5359; ppageno 0'>
   <div class='ocr_carea' id='block_1_1' title="bbox 629 634 1451 713">
    <p class='ocr_par' dir='ltr' id='par_1_1' title="bbox 629 634 1451 713">
     <span class='ocr_line' id='line_1_1' title="bbox 629 634 1451 713; baseline -0.001 -19"><span class='ocrx_word' id='word_1_1' title='bbox 629 635 744 695; x_wconf 82' lang='lat' dir='ltr'><em>PARS</em></span> <span class='ocrx_word' id='word_1_2' title='bbox 769 635 933 694; x_wconf 83' lang='lat' dir='ltr'><em>SEXTA:</em></span> <span class='ocrx_word' id='word_1_3' title='bbox 972 634 1059 694; x_wconf 86' lang='lat' dir='ltr'><em>CAP.</em></span> <span class='ocrx_word' id='word_1_4' title='bbox 1084 636 1140 695; x_wconf 89' lang='lat' dir='ltr'>IV.</span> <span class='ocrx_word' id='word_1_5' title='bbox 1393 650 1451 713; x_wconf 85' lang='lat'>551</span> 
     </span>
    </p>
   </div>
   <div class='ocr_carea' id='block_1_2' title="bbox 284 793 1452 4318">
    <p class='ocr_par' dir='ltr' id='par_1_2' title="bbox 288 793 1452 3486">
     <span class='ocr_line' id='line_1_2' title="bbox 302 793 1452 878; baseline -0.002 -19"><span class='ocrx_word' id='word_1_6' title='bbox 302 805 415 859; x_wconf 90' lang='lat' dir='ltr'>tamen</span> <span class='ocrx_word' id='word_1_7' title='bbox 441 816 498 859; x_wconf 89' lang='lat' dir='ltr'>aer</span> <span class='ocrx_word' id='word_1_8' title='bbox 527 795 572 858; x_wconf 96' lang='lat' dir='ltr'>ibi</span> <span class='ocrx_word' id='word_1_9' title='bbox 597 806 734 878; x_wconf 89' lang='lat' dir='ltr'>propter</span> <span class='ocrx_word' id='word_1_10' title='bbox 763 815 919 877; x_wconf 84' lang='lat' dir='ltr'>magnam</span> <span class='ocrx_word' id='word_1_11' title='bbox 950 814 1077 858; x_wconf 89' lang='lat' dir='ltr'>moram</span> <span class='ocrx_word' id='word_1_12' title='bbox 1108 793 1185 859; x_wconf 86' lang='lat' dir='ltr'>solis</span> <span class='ocrx_word' id='word_1_13' title='bbox 1215 814 1313 878; x_wconf 92' lang='lat' dir='ltr'>super</span> <span class='ocrx_word' id='word_1_14' title='bbox 1342 794 1452 876; x_wconf 89' lang='lat' dir='ltr'>capita</span> 
     </span>
     <span class='ocr_line' id='line_1_3' title="bbox 302 899 1452 982; baseline -0.003 -19"><span class='ocrx_word' id='word_1_15' title='bbox 302 921 415 963; x_wconf 91' lang='lat' dir='ltr'>eorum</span> <span class='ocrx_word' id='word_1_16' title='bbox 437 900 532 981; x_wconf 86' lang='lat' dir='ltr'>quasi</span> <span class='ocrx_word' id='word_1_17' title='bbox 555 920 615 981; x_wconf 96' lang='lat' dir='ltr'>per</span> <span class='ocrx_word' id='word_1_18' title='bbox 636 911 780 982; x_wconf 89' lang='lat' dir='ltr'>quatuor</span> <span class='ocrx_word' id='word_1_19' title='bbox 801 900 882 977; x_wconf 85' lang='lat' dir='ltr'>dies,</span> <span class='ocrx_word' id='word_1_20' title='bbox 907 909 944 963; x_wconf 92' lang='lat' dir='ltr'>ut</span> <span class='ocrx_word' id='word_1_21' title='bbox 970 900 1049 962; x_wconf 91' lang='lat' dir='ltr'>dicit</span> <span class='ocrx_word' id='word_1_22' title='bbox 1078 899 1287 963; x_wconf 84' lang='lat' dir='ltr'><strong>Ptolemaeus</strong></span> <span class='ocrx_word' id='word_1_23' title='bbox 1317 909 1452 980; x_wconf 91' lang='lat' dir='ltr'>propter</span> 
     </span>
     <span class='ocr_line' id='line_1_4' title="bbox 302 1001 1450 1087; baseline -0.002 -20"><span class='ocrx_word' id='word_1_24' title='bbox 302 1004 764 1087; x_wconf 89' lang='lat' dir='ltr'>parvitatemdeclinationum</span> <span class='ocrx_word' id='word_1_25' title='bbox 774 1003 852 1066; x_wconf 87' lang='lat' dir='ltr'>solis</span> <span class='ocrx_word' id='word_1_26' title='bbox 861 1001 1281 1086; x_wconf 86' lang='lat' dir='ltr'>equidistantium¹,recipit</span> <span class='ocrx_word' id='word_1_27' title='bbox 1292 1001 1450 1084; x_wconf 87' lang='lat' dir='ltr'>majorem</span> 
     </span>
     <span class='ocr_line' id='line_1_5' title="bbox 301 1106 1451 1192; baseline -0.003 -19"><span class='ocrx_word' id='word_1_28' title='bbox 301 1111 551 1192; x_wconf 88' lang='lat' dir='ltr'>dispositionem</span> <span class='ocrx_word' id='word_1_29' title='bbox 578 1110 621 1173; x_wconf 88' lang='lat' dir='ltr'>ad</span> <span class='ocrx_word' id='word_1_30' title='bbox 645 1108 908 1172; x_wconf 80' lang='lat' dir='ltr'>combustionem</span> <span class='ocrx_word' id='word_1_31' title='bbox 940 1127 1041 1190; x_wconf 92' lang='lat' dir='ltr'>quam</span> <span class='ocrx_word' id='word_1_32' title='bbox 1073 1107 1134 1171; x_wconf 92' lang='lat' dir='ltr'>hic.</span> <span class='ocrx_word' id='word_1_33' title='bbox 1180 1106 1275 1172; x_wconf 90' lang='lat' dir='ltr'>Sicut</span> <span class='ocrx_word' id='word_1_34' title='bbox 1300 1108 1451 1171; x_wconf 90' lang='lat' dir='ltr'>videmus</span> 
     </span>
     <span class='ocr_line' id='line_1_6' title="bbox 300 1212 1450 1298; baseline -0.001 -22"><span class='ocrx_word' id='word_1_35' title='bbox 300 1215 552 1298; x_wconf 89' lang='lat' dir='ltr'>quodpropter</span> <span class='ocrx_word' id='word_1_36' title='bbox 577 1233 705 1277; x_wconf 89' lang='lat' dir='ltr'>moram</span> <span class='ocrx_word' id='word_1_37' title='bbox 731 1212 809 1276; x_wconf 89' lang='lat' dir='ltr'>solis</span> <span class='ocrx_word' id='word_1_38' title='bbox 835 1232 990 1294; x_wconf 81' lang='lat' dir='ltr'>magnam</span> <span class='ocrx_word' id='word_1_39' title='bbox 1018 1212 1138 1275; x_wconf 91' lang='lat' dir='ltr'>accidit</span> <span class='ocrx_word' id='word_1_40' title='bbox 1160 1212 1192 1275; x_wconf 91' lang='lat' dir='ltr'>in</span> <span class='ocrx_word' id='word_1_41' title='bbox 1217 1232 1291 1275; x_wconf 92' lang='lat' dir='ltr'>aere</span> <span class='ocrx_word' id='word_1_42' title='bbox 1313 1220 1450 1289; x_wconf 89' lang='lat' dir='ltr'>nostro;</span> 
     </span>
     <span class='ocr_line' id='line_1_7' title="bbox 299 1315 1449 1401; baseline -0.001 -22"><span class='ocrx_word' id='word_1_43' title='bbox 299 1319 389 1400; x_wconf 91' lang='lat' dir='ltr'>quod</span> <span class='ocrx_word' id='word_1_44' title='bbox 415 1339 521 1401; x_wconf 88' lang='lat' dir='ltr'>prope</span> <span class='ocrx_word' id='word_1_45' title='bbox 550 1317 650 1381; x_wconf 90' lang='lat' dir='ltr'>linem</span> <span class='ocrx_word' id='word_1_46' title='bbox 676 1327 814 1380; x_wconf 85' lang='lat' dir='ltr'>octavae</span> <span class='ocrx_word' id='word_1_47' title='bbox 843 1315 945 1379; x_wconf 90' lang='lat' dir='ltr'>horae</span> <span class='ocrx_word' id='word_1_48' title='bbox 975 1326 1008 1378; x_wconf 93' lang='lat' dir='ltr'>et</span> <span class='ocrx_word' id='word_1_49' title='bbox 1042 1315 1236 1397; x_wconf 89' lang='lat' dir='ltr'>principium</span> <span class='ocrx_word' id='word_1_50' title='bbox 1267 1335 1373 1378; x_wconf 91' lang='lat' dir='ltr'>nonae</span> <span class='ocrx_word' id='word_1_51' title='bbox 1399 1325 1449 1378; x_wconf 91' lang='lat' dir='ltr'>est</span> 
     </span>
     <span class='ocr_line' id='line_1_8' title="bbox 300 1419 1448 1504; baseline -0.003 -19"><span class='ocrx_word' id='word_1_52' title='bbox 300 1422 405 1504; x_wconf 90' lang='lat' dir='ltr'>major</span> <span class='ocrx_word' id='word_1_53' title='bbox 420 1423 509 1485; x_wconf 90' lang='lat' dir='ltr'>calor</span> <span class='ocrx_word' id='word_1_54' title='bbox 523 1442 624 1504; x_wconf 91' lang='lat' dir='ltr'>quarn</span> <span class='ocrx_word' id='word_1_55' title='bbox 642 1422 675 1484; x_wconf 90' lang='lat' dir='ltr'>in</span> <span class='ocrx_word' id='word_1_56' title='bbox 696 1430 795 1484; x_wconf 88' lang='lat' dir='ltr'>sexta</span> <span class='ocrx_word' id='word_1_57' title='bbox 813 1419 904 1494; x_wconf 89' lang='lat' dir='ltr'>hora,</span> <span class='ocrx_word' id='word_1_58' title='bbox 919 1421 1055 1502; x_wconf 89' lang='lat' dir='ltr'>quando</span> <span class='ocrx_word' id='word_1_59' title='bbox 1076 1420 1181 1501; x_wconf 85' lang='lat' dir='ltr'>magis</span> <span class='ocrx_word' id='word_1_60' title='bbox 1203 1420 1448 1502; x_wconf 85' lang='lat' dir='ltr'>appropinquat</span> 
     </span>
     <span class='ocr_line' id='line_1_9' title="bbox 299 1524 1448 1609; baseline -0.002 -20"><span class='ocrx_word' id='word_1_61' title='bbox 299 1527 461 1609; x_wconf 88' lang='lat' dir='ltr'>capitibus</span> <span class='ocrx_word' id='word_1_62' title='bbox 487 1527 617 1589; x_wconf 86' lang='lat' dir='ltr'>nostris.</span> <span class='ocrx_word' id='word_1_63' title='bbox 663 1524 825 1607; x_wconf 84' lang='lat' dir='ltr'>Quamvis</span> <span class='ocrx_word' id='word_1_64' title='bbox 855 1545 934 1605; x_wconf 87' lang='lat' dir='ltr'>ergo</span> <span class='ocrx_word' id='word_1_65' title='bbox 965 1525 1090 1607; x_wconf 88' lang='lat' dir='ltr'>species</span> <span class='ocrx_word' id='word_1_66' title='bbox 1121 1535 1352 1606; x_wconf 84' lang='lat' dir='ltr'>corrumpatur</span> <span class='ocrx_word' id='word_1_67' title='bbox 1376 1543 1448 1587; x_wconf 89' lang='lat' dir='ltr'>suc·</span> 
     </span>
     <span class='ocr_line' id='line_1_10' title="bbox 299 1629 1447 1713; baseline 0 -22"><span class='ocrx_word' id='word_1_68' title='bbox 299 1632 422 1693; x_wconf 90' lang='lat' dir='ltr'>cessive</span> <span class='ocrx_word' id='word_1_69' title='bbox 440 1630 616 1713; x_wconf 88' lang='lat' dir='ltr'>quaelibet,</span> <span class='ocrx_word' id='word_1_70' title='bbox 631 1640 743 1692; x_wconf 89' lang='lat' dir='ltr'>tamen</span> <span class='ocrx_word' id='word_1_71' title='bbox 768 1629 925 1710; x_wconf 88' lang='lat' dir='ltr'>relinquit</span> <span class='ocrx_word' id='word_1_72' title='bbox 947 1649 990 1691; x_wconf 80' lang='lat' dir='ltr'>ex</span> <span class='ocrx_word' id='word_1_73' title='bbox 1012 1648 1072 1691; x_wconf 92' lang='lat' dir='ltr'>sua</span> <span class='ocrx_word' id='word_1_74' title='bbox 1095 1629 1280 1711; x_wconf 83' lang='lat' dir='ltr'>praesentia</span> <span class='ocrx_word' id='word_1_75' title='bbox 1302 1630 1447 1710; x_wconf 87' lang='lat' dir='ltr'>aliquam</span> 
     </span>
     <span class='ocr_line' id='line_1_11' title="bbox 298 1732 1447 1817; baseline -0.002 -20"><span class='ocrx_word' id='word_1_76' title='bbox 298 1735 548 1817; x_wconf 89' lang='lat' dir='ltr'>dispositionem</span> <span class='ocrx_word' id='word_1_77' title='bbox 576 1735 700 1810; x_wconf 90' lang='lat' dir='ltr'>caloris,</span> <span class='ocrx_word' id='word_1_78' title='bbox 723 1744 757 1797; x_wconf 90' lang='lat' dir='ltr'>et</span> <span class='ocrx_word' id='word_1_79' title='bbox 783 1734 829 1797; x_wconf 90' lang='lat' dir='ltr'>sic</span> <span class='ocrx_word' id='word_1_80' title='bbox 856 1743 969 1815; x_wconf 82' lang='lat' dir='ltr'>potest</span> <span class='ocrx_word' id='word_1_81' title='bbox 996 1733 1069 1814; x_wconf 94' lang='lat' dir='ltr'>plus</span> <span class='ocrx_word' id='word_1_82' title='bbox 1095 1742 1128 1796; x_wconf 93' lang='lat' dir='ltr'>et</span> <span class='ocrx_word' id='word_1_83' title='bbox 1153 1732 1229 1815; x_wconf 93' lang='lat' dir='ltr'>plus</span> <span class='ocrx_word' id='word_1_84' title='bbox 1252 1734 1342 1796; x_wconf 91' lang='lat' dir='ltr'>calor</span> <span class='ocrx_word' id='word_1_85' title='bbox 1365 1753 1447 1815; x_wconf 85' lang='lat' dir='ltr'>aug-</span> 
     </span>
     <span class='ocr_line' id='line_1_12' title="bbox 298 1838 1445 1922; baseline 0.001 -22"><span class='ocrx_word' id='word_1_86' title='bbox 298 1840 436 1901; x_wconf 89' lang='lat' dir='ltr'>mentari</span> <span class='ocrx_word' id='word_1_87' title='bbox 468 1849 603 1922; x_wconf 89' lang='lat' dir='ltr'>propter</span> <span class='ocrx_word' id='word_1_88' title='bbox 639 1858 765 1901; x_wconf 92' lang='lat' dir='ltr'>moram</span> <span class='ocrx_word' id='word_1_89' title='bbox 798 1838 878 1901; x_wconf 91' lang='lat' dir='ltr'>solis</span> <span class='ocrx_word' id='word_1_90' title='bbox 913 1858 1014 1919; x_wconf 91' lang='lat' dir='ltr'>super</span> <span class='ocrx_word' id='word_1_91' title='bbox 1048 1839 1190 1900; x_wconf 89' lang='lat' dir='ltr'>eundem</span> <span class='ocrx_word' id='word_1_92' title='bbox 1228 1858 1347 1900; x_wconf 90' lang='lat' dir='ltr'>aerem.</span> <span class='ocrx_word' id='word_1_93' title='bbox 1409 1838 1445 1901; x_wconf 86' lang='lat' dir='ltr'>Si</span> 
     </span>
     <span class='ocr_line' id='line_1_13' title="bbox 297 1939 1445 2026; baseline -0.001 -21"><span class='ocrx_word' id='word_1_94' title='bbox 297 1944 398 2006; x_wconf 89' lang='lat' dir='ltr'>etiam</span> <span class='ocrx_word' id='word_1_95' title='bbox 413 1944 550 2019; x_wconf 91' lang='lat' dir='ltr'>dicatur,</span> <span class='ocrx_word' id='word_1_96' title='bbox 567 1944 658 2026; x_wconf 91' lang='lat' dir='ltr'>quod</span> <span class='ocrx_word' id='word_1_97' title='bbox 678 1963 754 2006; x_wconf 92' lang='lat' dir='ltr'>cum</span> <span class='ocrx_word' id='word_1_98' title='bbox 773 1963 846 2006; x_wconf 90' lang='lat' dir='ltr'>rara</span> <span class='ocrx_word' id='word_1_99' title='bbox 866 1962 934 2004; x_wconf 94' lang='lat' dir='ltr'>non</span> <span class='ocrx_word' id='word_1_100' title='bbox 958 1939 1098 2005; x_wconf 82' lang='lat' dir='ltr'>retinent</span> <span class='ocrx_word' id='word_1_101' title='bbox 1113 1942 1239 2024; x_wconf 90' lang='lat' dir='ltr'>species</span> <span class='ocrx_word' id='word_1_102' title='bbox 1258 1944 1316 2005; x_wconf 92' lang='lat' dir='ltr'>sed</span> <span class='ocrx_word' id='word_1_103' title='bbox 1333 1944 1445 2018; x_wconf 89' lang='lat' dir='ltr'>densa,</span> 
     </span>
     <span class='ocr_line' id='line_1_14' title="bbox 297 2046 1446 2131; baseline -0.003 -20"><span class='ocrx_word' id='word_1_104' title='bbox 297 2058 375 2112; x_wconf 92' lang='lat' dir='ltr'>tunc</span> <span class='ocrx_word' id='word_1_105' title='bbox 400 2059 486 2113; x_wconf 90' lang='lat' dir='ltr'>terra</span> <span class='ocrx_word' id='word_1_106' title='bbox 507 2059 541 2112; x_wconf 91' lang='lat' dir='ltr'>et</span> <span class='ocrx_word' id='word_1_107' title='bbox 566 2049 654 2131; x_wconf 87' lang='lat' dir='ltr'>ligna</span> <span class='ocrx_word' id='word_1_108' title='bbox 676 2059 709 2111; x_wconf 90' lang='lat' dir='ltr'>et</span> <span class='ocrx_word' id='word_1_109' title='bbox 733 2047 860 2129; x_wconf 90' lang='lat' dir='ltr'>lapides</span> <span class='ocrx_word' id='word_1_110' title='bbox 882 2056 916 2108; x_wconf 89' lang='lat' dir='ltr'>et</span> <span class='ocrx_word' id='word_1_111' title='bbox 939 2046 1129 2128; x_wconf 91' lang='lat' dir='ltr'>hujusmodi</span> <span class='ocrx_word' id='word_1_112' title='bbox 1158 2046 1314 2110; x_wconf 90' lang='lat' dir='ltr'>deberent</span> <span class='ocrx_word' id='word_1_113' title='bbox 1341 2047 1446 2128; x_wconf 85' lang='lat' dir='ltr'>magis</span> 
     </span>
     <span class='ocr_line' id='line_1_15' title="bbox 296 2150 1444 2234; baseline -0.001 -19"><span class='ocrx_word' id='word_1_114' title='bbox 296 2152 466 2216; x_wconf 90' lang='lat' dir='ltr'>abundare</span> <span class='ocrx_word' id='word_1_115' title='bbox 488 2153 521 2214; x_wconf 95' lang='lat' dir='ltr'>in</span> <span class='ocrx_word' id='word_1_116' title='bbox 544 2153 655 2234; x_wconf 89' lang='lat' dir='ltr'>specie</span> <span class='ocrx_word' id='word_1_117' title='bbox 678 2150 761 2214; x_wconf 89' lang='lat' dir='ltr'>lucis</span> <span class='ocrx_word' id='word_1_118' title='bbox 782 2163 816 2214; x_wconf 91' lang='lat' dir='ltr'>et</span> <span class='ocrx_word' id='word_1_119' title='bbox 840 2170 899 2232; x_wconf 92' lang='lat' dir='ltr'>per</span> <span class='ocrx_word' id='word_1_120' title='bbox 921 2170 1128 2231; x_wconf 88' lang='lat' dir='ltr'>consequens</span> <span class='ocrx_word' id='word_1_121' title='bbox 1150 2150 1182 2213; x_wconf 94' lang='lat' dir='ltr'>in</span> <span class='ocrx_word' id='word_1_122' title='bbox 1205 2150 1316 2213; x_wconf 89' lang='lat' dir='ltr'>calore</span> <span class='ocrx_word' id='word_1_123' title='bbox 1343 2170 1444 2231; x_wconf 91' lang='lat' dir='ltr'>quam</span> 
     </span>
     <span class='ocr_line' id='line_1_16' title="bbox 295 2254 1445 2340; baseline -0.002 -21"><span class='ocrx_word' id='word_1_124' title='bbox 295 2277 360 2328; x_wconf 89' lang='lat' dir='ltr'>aer,</span> <span class='ocrx_word' id='word_1_125' title='bbox 375 2267 486 2340; x_wconf 90' lang='lat' dir='ltr'>potest</span> <span class='ocrx_word' id='word_1_126' title='bbox 501 2258 565 2319; x_wconf 92' lang='lat' dir='ltr'>dici</span> <span class='ocrx_word' id='word_1_127' title='bbox 580 2256 670 2337; x_wconf 90' lang='lat' dir='ltr'>quod</span> <span class='ocrx_word' id='word_1_128' title='bbox 691 2254 880 2335; x_wconf 88' lang='lat' dir='ltr'>hujusmodi</span> <span class='ocrx_word' id='word_1_129' title='bbox 903 2254 1004 2317; x_wconf 87' lang='lat' dir='ltr'>densa</span> <span class='ocrx_word' id='word_1_130' title='bbox 1026 2254 1172 2317; x_wconf 89' lang='lat' dir='ltr'>exterius</span> <span class='ocrx_word' id='word_1_131' title='bbox 1193 2254 1316 2317; x_wconf 91' lang='lat' dir='ltr'>habent</span> <span class='ocrx_word' id='word_1_132' title='bbox 1338 2254 1445 2333; x_wconf 83' lang='lat' dir='ltr'>magis</span> 
     </span>
     <span class='ocr_line' id='line_1_17' title="bbox 295 2358 1444 2443; baseline -0.003 -19"><span class='ocrx_word' id='word_1_133' title='bbox 295 2362 337 2424; x_wconf 89' lang='lat' dir='ltr'>de</span> <span class='ocrx_word' id='word_1_134' title='bbox 352 2361 403 2424; x_wconf 92' lang='lat' dir='ltr'>his</span> <span class='ocrx_word' id='word_1_135' title='bbox 417 2381 518 2443; x_wconf 91' lang='lat' dir='ltr'>quam</span> <span class='ocrx_word' id='word_1_136' title='bbox 539 2380 595 2421; x_wconf 92' lang='lat' dir='ltr'>aer</span> <span class='ocrx_word' id='word_1_137' title='bbox 611 2370 646 2421; x_wconf 91' lang='lat' dir='ltr'>et</span> <span class='ocrx_word' id='word_1_138' title='bbox 668 2380 755 2442; x_wconf 88' lang='lat' dir='ltr'>aqua</span> <span class='ocrx_word' id='word_1_139' title='bbox 777 2369 811 2421; x_wconf 91' lang='lat' dir='ltr'>et</span> <span class='ocrx_word' id='word_1_140' title='bbox 832 2359 1014 2440; x_wconf 90' lang='lat' dir='ltr'>perspicua,</span> <span class='ocrx_word' id='word_1_141' title='bbox 1031 2369 1068 2422; x_wconf 92' lang='lat' dir='ltr'>ut</span> <span class='ocrx_word' id='word_1_142' title='bbox 1086 2359 1284 2440; x_wconf 85' lang='lat' dir='ltr'>inpartibus</span> <span class='ocrx_word' id='word_1_143' title='bbox 1301 2358 1444 2421; x_wconf 88' lang='lat' dir='ltr'>exterio·</span> 
     </span>
     <span class='ocr_line' id='line_1_18' title="bbox 295 2462 1442 2547; baseline -0.001 -21"><span class='ocrx_word' id='word_1_144' title='bbox 295 2466 384 2527; x_wconf 91' lang='lat' dir='ltr'>ribus</span> <span class='ocrx_word' id='word_1_145' title='bbox 399 2474 538 2547; x_wconf 90' lang='lat' dir='ltr'>apparet</span> <span class='ocrx_word' id='word_1_146' title='bbox 556 2465 691 2545; x_wconf 89' lang='lat' dir='ltr'>quando</span> <span class='ocrx_word' id='word_1_147' title='bbox 706 2463 873 2544; x_wconf 89' lang='lat' dir='ltr'>tangimus</span> <span class='ocrx_word' id='word_1_148' title='bbox 887 2483 937 2525; x_wconf 87' lang='lat' dir='ltr'>ea.</span> <span class='ocrx_word' id='word_1_149' title='bbox 983 2463 1071 2526; x_wconf 88' lang='lat' dir='ltr'>Nam</span> <span class='ocrx_word' id='word_1_150' title='bbox 1087 2462 1231 2545; x_wconf 89' lang='lat' dir='ltr'>lapidem</span> <span class='ocrx_word' id='word_1_151' title='bbox 1252 2462 1442 2544; x_wconf 87' lang='lat' dir='ltr'>expositum</span> 
     </span>
     <span class='ocr_line' id='line_1_19' title="bbox 293 2566 1441 2649; baseline -0.002 -18"><span class='ocrx_word' id='word_1_152' title='bbox 293 2568 354 2631; x_wconf 91' lang='lat' dir='ltr'>soli</span> <span class='ocrx_word' id='word_1_153' title='bbox 382 2568 486 2649; x_wconf 86' lang='lat' dir='ltr'>magis</span> <span class='ocrx_word' id='word_1_154' title='bbox 512 2567 656 2632; x_wconf 92' lang='lat' dir='ltr'>calidum</span> <span class='ocrx_word' id='word_1_155' title='bbox 683 2568 842 2629; x_wconf 89' lang='lat' dir='ltr'>sentimus</span> <span class='ocrx_word' id='word_1_156' title='bbox 868 2588 971 2649; x_wconf 91' lang='lat' dir='ltr'>quam</span> <span class='ocrx_word' id='word_1_157' title='bbox 998 2587 1117 2643; x_wconf 90' lang='lat' dir='ltr'>aerem,</span> <span class='ocrx_word' id='word_1_158' title='bbox 1142 2577 1176 2629; x_wconf 89' lang='lat' dir='ltr'>et</span> <span class='ocrx_word' id='word_1_159' title='bbox 1207 2568 1312 2648; x_wconf 84' lang='lat' dir='ltr'>magis</span> <span class='ocrx_word' id='word_1_160' title='bbox 1342 2566 1441 2629; x_wconf 89' lang='lat' dir='ltr'>etiam</span> 
     </span>
     <span class='ocr_line' id='line_1_20' title="bbox 294 2670 1442 2755; baseline 0 -21"><span class='ocrx_word' id='word_1_161' title='bbox 294 2673 428 2736; x_wconf 88' lang='lat' dir='ltr'>visibilis</span> <span class='ocrx_word' id='word_1_162' title='bbox 443 2684 494 2736; x_wconf 87' lang='lat' dir='ltr'>est</span> <span class='ocrx_word' id='word_1_163' title='bbox 509 2693 553 2735; x_wconf 89' lang='lat' dir='ltr'>ex</span> <span class='ocrx_word' id='word_1_164' title='bbox 574 2672 760 2755; x_wconf 87' lang='lat' dir='ltr'>praesentia</span> <span class='ocrx_word' id='word_1_165' title='bbox 780 2670 860 2734; x_wconf 92' lang='lat' dir='ltr'>lucis</span> <span class='ocrx_word' id='word_1_166' title='bbox 882 2691 984 2753; x_wconf 91' lang='lat' dir='ltr'>quam</span> <span class='ocrx_word' id='word_1_167' title='bbox 1005 2691 1070 2745; x_wconf 92' lang='lat' dir='ltr'>aer,</span> <span class='ocrx_word' id='word_1_168' title='bbox 1086 2671 1164 2754; x_wconf 91' lang='lat' dir='ltr'>quia</span> <span class='ocrx_word' id='word_1_169' title='bbox 1181 2671 1288 2734; x_wconf 91' lang='lat' dir='ltr'>solum</span> <span class='ocrx_word' id='word_1_170' title='bbox 1304 2672 1442 2735; x_wconf 91' lang='lat' dir='ltr'>densum</span> 
     </span>
     <span class='ocr_line' id='line_1_21' title="bbox 292 2774 1443 2857; baseline -0.001 -17"><span class='ocrx_word' id='word_1_171' title='bbox 292 2790 407 2841; x_wconf 90' lang='lat' dir='ltr'>natum</span> <span class='ocrx_word' id='word_1_172' title='bbox 438 2788 490 2841; x_wconf 89' lang='lat' dir='ltr'>est</span> <span class='ocrx_word' id='word_1_173' title='bbox 519 2777 696 2840; x_wconf 89' lang='lat' dir='ltr'>terminare</span> <span class='ocrx_word' id='word_1_174' title='bbox 722 2774 840 2839; x_wconf 86' lang='lat' dir='ltr'>visum.</span> <span class='ocrx_word' id='word_1_175' title='bbox 885 2774 955 2839; x_wconf 85' lang='lat' dir='ltr'>Sed</span> <span class='ocrx_word' id='word_1_176' title='bbox 978 2776 1011 2838; x_wconf 94' lang='lat' dir='ltr'>in</span> <span class='ocrx_word' id='word_1_177' title='bbox 1036 2777 1185 2857; x_wconf 91' lang='lat' dir='ltr'>partibus</span> <span class='ocrx_word' id='word_1_178' title='bbox 1215 2774 1443 2839; x_wconf 66' lang='lat' dir='ltr'>interioribus2</span> 
     </span>
     <span class='ocr_line' id='line_1_22' title="bbox 292 2881 1440 2962; baseline -0.002 -17"><span class='ocrx_word' id='word_1_179' title='bbox 292 2883 385 2945; x_wconf 89' lang='lat' dir='ltr'>densi</span> <span class='ocrx_word' id='word_1_180' title='bbox 409 2902 474 2945; x_wconf 93' lang='lat' dir='ltr'>non</span> <span class='ocrx_word' id='word_1_181' title='bbox 497 2881 542 2945; x_wconf 92' lang='lat' dir='ltr'>sic</span> <span class='ocrx_word' id='word_1_182' title='bbox 565 2890 625 2957; x_wconf 93' lang='lat' dir='ltr'>est,</span> <span class='ocrx_word' id='word_1_183' title='bbox 641 2900 748 2961; x_wconf 89' lang='lat' dir='ltr'>neque</span> <span class='ocrx_word' id='word_1_184' title='bbox 769 2890 932 2962; x_wconf 91' lang='lat' dir='ltr'>quantum</span> <span class='ocrx_word' id='word_1_185' title='bbox 954 2882 998 2945; x_wconf 92' lang='lat' dir='ltr'>ad</span> <span class='ocrx_word' id='word_1_186' title='bbox 1018 2884 1132 2954; x_wconf 89' lang='lat' dir='ltr'>visum,</span> <span class='ocrx_word' id='word_1_187' title='bbox 1150 2901 1257 2962; x_wconf 91' lang='lat' dir='ltr'>neque</span> <span class='ocrx_word' id='word_1_188' title='bbox 1278 2890 1440 2962; x_wconf 90' lang='lat' dir='ltr'>quantum</span> 
     </span>
     <span class='ocr_line' id='line_1_23' title="bbox 291 2982 1441 3068; baseline -0.003 -18"><span class='ocrx_word' id='word_1_189' title='bbox 291 2988 333 3049; x_wconf 89' lang='lat' dir='ltr'>ad</span> <span class='ocrx_word' id='word_1_190' title='bbox 360 2997 497 3059; x_wconf 91' lang='lat' dir='ltr'>tactum,</span> <span class='ocrx_word' id='word_1_191' title='bbox 522 2985 658 3067; x_wconf 90' lang='lat' dir='ltr'>quando</span> <span class='ocrx_word' id='word_1_192' title='bbox 686 3004 796 3047; x_wconf 90' lang='lat' dir='ltr'>aerem</span> <span class='ocrx_word' id='word_1_193' title='bbox 826 2982 1024 3068; x_wconf 91' lang='lat' dir='ltr'>percipimus</span> <span class='ocrx_word' id='word_1_194' title='bbox 1050 2985 1121 3049; x_wconf 89' lang='lat' dir='ltr'>visu</span> <span class='ocrx_word' id='word_1_195' title='bbox 1152 2986 1183 3047; x_wconf 94' lang='lat' dir='ltr'>in</span> <span class='ocrx_word' id='word_1_196' title='bbox 1214 2984 1378 3067; x_wconf 82' lang='lat' dir='ltr'>profundo</span> <span class='ocrx_word' id='word_1_197' title='bbox 1407 2995 1441 3047; x_wconf 89' lang='lat' dir='ltr'>et</span> 
     </span>
     <span class='ocr_line' id='line_1_24' title="bbox 294 3088 1440 3172; baseline -0.004 -18"><span class='ocrx_word' id='word_1_198' title='bbox 294 3091 436 3154; x_wconf 90' lang='lat' dir='ltr'>calorem</span> <span class='ocrx_word' id='word_1_199' title='bbox 459 3090 531 3171; x_wconf 89' lang='lat' dir='ltr'>ejus</span> <span class='ocrx_word' id='word_1_200' title='bbox 553 3090 722 3151; x_wconf 82' lang='lat' dir='ltr'>sentimus.</span> <span class='ocrx_word' id='word_1_201' title='bbox 743 3090 882 3172; x_wconf 90' lang='lat' dir='ltr'>quiade</span> <span class='ocrx_word' id='word_1_202' title='bbox 902 3088 987 3152; x_wconf 88' lang='lat' dir='ltr'>lacili</span> <span class='ocrx_word' id='word_1_203' title='bbox 1006 3090 1123 3171; x_wconf 91' lang='lat' dir='ltr'>recipit</span> <span class='ocrx_word' id='word_1_204' title='bbox 1145 3089 1287 3170; x_wconf 90' lang='lat' dir='ltr'>speciem</span> <span class='ocrx_word' id='word_1_205' title='bbox 1310 3108 1369 3169; x_wconf 90' lang='lat' dir='ltr'>per</span> <span class='ocrx_word' id='word_1_206' title='bbox 1390 3089 1440 3149; x_wconf 93' lang='lat' dir='ltr'>sui</span> 
     </span>
     <span class='ocr_line' id='line_1_25' title="bbox 291 3192 1439 3277; baseline -0.004 -19"><span class='ocrx_word' id='word_1_207' title='bbox 291 3195 489 3277; x_wconf 76' lang='lat' dir='ltr'>profundum</span> <span class='ocrx_word' id='word_1_208' title='bbox 503 3216 511 3271; x_wconf 90' lang='lat'>;</span> <span class='ocrx_word' id='word_1_209' title='bbox 551 3195 608 3256; x_wconf 91' lang='lat' dir='ltr'>sed</span> <span class='ocrx_word' id='word_1_210' title='bbox 640 3193 778 3256; x_wconf 90' lang='lat' dir='ltr'>densum</span> <span class='ocrx_word' id='word_1_211' title='bbox 808 3212 874 3256; x_wconf 91' lang='lat' dir='ltr'>non</span> <span class='ocrx_word' id='word_1_212' title='bbox 910 3193 966 3270; x_wconf 88' lang='lat' dir='ltr'>sic,</span> <span class='ocrx_word' id='word_1_213' title='bbox 1000 3194 1078 3274; x_wconf 87' lang='lat' dir='ltr'>quia</span> <span class='ocrx_word' id='word_1_214' title='bbox 1115 3192 1291 3255; x_wconf 87' lang='lat' dir='ltr'>difficulter</span> <span class='ocrx_word' id='word_1_215' title='bbox 1324 3192 1439 3274; x_wconf 92' lang='lat' dir='ltr'>recipit</span> 
     </span>
     <span class='ocr_line' id='line_1_26' title="bbox 289 3292 1438 3382; baseline -0.001 -21"><span class='ocrx_word' id='word_1_216' title='bbox 289 3301 432 3382; x_wconf 91' lang='lat' dir='ltr'>speciem</span> <span class='ocrx_word' id='word_1_217' title='bbox 455 3308 591 3381; x_wconf 89' lang='lat' dir='ltr'>propter</span> <span class='ocrx_word' id='word_1_218' title='bbox 611 3297 660 3360; x_wconf 91' lang='lat' dir='ltr'>sui</span> <span class='ocrx_word' id='word_1_219' title='bbox 683 3292 958 3378; x_wconf 88' lang='lat' dir='ltr'>compactionem,</span> <span class='ocrx_word' id='word_1_220' title='bbox 973 3296 1050 3360; x_wconf 86' lang='lat' dir='ltr'>licet</span> <span class='ocrx_word' id='word_1_221' title='bbox 1074 3298 1159 3360; x_wconf 90' lang='lat' dir='ltr'>bene</span> <span class='ocrx_word' id='word_1_222' title='bbox 1182 3296 1329 3375; x_wconf 89' lang='lat' dir='ltr'>retineat,</span> <span class='ocrx_word' id='word_1_223' title='bbox 1345 3308 1438 3380; x_wconf 91' lang='lat' dir='ltr'>post·</span> 
     </span>
     <span class='ocr_line' id='line_1_27' title="bbox 288 3403 573 3486; baseline -0.007 -21"><span class='ocrx_word' id='word_1_224' title='bbox 288 3425 388 3486; x_wconf 89' lang='lat' dir='ltr'>quam</span> <span class='ocrx_word' id='word_1_225' title='bbox 406 3403 573 3485; x_wconf 84' lang='lat' dir='ltr'>receperit.</span> 
     </span>
    </p>

    <p class='ocr_par' dir='ltr' id='par_1_3' title="bbox 284 3502 1438 4318">
     <span class='ocr_line' id='line_1_28' title="bbox 331 3502 1438 3571; baseline -0.002 0"><span class='ocrx_word' id='word_1_226' title='bbox 331 3507 520 3571; x_wconf 84' lang='lat' dir='ltr'>Videlicet³</span> <span class='ocrx_word' id='word_1_227' title='bbox 543 3506 607 3570; x_wconf 91' lang='lat' dir='ltr'>hoc</span> <span class='ocrx_word' id='word_1_228' title='bbox 631 3516 682 3568; x_wconf 88' lang='lat' dir='ltr'>est</span> <span class='ocrx_word' id='word_1_229' title='bbox 706 3506 944 3570; x_wconf 89' lang='lat' dir='ltr'>intendendum</span> <span class='ocrx_word' id='word_1_230' title='bbox 969 3502 1091 3569; x_wconf 89' lang='lat' dir='ltr'>inistis</span> <span class='ocrx_word' id='word_1_231' title='bbox 1115 3508 1211 3569; x_wconf 90' lang='lat' dir='ltr'>rebus</span> <span class='ocrx_word' id='word_1_232' title='bbox 1234 3507 1438 3570; x_wconf 80' lang='lat' dir='ltr'>inferioribus</span> 
     </span>
     <span class='ocr_line' id='line_1_29' title="bbox 288 3610 1437 3695; baseline 0.001 -21"><span class='ocrx_word' id='word_1_233' title='bbox 288 3613 522 3695; x_wconf 88' lang='lat' dir='ltr'>corporalibus.</span> <span class='ocrx_word' id='word_1_234' title='bbox 564 3610 602 3673; x_wconf 94' lang='lat' dir='ltr'>ln</span> <span class='ocrx_word' id='word_1_235' title='bbox 619 3611 717 3674; x_wconf 89' lang='lat' dir='ltr'>rebus</span> <span class='ocrx_word' id='word_1_236' title='bbox 729 3631 808 3674; x_wconf 93' lang='lat' dir='ltr'>vero</span> <span class='ocrx_word' id='word_1_237' title='bbox 823 3611 1085 3693; x_wconf 83' lang='lat' dir='ltr'>incorporalibus</span> <span class='ocrx_word' id='word_1_238' title='bbox 1100 3622 1210 3694; x_wconf 91' lang='lat' dir='ltr'>potest</span> <span class='ocrx_word' id='word_1_239' title='bbox 1223 3633 1299 3674; x_wconf 91' lang='lat' dir='ltr'>vera</span> <span class='ocrx_word' id='word_1_240' title='bbox 1313 3611 1437 3693; x_wconf 89' lang='lat' dir='ltr'>species</span> 
     </span>
     <span class='ocr_line' id='line_1_30' title="bbox 287 3712 1437 3797; baseline 0.001 -18"><span class='ocrx_word' id='word_1_241' title='bbox 287 3718 417 3780; x_wconf 90' lang='lat' dir='ltr'>animae</span> <span class='ocrx_word' id='word_1_242' title='bbox 445 3714 604 3797; x_wconf 90' lang='lat' dir='ltr'>compleri</span> <span class='ocrx_word' id='word_1_243' title='bbox 635 3712 849 3777; x_wconf 83' lang='lat' dir='ltr'>ineffectum</span> <span class='ocrx_word' id='word_1_244' title='bbox 879 3716 1083 3797; x_wconf 90' lang='lat' dir='ltr'>completum</span> <span class='ocrx_word' id='word_1_245' title='bbox 1115 3718 1185 3779; x_wconf 91' lang='lat' dir='ltr'>sine</span> <span class='ocrx_word' id='word_1_246' title='bbox 1215 3716 1437 3780; x_wconf 86' lang='lat' dir='ltr'>destructione</span> 
     </span>
     <span class='ocr_line' id='line_1_31' title="bbox 287 3816 1436 3905; baseline -0.002 -20"><span class='ocrx_word' id='word_1_247' title='bbox 287 3822 453 3902; x_wconf 89' lang='lat' dir='ltr'>patientis.</span> <span class='ocrx_word' id='word_1_248' title='bbox 501 3816 622 3905; x_wconf 89' lang='lat' dir='ltr'>[Nam]</span> <span class='ocrx_word' id='word_1_249' title='bbox 648 3830 763 3880; x_wconf 91' lang='lat' dir='ltr'>natum</span> <span class='ocrx_word' id='word_1_250' title='bbox 787 3830 838 3882; x_wconf 90' lang='lat' dir='ltr'>est</span> <span class='ocrx_word' id='word_1_251' title='bbox 863 3820 907 3881; x_wconf 90' lang='lat' dir='ltr'>ad</span> <span class='ocrx_word' id='word_1_252' title='bbox 939 3819 1037 3901; x_wconf 90' lang='lat' dir='ltr'>hujus</span> <span class='ocrx_word' id='word_1_253' title='bbox 1066 3820 1221 3883; x_wconf 81' lang='lat' dir='ltr'>effectum</span> <span class='ocrx_word' id='word_1_254' title='bbox 1250 3823 1293 3884; x_wconf 95' lang='lat' dir='ltr'>de</span> <span class='ocrx_word' id='word_1_255' title='bbox 1317 3832 1436 3883; x_wconf 91' lang='lat' dir='ltr'>natura</span> 
     </span>
     <span class='ocr_line' id='line_1_32' title="bbox 285 3922 1434 4005; baseline -0.001 -19"><span class='ocrx_word' id='word_1_256' title='bbox 285 3944 367 4001; x_wconf 89' lang='lat' dir='ltr'>sua;</span> <span class='ocrx_word' id='word_1_257' title='bbox 391 3933 428 3986; x_wconf 91' lang='lat' dir='ltr'>ut</span> <span class='ocrx_word' id='word_1_258' title='bbox 454 3923 570 3985; x_wconf 88' lang='lat' dir='ltr'>stellae</span> <span class='ocrx_word' id='word_1_259' title='bbox 593 3932 627 3983; x_wconf 89' lang='lat' dir='ltr'>et</span> <span class='ocrx_word' id='word_1_260' title='bbox 652 3922 730 3984; x_wconf 92' lang='lat' dir='ltr'>luna</span> <span class='ocrx_word' id='word_1_261' title='bbox 756 3933 853 3992; x_wconf 85' lang='lat' dir='ltr'>natae</span> <span class='ocrx_word' id='word_1_262' title='bbox 877 3933 955 3986; x_wconf 92' lang='lat' dir='ltr'>sunt</span> <span class='ocrx_word' id='word_1_263' title='bbox 981 3922 1103 3985; x_wconf 90' lang='lat' dir='ltr'>habere</span> <span class='ocrx_word' id='word_1_264' title='bbox 1127 3922 1232 3987; x_wconf 90' lang='lat' dir='ltr'>lucem</span> <span class='ocrx_word' id='word_1_265' title='bbox 1256 3925 1434 4005; x_wconf 88' lang='lat' dir='ltr'>perlectam</span> 
     </span>
     <span class='ocr_line' id='line_1_33' title="bbox 285 4024 1434 4110; baseline 0.002 -21"><span class='ocrx_word' id='word_1_266' title='bbox 285 4048 387 4109; x_wconf 90' lang='lat' dir='ltr'>quam</span> <span class='ocrx_word' id='word_1_267' title='bbox 409 4028 515 4110; x_wconf 85' lang='lat' dir='ltr'>exigit</span> <span class='ocrx_word' id='word_1_268' title='bbox 537 4035 656 4089; x_wconf 89' lang='lat' dir='ltr'>natura</span> <span class='ocrx_word' id='word_1_269' title='bbox 678 4046 746 4102; x_wconf 90' lang='lat' dir='ltr'>sua,</span> <span class='ocrx_word' id='word_1_270' title='bbox 770 4024 846 4089; x_wconf 90' lang='lat' dir='ltr'>licet</span> <span class='ocrx_word' id='word_1_271' title='bbox 867 4026 917 4089; x_wconf 92' lang='lat' dir='ltr'>sol</span> <span class='ocrx_word' id='word_1_272' title='bbox 941 4025 1016 4109; x_wconf 87' lang='lat' dir='ltr'>plus</span> <span class='ocrx_word' id='word_1_273' title='bbox 1038 4027 1160 4091; x_wconf 88' lang='lat' dir='ltr'>habeat</span> <span class='ocrx_word' id='word_1_274' title='bbox 1186 4030 1228 4091; x_wconf 91' lang='lat' dir='ltr'>de</span> <span class='ocrx_word' id='word_1_275' title='bbox 1252 4029 1333 4090; x_wconf 92' lang='lat' dir='ltr'>luce.</span> <span class='ocrx_word' id='word_1_276' title='bbox 1389 4028 1434 4091; x_wconf 87' lang='lat' dir='ltr'>Et</span> 
     </span>
     <span class='ocr_line' id='line_1_34' title="bbox 284 4128 1435 4213; baseline 0 -18"><span class='ocrx_word' id='word_1_277' title='bbox 284 4143 363 4195; x_wconf 90' lang='lat' dir='ltr'>tunc</span> <span class='ocrx_word' id='word_1_278' title='bbox 379 4132 411 4194; x_wconf 92' lang='lat' dir='ltr'>in</span> <span class='ocrx_word' id='word_1_279' title='bbox 430 4131 588 4213; x_wconf 89' lang='lat' dir='ltr'>principio</span> <span class='ocrx_word' id='word_1_280' title='bbox 604 4130 642 4193; x_wconf 89' lang='lat' dir='ltr'>lit</span> <span class='ocrx_word' id='word_1_281' title='bbox 657 4132 784 4212; x_wconf 87' lang='lat' dir='ltr'>species</span> <span class='ocrx_word' id='word_1_282' title='bbox 800 4128 880 4194; x_wconf 90' lang='lat' dir='ltr'>lucis</span> <span class='ocrx_word' id='word_1_283' title='bbox 896 4151 1000 4211; x_wconf 89' lang='lat' dir='ltr'>usque</span> <span class='ocrx_word' id='word_1_284' title='bbox 1015 4131 1057 4194; x_wconf 87' lang='lat' dir='ltr'>ad</span> <span class='ocrx_word' id='word_1_285' title='bbox 1076 4130 1187 4195; x_wconf 91' lang='lat' dir='ltr'>lunam</span> <span class='ocrx_word' id='word_1_286' title='bbox 1209 4142 1242 4194; x_wconf 89' lang='lat' dir='ltr'>et</span> <span class='ocrx_word' id='word_1_287' title='bbox 1262 4132 1382 4208; x_wconf 88' lang='lat' dir='ltr'>stellas,</span> <span class='ocrx_word' id='word_1_288' title='bbox 1400 4143 1435 4195; x_wconf 89' lang='lat' dir='ltr'>et</span> 
     </span>
     <span class='ocr_line' id='line_1_35' title="bbox 285 4234 1434 4318; baseline 0 -19"><span class='ocrx_word' id='word_1_289' title='bbox 285 4248 402 4318; x_wconf 88' lang='lat' dir='ltr'>postea</span> <span class='ocrx_word' id='word_1_290' title='bbox 419 4234 605 4317; x_wconf 91' lang='lat' dir='ltr'>completur</span> <span class='ocrx_word' id='word_1_291' title='bbox 627 4236 660 4298; x_wconf 93' lang='lat' dir='ltr'>in</span> <span class='ocrx_word' id='word_1_292' title='bbox 682 4236 731 4299; x_wconf 91' lang='lat' dir='ltr'>eis</span> <span class='ocrx_word' id='word_1_293' title='bbox 753 4236 837 4298; x_wconf 88' lang='lat' dir='ltr'>sicut</span> <span class='ocrx_word' id='word_1_294' title='bbox 860 4235 921 4298; x_wconf 87' lang='lat' dir='ltr'>luit</span> <span class='ocrx_word' id='word_1_295' title='bbox 943 4256 963 4298; x_wconf 89' lang='lat' dir='ltr'>a</span> <span class='ocrx_word' id='word_1_296' title='bbox 983 4236 1088 4318; x_wconf 90' lang='lat' dir='ltr'>prima</span> <span class='ocrx_word' id='word_1_297' title='bbox 1105 4236 1278 4311; x_wconf 89' lang='lat' dir='ltr'>creatione,</span> <span class='ocrx_word' id='word_1_298' title='bbox 1293 4247 1328 4299; x_wconf 91' lang='lat' dir='ltr'>et</span> <span class='ocrx_word' id='word_1_299' title='bbox 1349 4238 1434 4300; x_wconf 88' lang='lat' dir='ltr'>sicut</span> 
     </span>
    </p>
   </div>
   <div class='ocr_carea' id='block_1_3' title="bbox 281 4421 1433 4727">
    <p class='ocr_par' dir='ltr' id='par_1_4' title="bbox 316 4421 857 4484">
     <span class='ocr_line' id='line_1_36' title="bbox 316 4421 857 4484; baseline 0.006 -13"><span class='ocrx_word' id='word_1_300' title='bbox 316 4421 324 4450; x_wconf 92' lang='lat'>¹</span> <span class='ocrx_word' id='word_1_301' title='bbox 341 4423 404 4471; x_wconf 82' lang='lat' dir='ltr'>solis</span> <span class='ocrx_word' id='word_1_302' title='bbox 415 4422 593 4471; x_wconf 74' lang='lat' dir='ltr'>confusionem</span> <span class='ocrx_word' id='word_1_303' title='bbox 604 4422 820 4484; x_wconf 81' lang='lat' dir='ltr'>equidistantiaru,</span> <span class='ocrx_word' id='word_1_304' title='bbox 831 4423 857 4483; x_wconf 89' lang='lat' dir='ltr'>J.</span> 
     </span>
    </p>

    <p class='ocr_par' dir='ltr' id='par_1_5' title="bbox 314 4500 1206 4564">
     <span class='ocr_line' id='line_1_37' title="bbox 314 4500 1206 4564; baseline 0.007 -17"><span class='ocrx_word' id='word_1_305' title='bbox 314 4500 326 4532; x_wconf 85' lang='lat'>²</span> <span class='ocrx_word' id='word_1_306' title='bbox 342 4500 404 4548; x_wconf 85' lang='lat' dir='ltr'>This</span> <span class='ocrx_word' id='word_1_307' title='bbox 415 4501 437 4549; x_wconf 86' lang='lat' dir='ltr'>is</span> <span class='ocrx_word' id='word_1_308' title='bbox 448 4501 545 4562; x_wconf 84' lang='lat' dir='ltr'>clearly</span> <span class='ocrx_word' id='word_1_309' title='bbox 556 4501 689 4559; x_wconf 89' lang='lat' dir='ltr'>intended,</span> <span class='ocrx_word' id='word_1_310' title='bbox 700 4502 798 4562; x_wconf 80' lang='lat' dir='ltr'>though</span> <span class='ocrx_word' id='word_1_311' title='bbox 810 4501 855 4550; x_wconf 87' lang='lat' dir='ltr'>the</span> <span class='ocrx_word' id='word_1_312' title='bbox 868 4500 944 4550; x_wconf 85' lang='lat' dir='ltr'>ttSS.</span> <span class='ocrx_word' id='word_1_313' title='bbox 959 4502 1018 4564; x_wconf 82' lang='lat' dir='ltr'>give</span> <span class='ocrx_word' id='word_1_314' title='bbox 1029 4502 1206 4553; x_wconf 82' lang='lat' dir='ltr'>exterioribus.</span> 
     </span>
    </p>

    <p class='ocr_par' dir='ltr' id='par_1_6' title="bbox 281 4578 1433 4727">
     <span class='ocr_line' id='line_1_38' title="bbox 314 4578 1433 4647; baseline 0.006 -21"><span class='ocrx_word' id='word_1_315' title='bbox 314 4579 324 4607; x_wconf 83' lang='lat'><strong>¹</strong></span> <span class='ocrx_word' id='word_1_316' title='bbox 340 4578 397 4627; x_wconf 88' lang='lat' dir='ltr'>Tbe</span> <span class='ocrx_word' id='word_1_317' title='bbox 408 4594 517 4642; x_wconf 76' lang='lat' dir='ltr'>passage</span> <span class='ocrx_word' id='word_1_318' title='bbox 529 4580 594 4627; x_wconf 82' lang='lat' dir='ltr'>from</span> <span class='ocrx_word' id='word_1_319' title='bbox 606 4580 658 4627; x_wconf 86' lang='lat' dir='ltr'>this</span> <span class='ocrx_word' id='word_1_320' title='bbox 670 4580 742 4641; x_wconf 85' lang='lat' dir='ltr'>point</span> <span class='ocrx_word' id='word_1_321' title='bbox 754 4588 782 4628; x_wconf 93' lang='lat' dir='ltr'>to</span> <span class='ocrx_word' id='word_1_322' title='bbox 798 4580 844 4629; x_wconf 87' lang='lat' dir='ltr'>the</span> <span class='ocrx_word' id='word_1_323' title='bbox 861 4582 912 4629; x_wconf 91' lang='lat' dir='ltr'>end</span> <span class='ocrx_word' id='word_1_324' title='bbox 928 4580 958 4629; x_wconf 82' lang='lat' dir='ltr'>ol</span> <span class='ocrx_word' id='word_1_325' title='bbox 971 4582 1016 4630; x_wconf 88' lang='lat' dir='ltr'>the</span> <span class='ocrx_word' id='word_1_326' title='bbox 1031 4582 1137 4631; x_wconf 81' lang='lat' dir='ltr'>treatise</span> <span class='ocrx_word' id='word_1_327' title='bbox 1155 4582 1176 4630; x_wconf 86' lang='lat' dir='ltr'>is</span> <span class='ocrx_word' id='word_1_328' title='bbox 1191 4583 1297 4632; x_wconf 84' lang='lat' dir='ltr'>omitted</span> <span class='ocrx_word' id='word_1_329' title='bbox 1313 4584 1348 4645; x_wconf 91' lang='lat' dir='ltr'>by</span> <span class='ocrx_word' id='word_1_330' title='bbox 1357 4584 1433 4647; x_wconf 80' lang='lat' dir='ltr'>Jebb,</span> 
     </span>
     <span class='ocr_line' id='line_1_39' title="bbox 281 4657 1400 4727; baseline 0.007 -22"><span class='ocrx_word' id='word_1_331' title='bbox 281 4657 333 4706; x_wconf 76' lang='lat' dir='ltr'>and</span> <span class='ocrx_word' id='word_1_332' title='bbox 344 4658 367 4707; x_wconf 83' lang='lat' dir='ltr'>is</span> <span class='ocrx_word' id='word_1_333' title='bbox 379 4666 425 4707; x_wconf 88' lang='lat' dir='ltr'>not</span> <span class='ocrx_word' id='word_1_334' title='bbox 436 4658 515 4707; x_wconf 85' lang='lat' dir='ltr'>iound</span> <span class='ocrx_word' id='word_1_335' title='bbox 527 4657 553 4706; x_wconf 88' lang='lat' dir='ltr'>in</span> <span class='ocrx_word' id='word_1_336' title='bbox 565 4658 610 4706; x_wconf 85' lang='lat' dir='ltr'>the</span> <span class='ocrx_word' id='word_1_337' title='bbox 622 4657 724 4706; x_wconf 82' lang='lat' dir='ltr'>Oxt&#39;ord</span> <span class='ocrx_word' id='word_1_338' title='bbox 736 4657 793 4708; x_wconf 70' lang='lat' dir='ltr'>MS.</span> <span class='ocrx_word' id='word_1_339' title='bbox 827 4658 839 4706; x_wconf 92' lang='lat' dir='ltr'>l</span> <span class='ocrx_word' id='word_1_340' title='bbox 852 4660 912 4707; x_wconf 79' lang='lat' dir='ltr'>take</span> <span class='ocrx_word' id='word_1_341' title='bbox 924 4660 943 4708; x_wconf 90' lang='lat' dir='ltr'>it</span> <span class='ocrx_word' id='word_1_342' title='bbox 955 4658 1020 4709; x_wconf 80' lang='lat' dir='ltr'>from</span> <span class='ocrx_word' id='word_1_343' title='bbox 1032 4662 1077 4709; x_wconf 87' lang='lat' dir='ltr'>the</span> <span class='ocrx_word' id='word_1_344' title='bbox 1089 4662 1167 4709; x_wconf 84' lang='lat' dir='ltr'>much</span> <span class='ocrx_word' id='word_1_345' title='bbox 1179 4662 1254 4710; x_wconf 87' lang='lat' dir='ltr'>older</span> <span class='ocrx_word' id='word_1_346' title='bbox 1265 4662 1320 4712; x_wconf 76' lang='lat' dir='ltr'>MS.</span> <span class='ocrx_word' id='word_1_347' title='bbox 1334 4662 1400 4727; x_wconf 81' lang='lat' dir='ltr'>Reg.</span> 
     </span>
    </p>
   </div>
   <div class='ocr_carea' id='block_1_4' title="bbox 0 0 1776 5359">
    <p class='ocr_par' dir='ltr' id='par_1_7' title="bbox 0 0 1776 5359">
     <span class='ocr_line' id='line_1_40' title="bbox 0 0 1776 5359; baseline 0 8"><span class='ocrx_word' id='word_1_348' title='bbox 0 0 1776 5359; x_wconf 95' lang='lat' dir='ltr'> </span> 
     </span>
    </p>
   </div>
  </div>
 </body>
</html>
