3542 5359
388 625 717 685 PERSPECTIVAE
741 626 855 685 PARS
881 626 1038 685 PRIMA:
1072 627 1181 684 DIST.
1209 627 1233 683 J.
1368 640 1388 701 5

232 796 264 849 et
283 790 434 852 secundo
451 790 493 853 de
509 788 643 865 Anima,
666 799 700 854 et
712 788 841 871 judicat
857 791 900 853 de
915 790 1105 854 diversitate
1120 789 1330 865 sensibilium,
1351 799 1387 851 ut

232 894 322 973 quod
339 893 374 955 in
389 892 478 958 lacte
500 894 543 957 sit
558 894 671 958 album
688 894 778 957 aliud
793 916 815 956 a
834 894 931 970 dulci,
949 894 1039 975 quod
1059 913 1124 956 non
1145 902 1256 974 potest
1280 892 1387 957 facere

233 993 329 1071 visus,
350 1015 412 1061 nee
434 1007 561 1079 gustus,
578 1016 618 1059 eo
641 998 730 1079 quod
755 1018 820 1060 non
844 998 1032 1061 discernunt
1055 1005 1216 1069 extrema,
1235 1006 1272 1059 ut
1293 996 1387 1059 Aris-

235 1098 354 1162 toteles
369 1100 441 1163 vult
457 1102 602 1165 secundo
623 1103 665 1165 de
680 1102 817 1165 Anima.
862 1101 910 1164 Et
929 1100 1057 1181 judicat
1080 1102 1123 1163 de
1137 1100 1292 1182 operibus
1312 1120 1387 1162 sen-

237 1221 330 1265 suum
346 1203 603 1285 particularium,
613 1224 690 1267 nam
701 1206 790 1269 visus
802 1224 868 1269 non
886 1204 986 1269 sentit
1000 1225 1037 1268 se
1051 1204 1172 1278 videre,
1183 1224 1244 1267 nec
1255 1204 1388 1267 auditus

238 1306 421 1391 percipitse
433 1310 556 1387 audire,
571 1310 629 1374 sed
641 1310 707 1373 alia
719 1310 821 1373 virtus
837 1330 924 1392 quae
945 1320 996 1374 est
1011 1330 1126 1372 sensus
1141 1307 1335 1385 communis,
1351 1319 1387 1371 ut

238 1410 306 1473 vult
330 1410 532 1476 Aristoteles
558 1414 704 1478 secundo
725 1414 767 1477 de
783 1412 913 1477 Somno
934 1424 968 1477 et
988 1412 1120 1495 vigilia.
1167 1412 1252 1494 Ejus
1271 1421 1384 1476 autem

238 1516 383 1594 operatio
395 1516 512 1580 ultima
521 1526 572 1581 est
585 1518 727 1601 recipere
742 1519 867 1601 species
875 1518 1045 1582 venientes
1054 1539 1075 1581 a
1085 1517 1233 1581 sensibus
1246 1516 1387 1599 particu-

237 1616 365 1696 laribus,
391 1630 426 1684 et
448 1621 616 1705 complere
644 1622 807 1704 judicium
832 1622 875 1686 de
900 1621 955 1685 eis.
1010 1620 1078 1686 Sed
1098 1642 1165 1685 non
1188 1622 1307 1684 retinet
1329 1640 1385 1683 eas

236 1735 370 1803 propter
386 1724 521 1789 nimiam
539 1726 757 1791 lubricitatem
781 1724 988 1790 instrumenti
1011 1726 1070 1803 sui,
1088 1725 1271 1789 secundum
1295 1726 1385 1806 quod

234 1826 305 1889 vult
316 1825 488 1892 Avioenna
498 1830 604 1912 primo
620 1830 662 1893 de
674 1828 808 1894 Anima.
855 1830 901 1893 Et
916 1830 991 1894 ideo
1006 1838 1138 1913 oportet
1153 1832 1244 1911 quod
1264 1828 1306 1893 sit
1320 1828 1385 1891 alia

234 1925 337 1990 virtus
346 1928 478 1992 animae
487 1929 520 1993 in
532 1928 648 1993 ultima
659 1939 754 2012 parte
763 1928 890 2013 primae
905 1927 1051 2007 cellulae,
1063 1930 1157 2011 cujus
1171 1929 1316 1993 officium
1332 1940 1383 1991 est

236 2030 373 2095 retinere
387 2031 512 2114 species
524 2032 692 2097 venientes
707 2055 728 2097 a
743 2034 897 2098 sensibus
911 2033 1163 2118 particularibus
1184 2043 1321 2116 propter
1334 2033 1384 2095 sui

236 2145 453 2217 temperatam
477 2137 712 2202 humiditatem
738 2150 772 2203 et
797 2138 989 2216 siccitatem,
1009 2159 1096 2220 quae
1114 2148 1251 2203 vocatur
1269 2138 1386 2221 imagi-

234 2239 333 2318 natio,
348 2250 382 2305 et
398 2250 449 2305 est
463 2262 540 2306 arca
555 2262 594 2306 ac
609 2242 839 2327 repositorium
856 2263 972 2307 sensus
990 2243 1187 2320 communia,
1201 2243 1385 2305 secundum

235 2342 438 2409 Avicenuam
469 2356 647 2429 ponentem
679 2347 872 2430 exemplum
903 2348 947 2411 de
975 2346 1093 2429 sigillo,
1116 2346 1211 2428 cujus
1240 2346 1384 2427 speciem

233 2466 321 2530 aqua
351 2450 436 2513 bene
465 2450 588 2534 recipit,
611 2450 670 2514 sed
697 2472 763 2515 non
791 2452 910 2515 retinet
940 2460 1077 2535 propter
1105 2450 1156 2514 sui
1185 2448 1385 2532 superfluam

234 2551 484 2618 humiditatem:
508 2575 582 2619 cera
599 2574 678 2619 vero
701 2557 787 2620 bene
810 2556 927 2619 retinet
943 2564 1079 2637 propter
1093 2556 1143 2619 sui
1160 2564 1379 2638 temperatam

234 2656 468 2723 humiditatem
485 2679 561 2722 cum
573 2660 730 2723 siccitate.
764 2659 864 2725 Unde
874 2660 955 2724 dicit
969 2660 1060 2741 quod
1072 2659 1163 2723 aliud
1177 2669 1227 2723 est
1241 2658 1387 2741 recipere

233 2772 268 2825 et
289 2762 378 2827 aliud
398 2764 547 2841 retinere,
570 2764 655 2829 sicut
675 2774 768 2848 patet
790 2763 823 2828 in
847 2764 899 2827 his
917 2764 1092 2846 exemplis.
1138 2764 1184 2827 Et
1207 2764 1254 2825 sic
1275 2774 1327 2827 est
1350 2762 1382 2825 in

231 2886 357 2949 organo
366 2888 481 2932 sensus
490 2868 674 2933 communis
683 2880 717 2933 et
728 2869 981 2951 imaginationis.
1015 2868 1061 2933 Et
1070 2877 1182 2931 tamen
1195 2878 1267 2932 tota
1278 2865 1387 2930 virtus

228 2972 418 3054 composita
432 2993 477 3035 ex
492 2972 542 3036 his
557 2974 696 3051 duabus,
710 2972 840 3047 scilicet,
851 2993 938 3056 quae
952 2979 1095 3053 occupat
1110 2980 1217 3034 totam
1234 2969 1385 3033 cellulam

228 3074 384 3159 primam,
406 3087 544 3141 vocatur
565 3077 746 3161 phantasia
793 3076 881 3141 Nam
906 3098 952 3141 ex
972 3077 1120 3140 secundo
1137 3077 1182 3140 de
1205 3074 1329 3139 Anima
1352 3086 1385 3138 et

226 3182 276 3243 de
292 3178 418 3245 Somno
432 3191 466 3246 et
482 3182 605 3264 vigilia
620 3192 654 3247 et
670 3183 754 3247 libro
771 3183 814 3246 de
836 3181 944 3247 Sensu
963 3191 997 3245 et
1021 3181 1162 3245 Sensato
1181 3189 1274 3263 patet
1294 3182 1383 3262 quod

226 3284 407 3370 phantasia
422 3296 456 3350 et
471 3307 586 3351 sensus
601 3287 788 3351 communis
801 3296 878 3351 sunt
894 3287 982 3349 idem
993 3286 1175 3350 secundum
1188 3285 1384 3367 subjectum,

225 3388 422 3455 differentes
437 3394 618 3456 secundum
633 3414 714 3469 esse,
732 3402 769 3456 ut
786 3391 988 3457 Aristoteles
1008 3392 1096 3470 dicit,
1110 3402 1144 3456 et
1164 3392 1255 3472 quod
1279 3391 1384 3475 phan-

224 3496 315 3561 tasia
331 3507 364 3561 et
386 3496 578 3580 imaginatio
593 3508 669 3562 sunt
683 3497 771 3561 idem
787 3498 967 3562 secundum
982 3498 1180 3580 subjectum,
1195 3494 1385 3559 differentes

225 3602 413 3667 secundum
431 3622 512 3666 esse.
558 3601 770 3687 Quapropter
793 3602 968 3685 phantasia
989 3601 1238 3686 comprehendit
1261 3610 1384 3666 utram·

226 3728 294 3789 que
320 3706 483 3785 virtutem,
504 3717 538 3772 et
560 3726 627 3770 non
651 3708 759 3771 diflert
781 3708 825 3771 ab
848 3708 895 3770 eis
916 3707 978 3770 nisi
998 3707 1084 3770 sicut
1104 3717 1213 3770 totum
1236 3725 1257 3767 a
1279 3714 1383 3788 parte.

228 3810 273 3875 Et
289 3811 371 3874 ideo
386 3830 462 3874 cum
480 3830 595 3875 sensus
613 3812 796 3874 communis
815 3810 950 3894 recipiat
970 3810 1123 3893 speciem,
1139 3820 1173 3873 et
1193 3810 1384 3893 imaginatio

227 3914 370 3980 retineat
385 3934 471 3994 eam,
486 3914 633 3998 sequitur
644 3914 803 3998 judicium
814 3914 1017 3998 completum
1029 3916 1072 3978 de
1088 3935 1132 3993 re,
1144 3915 1234 3996 quod
1249 3924 1384 3978 exercet

227 4018 415 4103 phantasia.

653 4205 878 4272 Carrrunun
905 4205 969 4269 111.

272 4362 327 4426 De
342 4358 563 4438 sensibilibus,
578 4380 663 4443 quae
678 4362 862 4426 sentiuntur
877 4384 898 4425 a
914 4362 1054 4445 propriis
1069 4362 1225 4439 sensibus,
1237 4371 1270 4424 et
1285 4381 1381 4425 sensu

231 4464 394 4531 communi
411 4472 447 4528 et
464 4462 709 4545 imaginatione.

275 4636 454 4702 Sciendum
470 4644 532 4711 est,
547 4637 636 4717 quod
652 4636 843 4719 imaginatio
856 4647 889 4702 et
901 4657 1014 4702 sensus
1025 4635 1210 4700 communis
1221 4646 1256 4701 et
1267 4655 1384 4703 sensus
