3542 5359
374 592 435 672 382
589 595 744 655 OPERIS
767 595 955 665 MAJORIS
979 594 1093 653 PARS
1118 591 1317 653 SEPTIMA.

377 769 507 840 ponunt
546 759 814 824 resurrectionem
858 769 1074 823 mortuorum.
1129 759 1230 823 Unde
1269 754 1423 822 Saraceni
1463 755 1531 817 hoc

378 873 516 946 ponunt
563 862 631 928 Sed
654 885 719 928 non
737 865 915 928 aestimant
936 865 998 928 nisi
1019 863 1155 927 delicias
1177 861 1365 946 corporales
1387 877 1473 923 nunc
1497 857 1531 919 in

378 968 441 1030 hac
456 968 534 1031 vita.
578 969 667 1030 Nam
684 969 857 1032 Avicenna
877 969 958 1033 dicit
980 969 1012 1031 in
1032 969 1213 1033 Radicibus
1239 965 1414 1030 Moralium
1437 961 1529 1045 quod

379 1071 611 1137 Machometus
627 1093 693 1135 non
709 1073 803 1136 dedit
819 1073 879 1137 nisi
896 1074 1036 1156 gloriam
1053 1093 1238 1157 corporum,
1253 1092 1320 1135 non
1335 1070 1531 1138 animarum,

379 1177 441 1240 nisi
471 1178 505 1241 in
534 1188 696 1259 quantum
727 1178 840 1242 anima
867 1178 1116 1242 condelectatur
1149 1177 1289 1259 corpori.
1337 1175 1383 1238 Et
1412 1170 1530 1256 Judaei

379 1281 531 1345 similiter
545 1283 816 1347 resurrectionem
838 1293 976 1365 ponunt,
992 1293 1024 1346 et
1041 1282 1228 1346 Christiani.
1275 1281 1321 1344 Et
1336 1279 1362 1343 si
1379 1277 1475 1363 primi
1497 1286 1532 1339 et

381 1385 497 1463 ultimi,
510 1387 636 1451 scilicet
652 1387 777 1469 Pagani
794 1397 827 1450 et
845 1387 1034 1465 Christiani,
1048 1388 1080 1451 in
1097 1387 1160 1451 hoc
1176 1389 1387 1462 concordant,
1398 1402 1533 1448 necesse

380 1500 432 1554 est
462 1511 578 1555 omnes
610 1501 718 1556 sectas
747 1493 897 1566 medias;
931 1501 965 1555 et
995 1493 1071 1556 ideo
1104 1492 1301 1555 Idololatras
1334 1490 1419 1554 sicut
1449 1488 1534 1552 alias

381 1605 514 1678 oportet
530 1595 625 1659 lateri
640 1594 712 1659 hoc.
751 1596 797 1660 Et
812 1594 999 1679 philosophi
1017 1594 1207 1659 notabiliter
1221 1594 1284 1658 hoc
1301 1596 1431 1666 docent,
1446 1593 1535 1656 sicut

382 1700 473 1780 prius
489 1710 659 1762 ostensum
674 1711 724 1762 est
740 1699 773 1762 in
789 1700 897 1780 prima
912 1710 1006 1782 parte
1021 1699 1120 1780 hujus
1137 1699 1304 1764 Scientiae
1321 1696 1469 1760 Moralis.

427 1801 494 1867 Sed
519 1822 585 1866 non
609 1811 720 1884 potest
743 1804 927 1884 essequod
951 1801 1054 1865 homo
1076 1802 1210 1885 placens
1234 1801 1309 1864 Deo
1330 1801 1362 1862 in
1381 1798 1443 1861 hac
1463 1799 1535 1861 vita

382 1917 460 1990 post
490 1908 763 1970 resurrectionem
792 1906 914 1970 habeat
943 1907 1048 1970 vitam
1082 1905 1215 1988 qualern
1247 1925 1333 1970 nunc
1362 1903 1536 1978 habemus,

381 2012 460 2093 quia
485 2012 568 2076 haec
590 2022 642 2075 est
671 2010 769 2093 plena
796 2011 951 2074 omnibus
978 2011 1126 2088 miseriis,
1152 2030 1214 2074 nec
1240 2020 1290 2073 eat
1317 2009 1359 2072 de
1383 2009 1536 2071 bonitate

382 2126 519 2179 naturae
534 2115 709 2178 humanae.
755 2115 802 2179 Et
817 2115 902 2190 ideo,
917 2134 992 2179 cum
1015 2116 1210 2179 resurrectio
1225 2113 1284 2178 liet
1299 2124 1336 2176 ut
1358 2113 1535 2176 reducatur

381 2220 426 2283 ad
442 2230 568 2285 statum
582 2219 851 2296 immortalitatis,
866 2229 999 2302 oportet
1014 2220 1105 2300 quod
1126 2220 1170 2284 ab
1184 2219 1236 2282 his
1258 2217 1396 2281 miseriis
1414 2216 1536 2279 libere-

383 2345 467 2388 mur.
501 2325 575 2388 Nec
590 2334 832 2406 consequentur
843 2324 990 2405 aliquam
1007 2323 1170 2387 miseriam
1183 2323 1240 2404 qui
1255 2323 1328 2385 Deo
1343 2321 1536 2392 servierunt,

382 2430 462 2511 quia
474 2429 601 2510 justum
613 2438 664 2491 est
676 2439 711 2490 ut
721 2429 905 2512 praemium
917 2429 963 2492 eis
974 2430 1140 2502 reddatur,
1152 2427 1332 2492 secundum
1345 2424 1535 2508 largitatem

384 2533 516 2596 divinae
538 2532 704 2596 bonitatis.
751 2532 796 2594 Et
823 2532 942 2595 iterum
967 2533 1044 2596 boni
1070 2532 1195 2596 habent
1222 2529 1416 2613 plerumque
1440 2528 1538 2611 plura

385 2637 475 2699 mala
496 2636 551 2701 hic
574 2656 674 2719 quam
703 2635 792 2698 mali.
839 2636 930 2720 Ergo
956 2637 984 2700 si
1010 2637 1101 2699 Deus
1124 2646 1174 2700 est
1198 2634 1307 2716 justus
1329 2634 1446 2716 judex,
1469 2653 1537 2696 non

384 2740 500 2804 tribuit
515 2742 549 2804 in
565 2741 728 2823 praesenti
743 2740 812 2804 vita
827 2740 923 2804 bonis
938 2761 999 2804 sua
1013 2741 1168 2823 praemia,
1180 2760 1241 2803 nee
1256 2760 1316 2822 per
1330 2757 1538 2820 consequens

385 2846 419 2907 in
436 2845 502 2907 alia
525 2845 595 2907 vita
619 2855 714 2908 erunt
743 2845 864 2908 similia
889 2846 1126 2928 praesentibus.
1173 2845 1265 2926 Ergo
1289 2853 1421 2927 oportet
1445 2843 1538 2924 quod

385 2950 564 3013 liberentur
580 2949 660 3031 justi
680 2951 723 3013 ab
743 2950 835 3012 omni
857 2950 1006 3027 miseria;
1029 2959 1160 3013 etcum
1184 2948 1240 3012 ille
1261 2958 1368 3013 status
1391 2958 1442 3012 est
1465 2967 1539 3028 per·

384 3053 496 3130 lectus,
526 3063 659 3136 oportet
687 3053 777 3135 quod
808 3052 867 3117 fiat
897 3053 1003 3136 gloria
1032 3055 1177 3136 corporis
1207 3063 1241 3116 et
1272 3053 1413 3116 animae.
1468 3051 1537 3116 Sed

385 3158 553 3240 appetitus
567 3157 699 3221 animae
714 3157 881 3221 rationalis
903 3159 1106 3221 transcendit
1128 3157 1372 3221 omnebonum
1394 3154 1539 3220 finitum.

389 3259 435 3322 Et
461 3261 537 3323 ideo
561 3259 632 3341 ejus
658 3262 826 3344 appetitus
850 3282 916 3325 non
948 3271 1058 3344 potest
1088 3241 1198 3325 ilaudi
1230 3261 1293 3324 nisi
1323 3281 1382 3344 per
1411 3259 1539 3323 bonum

389 3362 562 3438 infinitum,
581 3372 615 3425 et
642 3362 705 3427 hoc
728 3374 780 3428 ast
806 3365 919 3442 Deus;
950 3375 983 3429 et
1011 3365 1087 3428 ideo
1111 3364 1217 3448 gloria
1241 3365 1389 3428 humana
1415 3365 1479 3428 erit
1507 3365 1542 3426 in

388 3468 641 3550 participatione
651 3468 808 3532 bonitatis
819 3469 962 3534 Deitatis
974 3496 982 3546 3
997 3480 1031 3534 et
1043 3491 1086 3534 ex
1097 3469 1160 3533 hoc
1169 3470 1317 3552 sequitur
1328 3467 1541 3534 corollarium

388 3570 617 3655 philosophiae
641 3573 894 3651 nobilissimum,
911 3573 994 3637 libro
1014 3572 1292 3638 Consolationum
1316 3571 1435 3637 tertio¹
1459 3593 1542 3635 con·

388 3675 526 3750 clusum,
542 3675 632 3756 quod
648 3676 902 3761 participatione
922 3677 1066 3742 Deitatis
1088 3676 1167 3742 fient
1188 3679 1339 3742 homines
1363 3677 1438 3754 Dei,
1462 3677 1544 3742 licet

387 3799 472 3842 nnus
488 3779 582 3842 Deus
596 3779 640 3843 sit
655 3790 780 3844 natura.

433 3883 590 3948 Similiter
609 3903 685 3946 cum
709 3885 787 3948 mali
809 3885 862 3947 hic
881 3883 1054 3948 offendunt
1070 3885 1229 3949 Divinam
1251 3886 1437 3950 bonitatem
1454 3906 1544 3968 quae

389 3986 517 4051 infinita
536 3998 596 4062 est,
612 3996 647 4051 et
661 3990 785 4052 cadunt
806 3989 838 4052 in
857 3989 980 4053 crimen
999 3989 1108 4054 laesae
1123 3987 1318 4070 majestatis,
1333 4009 1470 4053 necesse
1489 3999 1543 4052 est

389 4093 481 4173 quod
518 4110 627 4174 poena
664 4111 779 4156 eorum
809 4093 853 4156 sit
884 4091 1060 4156 ineffabilis
1089 4094 1122 4157 in
1152 4093 1219 4157 alia
1248 4093 1318 4158 vita
1348 4104 1383 4158 et
1414 4091 1545 4158 infinita

421 4225 429 4253 ¹
448 4225 544 4275 Consul.
557 4226 738 4290 Parmam,
749 4228 790 4277 lib.
803 4227 837 4275 iii.
851 4227 931 4277 Prosa
940 4243 973 4278 x:
992 4228 1136 4289 ‘Quoniam
1148 4228 1316 4278 beatitudinis
1327 4228 1468 4290 adeptione
1480 4227 1547 4277 fiunt

390 4309 508 4357 homines
519 4307 598 4367 beati,
609 4309 741 4358 beatitudo
750 4325 813 4358 vero
824 4316 865 4358 est
876 4309 933 4371 ipsa
945 4311 1071 4372 divinitas,
1081 4311 1222 4360 divinitatis
1231 4311 1373 4373 adeptione
1383 4311 1477 4361 beatos
1489 4311 1549 4360 fieri

390 4387 556 4435 manifestum
567 4393 615 4436 est.
650 4387 704 4436 Sed
716 4388 753 4436 uti
761 4387 875 4449 justitiae
888 4389 1027 4458 adeptipne
1036 4389 1108 4450 justi,
1123 4390 1268 4450 sapientiae
1275 4389 1410 4451 sapientes
1423 4390 1497 4450 liunt,
1511 4390 1550 4440 ita

391 4465 550 4513 divinitatem
568 4465 654 4526 adepti
667 4465 741 4513 Deos
751 4465 808 4514 fieri
820 4467 897 4514 simili
916 4467 1016 4515 ratione
1033 4482 1144 4516 necesse
1155 4474 1203 4516 est.
1238 4467 1332 4516 Omnis
1348 4467 1427 4529 igitur
1443 4467 1547 4526 beatus,

391 4542 479 4602 Deus;
495 4543 543 4592 sed
560 4550 652 4592 natura
668 4543 771 4605 quidem
788 4560 862 4607 unus,
881 4545 1078 4608 participatione
1094 4561 1157 4594 vem
1174 4545 1238 4594 nibil
1254 4546 1375 4609 prohibet
1392 4561 1453 4595 ease
1470 4561 1550 4610 quam

390 4620 522 4682 plurimos
