3542 5359
553 625 668 687 PARS
692 627 854 686 PRIMA:
890 628 979 688 CAP.
1005 629 1066 689 III.
1329 646 1389 710 435

233 783 496 876 generationem]
523 788 661 854 effectus
691 791 890 874 principalis,
914 791 1046 869 scilicet,
1069 792 1262 874 quomodo¹
1289 792 1386 857 iaciat
1400 797 1483 876 vould
1607 869 1611 878 ¹

233 913 336 975 agens
352 914 425 957 earn
438 895 470 956 in
479 893 645 978 profundo
659 897 824 978 patientis,
834 916 909 960 cum
921 895 1109 961 substantia
1120 898 1249 980 agentis
1264 919 1330 962 non
1343 899 1386 962 sit
1399 864 1483 994 ἓξὲξ]
1489 879 1543 928 per-

233 998 317 1061 insra
333 997 412 1061 illud
429 999 653 1080 profundum?
684 998 899 1083 Quapropter
908 998 998 1064 fictio
1010 1000 1098 1065 illius
1108 1001 1240 1066 virtutis
1256 1013 1387 1086 praeter
1399 997 1544 1060 generatim

235 1099 390 1166 effectum
408 1103 621 1186 principalem
636 1124 704 1167 non
721 1104 841 1168 evadet
861 1102 946 1168 hanc
961 1103 1184 1186 objectionem
1197 1127 1204 1184 ;
1228 1108 1307 1189 quia
1320 1128 1387 1190 qua
1399 1061 1490 1176 idrllw

235 1207 364 1269 ratione
393 1227 497 1289 agens
520 1229 586 1270 non
616 1219 728 1289 potest
751 1227 909 1289 generare
941 1207 1097 1273 effectum
1118 1210 1331 1292 principalem
1355 1213 1388 1274 in

234 1308 400 1390 profundo
410 1312 569 1394 patientis
583 1313 656 1376 sine
673 1312 772 1375 tertio
786 1311 831 1375 ab
845 1312 901 1384 eis,
911 1331 952 1374 eo
967 1314 1058 1394 quod
1069 1334 1135 1377 non
1148 1315 1191 1377 sit
1206 1315 1387 1378 secundum

235 1433 271 1476 se
290 1416 323 1476 in
337 1414 395 1478 illo
409 1416 583 1498 profundo,
595 1427 629 1480 et
644 1416 708 1479 hoc
723 1417 856 1479 tertium
872 1423 923 1478 est
938 1416 1051 1493 virtus,
1062 1418 1210 1499 sequitur
1225 1421 1314 1500 quod
1327 1437 1389 1482 nec

234 1518 402 1597 generabit
423 1520 578 1584 virtutem
613 1521 645 1583 in
669 1520 834 1602 profundo
856 1519 914 1583 illo
936 1520 1008 1583 sine
1030 1520 1143 1603 aliquo
1172 1524 1281 1598 tertio,
1311 1542 1388 1586 cum

236 1623 344 1704 ipsum
361 1643 472 1704 agens,
488 1624 569 1688 dum
589 1635 727 1708 generat
745 1626 904 1688 virtutem
919 1624 1013 1704 hanc,
1032 1645 1099 1688 non
1116 1625 1158 1688 sit
1175 1626 1208 1688 in
1225 1627 1389 1709 profundo

236 1728 400 1808 patientis,
411 1739 445 1791 et
461 1729 507 1792 sic
523 1728 624 1790 ibitur
632 1728 665 1792 in
678 1727 853 1793 infinitum.
900 1728 947 1793 Et
962 1728 1038 1793 ideo
1050 1740 1186 1812 propter
1198 1731 1388 1795 evasionem

235 1829 321 1894 illius
335 1831 530 1914 objectionis
551 1853 618 1896 non
638 1833 739 1897 debet
759 1831 838 1915 fingi
863 1830 940 1896 talis
954 1834 1058 1896 virtus
1079 1842 1209 1916 praeter
1231 1833 1386 1899 effectum

235 1935 458 2019 principalem.
504 1936 629 2002 Contra
659 1937 759 2020 igitur
787 1937 835 2000 sic
866 1947 1043 2018 arguentes
1074 1949 1125 2002 est
1155 1949 1386 2021 argumentum

235 2061 358 2113 eorum,
372 2043 457 2105 sicut
466 2051 582 2105 contra
590 2062 649 2107 eos
657 2062 742 2124 quos
757 2042 956 2124 impugnant
970 2063 977 2118 ;
997 2051 1031 2106 et
1047 2042 1123 2106 ideo
1139 2043 1224 2107 male
1235 2054 1387 2126 arguunt.

279 2145 366 2210 Item
377 2149 504 2230 species
515 2148 704 2220 accidentis,
714 2156 751 2210 ut
763 2147 881 2210 caloris
889 2145 941 2208 vel
951 2147 1096 2224 alterius,
1112 2156 1162 2210 est
1178 2147 1287 2210 forma
1301 2149 1387 2210 acci·
1402 2154 1439 2216 (a)
1452 2153 1508 2203 The

236 2250 378 2315 dentalis
397 2252 500 2333 ipsius
521 2253 686 2333 patientis,
705 2261 739 2315 et
757 2251 885 2332 species
909 2249 1034 2312 formae
1055 2252 1282 2314 substantialis
1302 2252 1388 2334 ignis
1400 2220 1534 2349 {ffimed

236 2353 274 2417 fit
288 2355 393 2418 forma
407 2355 632 2418 substantialis
648 2355 806 2438 patientis
821 2355 958 2436 quando
973 2355 1138 2438 gignitur3
1153 2355 1232 2436 quia
1248 2354 1339 2420 calor
1354 2364 1388 2418 ct
1400 2352 1426 2400 5¹¹
1437 2351 1479 2400 1¹¹²
1491 2349 1543 2399 first

234 2459 360 2539 species
383 2457 501 2521 caloris
529 2470 607 2522 sunt
629 2459 779 2540 ejusdem
802 2459 963 2522 essentiae
992 2457 1173 2540 specificae,
1195 2469 1230 2522 et
1259 2414 1549 2546 univer-ffl'h‘

236 2562 349 2625 saliter
370 2563 498 2643 species
519 2582 595 2626 cum
618 2583 659 2626 eo
680 2562 775 2644 cujus
799 2573 859 2639 est,
873 2572 912 2625 ut
935 2563 1024 2644 prius
1039 2571 1210 2627 ostensum
1234 2572 1293 2628 est.
1342 2563 1389 2628 Et
1401 2549 1517 2662 {⁶3³2ssOE

238 2666 314 2729 ideo
328 2666 413 2729 sicut
428 2666 520 2731 calor
537 2676 587 2730 est
602 2664 711 2729 sorma
724 2665 796 2749 ejus
812 2666 846 2729 in
862 2686 931 2748 quo
947 2675 1007 2743 est,
1019 2668 1065 2731 sic
1081 2667 1206 2749 species
1221 2668 1339 2732 caloris
1354 2677 1387 2731 et
1401 2679 1485 2742 aering

235 2770 281 2831 sic
296 2769 340 2832 de
354 2768 437 2834 aliis.
482 2768 550 2834 Sed
566 2769 657 2834 nulla
671 2769 779 2834 forma
793 2770 913 2835 alterat
932 2772 1102 2834 materiam
1117 2771 1211 2853 cujus
1228 2781 1278 2835 est
1293 2780 1387 2835 actus
1401 2760 1434 2792 ⁰¹¹
1443 2743 1486 2793 ‘h‘

1401 2809 1491 2858 second

237 2874 298 2936 nisi
314 2881 445 2936 tantum
459 2875 590 2949 anima;
614 2873 692 2956 quia
706 2874 818 2937 anima
832 2895 899 2938 non
911 2875 1019 2938 solum
1034 2882 1084 2938 est
1099 2885 1193 2939 actus
1208 2875 1266 2937 sed
1280 2884 1389 2938 motor
1401 2875 1449 2924 and
1461 2846 1501 2923 ὅθ’

236 2979 286 3041 sui
309 2978 464 3061 corporis.
510 2979 610 3044 Unde
631 2977 738 3042 forma
759 2979 845 3062 ignis
867 2999 934 3042 non
957 2977 1076 3042 alterat
1099 2978 1271 3042 materiam
1304 2978 1389 3061 ignis
1403 2939 1514 2990 osward.

235 3081 288 3145 vel
321 3082 465 3159 alterius,
488 3102 568 3165 ergo
598 3103 665 3146 non
695 3092 806 3166 potest
836 3083 961 3166 species
994 3081 1083 3146 facta
1113 3085 1145 3146 in
1168 3083 1274 3166 pn'ma
1296 3091 1392 3164 parte

238 3188 394 3270 patientis
405 3186 544 3251 alterare
554 3187 645 3250 illam
660 3197 789 3268 partem
800 3187 844 3250 ad
856 3187 959 3251 alium
971 3186 1126 3252 effectum
1139 3187 1390 3270 producendum

238 3293 272 3356 in
301 3312 349 3370 ea,
371 3292 431 3356 sed
455 3301 584 3373 partem
612 3292 805 3356 secundam.
850 3292 897 3355 Et
919 3291 966 3356 ita
998 3312 1086 3374 quae
1118 3291 1157 3357 fit
1186 3292 1220 3354 in
1245 3292 1391 3356 secunda

236 3396 390 3461 alterabit
405 3397 548 3470 tertiam,
564 3405 598 3459 et
613 3397 660 3461 sic
678 3395 824 3460 ulterius.

281 3502 455 3565 Praeterea
474 3501 507 3564 in
528 3501 815 3564 confirmationem
834 3501 929 3565 istius
949 3500 1130 3566 sententiae
1145 3520 1270 3582 quaero
1285 3499 1328 3563 ab
1344 3499 1390 3563 eis
1403 3506 1442 3570 (t)
1454 3506 1531 3557 What

237 3606 293 3687 qui
322 3605 369 3670 sic
391 3599 515 3682 dic'unt,
537 3625 604 3687 quo
633 3604 767 3668 devenit
796 3605 878 3669 haec
901 3606 1015 3679 virtus,
1041 3615 1221 3687 postquam
1252 3603 1390 3668 effectus
1403 3574 1519 3688 Bffiflffffi

237 3709 423 3792 principalis
440 3720 617 3790 generatus
636 3717 688 3772 est
702 3729 710 3787 ;
738 3719 777 3773 ut
794 3719 974 3792 postquam
990 3709 1075 3792 ignis
1090 3709 1261 3790 generavit
1279 3709 1388 3791 ignem
1403 3704 1470 3754 s⁰¹00

237 3833 283 3876 ex
297 3813 362 3876 alia
377 3813 526 3887 materia,
542 3813 594 3876 vel
613 3813 716 3875 homo
731 3813 908 3891 hominem,
923 3813 977 3876 vel
992 3812 1167 3894 quodlibet
1188 3811 1277 3876 aliud
1290 3811 1390 3892 juxta
1403 3769 1528 3911 ppppored

237 3918 380 4000 speciem
400 3937 506 3994 suam,
521 3917 601 3998 quid
617 3916 736 3980 accidit
750 3916 793 3980 de
810 3917 873 3982 hac
895 3918 1040 3981 virtute?
1085 3915 1121 3981 Si
1145 3915 1235 3979 enim
1250 3936 1317 3979 non
1339 3925 1389 3978 est
1402 3901 1507 4014 puppe

237 4022 357 4085 educta
372 4021 416 4084 de
432 4021 583 4103 potentia
605 4021 775 4100 materiae,
789 4031 868 4084 tunc
892 4041 958 4084 non
982 4029 1211 4102 corrumpetur
1235 4019 1268 4082 in
1292 4039 1367 4083 eam
1381 4043 1389 4094 3
1403 3982 1493 4095 agenti

237 4146 317 4208 ergo
338 4125 366 4189 si
391 4134 631 4206 corrumpatur,
651 4135 879 4206 corrumpetur
905 4126 940 4188 in
962 4123 1045 4188 nihil
1057 4146 1066 4203 ;
1096 4143 1199 4205 quare
1220 4123 1283 4187 luit
1313 4143 1389 4206 pro-

237 4231 339 4294 ducta
367 4228 410 4291 de
432 4227 557 4307 nihilo;
580 4248 660 4310 ergo
682 4227 745 4292 suit
766 4239 886 4306 creata,
909 4229 997 4310 quod
1020 4238 1072 4292 est
1095 4228 1307 4310 impossibile.
1353 4225 1390 4290 Si

237 4334 368 4397 dicatur
382 4334 474 4415 quod
491 4353 557 4396 non
573 4334 792 4416 corrumpitur
806 4335 866 4396 sed
882 4344 995 4396 manet
1008 4333 1040 4395 in
1056 4340 1225 4416 generato,
1241 4331 1391 4412 sequitur

237 4439 469 4503 inconveniens
498 4437 655 4520 quoniam
688 4457 764 4500 cum
801 4437 1012 4519 generabitur
1044 4444 1179 4517 oportet
1215 4437 1307 4519 quod
1347 4436 1391 4501 sit

237 4542 481 4624 corruptibilis3
507 4560 607 4605 omne
622 4540 810 4625 generabile
830 4551 881 4605 est
899 4539 1120 4624 corruptibile,
1138 4549 1172 4603 et
1195 4541 1392 4621 probabitur

334 4693 345 4724 ¹
361 4709 424 4758 quo,
433 4695 458 4757 J.
471 4713 478 4745 r
494 4696 540 4744 the
552 4709 631 4743 sense
643 4695 691 4743 bas
701 4695 768 4743 been
780 4693 908 4742 obscured
920 4694 956 4757 by
967 4691 1093 4742 defective
1104 4693 1284 4755 punctuation.

770 4785 793 4838 r
810 4771 829 4837 s
840 4789 860 4839 a
