3542 5359
373 601 698 662 PERSPECTIVAE
723 602 838 661 PARS
863 601 1024 660 PRIMA:
1057 602 1168 662 DIST.
1198 601 1231 660 V.
1348 616 1387 678 31

238 766 286 831 Et
318 769 424 851 primo
453 766 703 833 determinanda
732 774 820 841 sunt,
850 785 939 848 quae
967 766 1177 849 requiruntur
1209 766 1252 831 ad
1279 764 1388 829 visum
1400 769 1498 846 mysos

237 870 361 937 iactum
376 894 437 955 per
447 873 549 937 lineas
566 881 679 935 rectas.
716 870 861 934 Primum
873 880 986 934 autem
997 871 1088 953 quod
1102 870 1153 933 hic
1164 869 1388 935 consideratur
1400 834 1524 951 'effissnd

237 986 297 1053 est,
309 978 398 1059 quod
410 977 501 1041 visus
515 974 639 1057 indiget
649 974 760 1057 specie
775 972 819 1037 rei
831 972 974 1049 visibilis,
982 994 1060 1036 nam
1071 972 1141 1039 sine
1150 973 1205 1037 illa
1220 993 1287 1038 non
1298 973 1387 1037 vide·
1399 982 1554 1095 ffiffiffl

235 1080 296 1153 bit,
312 1082 493 1145 mcundum
509 1080 600 1163 quod
615 1076 815 1143 Aristoteles
830 1077 909 1142 dicit
926 1079 1071 1143 secundo
1089 1080 1132 1142 de
1145 1079 1280 1157 Anima,
1295 1080 1386 1161 quod
1398 1105 1426 1149 to
1435 1114 1488 1163 eye.

236 1186 462 1249 universaliter
479 1205 593 1249 sensus
608 1183 743 1265 suscipit
757 1182 882 1265 species
897 1181 1097 1248 sensibilium
1119 1182 1163 1246 ad
1181 1183 1255 1259 hoc,
1270 1191 1308 1245 ut
1328 1180 1387 1246 liat

236 1289 385 1373 operatio
399 1288 570 1353 sentiendi.
618 1288 704 1351 Item
720 1296 854 1371 oportet
868 1286 996 1370 patiens
1007 1286 1177 1351 assimilari
1189 1307 1247 1371 per
1261 1306 1363 1370 agens
1375 1310 1384 1363 3

235 1397 296 1459 sed
311 1396 400 1458 visus
414 1402 465 1458 est
480 1394 583 1457 virtus
599 1392 737 1474 passiva,
754 1402 792 1455 ut
807 1393 952 1457 ostendit
966 1391 1168 1456 Aristoteles
1182 1392 1329 1456 secundo
1344 1390 1388 1455 de

235 1498 371 1575 Anima,
393 1509 427 1563 et
456 1498 532 1562 ideo
560 1506 695 1581 oportet
724 1497 814 1579 quod
844 1496 1043 1561 assimiletur
1067 1496 1189 1579 agenti,
1211 1496 1302 1579 quod
1334 1506 1385 1561 est

234 1603 372 1668 visibile.
419 1602 485 1668 Sed
502 1602 683 1667 similitudo
699 1602 827 1682 agentis
843 1622 909 1665 non
924 1611 974 1665 est
990 1601 1050 1665 nisi
1068 1602 1203 1683 species,
1219 1612 1256 1665 ut
1271 1621 1386 1665 omnes

233 1708 354 1771 sciunt
400 1708 486 1771 Item
515 1727 567 1771 res
592 1706 746 1771 continue
769 1704 848 1769 facit
869 1705 1013 1788 speciem
1033 1705 1179 1788 undique
1201 1706 1385 1769 secundum

234 1832 352 1876 omnes
366 1813 555 1876 diametros.
600 1810 667 1876 Sed
684 1831 761 1874 cum
781 1808 991 1874 obstaculum
1011 1819 1062 1874 est
1079 1810 1164 1874 inter
1177 1811 1322 1894 speciem
1339 1810 1385 1875 rei

234 1926 268 1981 et
290 1918 398 1979 visum
421 1937 486 1981 non
511 1915 549 1981 fit
570 1917 668 1981 visus.
715 1914 861 1997 Quando
882 1935 962 1978 vero
984 1934 1083 1978 omne
1109 1914 1384 1996 impedimentum

232 2030 417 2099 amovetur,
443 2030 480 2085 ut
513 2020 637 2105 species
667 2020 710 2084 ad
741 2020 875 2083 oculum
907 2018 1027 2097 veniat,
1055 2029 1135 2082 tunc
1163 2018 1294 2084 videtur
1323 2039 1384 2082 res.

233 2124 450 2209 Quapropter
472 2134 615 2207 oportet,
639 2124 730 2207 quod
753 2123 834 2187 visio
859 2122 919 2185 fiat
942 2143 1002 2205 per
1024 2123 1186 2207 speciem3
1207 2123 1266 2186 sed
1290 2143 1386 2206 prae·

232 2229 329 2312 cipue
364 2250 424 2313 per
459 2227 601 2311 speciem
638 2227 727 2308 lucis,
756 2238 790 2293 et
823 2226 951 2293 coloris.
997 2226 1096 2311 Quod
1134 2226 1222 2292 enim
1260 2227 1386 2291 colores

231 2347 416 2418 operantur
431 2335 463 2399 in
479 2334 594 2405 visum,
610 2343 704 2417 patet
720 2354 779 2417 per
793 2334 864 2409 hoc,
879 2334 971 2417 quod
987 2352 1063 2398 cum
1085 2332 1204 2416 aliquis
1218 2332 1385 2416 aspexerit

230 2439 425 2503 viridarium
449 2438 575 2503 multae
596 2437 814 2521 spissitudinis
842 2438 1019 2501 herbarum
1048 2459 1148 2520 super
1169 2438 1259 2522 quod
1281 2437 1385 2501 oritur

231 2544 291 2607 lux
307 2542 398 2621 solis,
414 2553 448 2607 et
464 2554 612 2608 moretur
626 2542 658 2608 in
673 2543 865 2627 aspiciendo
877 2543 995 2627 ipsum,
1004 2544 1126 2608 deinde
1137 2543 1265 2608 auferat
1276 2543 1384 2606 visum

231 2668 331 2711 suum
353 2657 387 2711 et
407 2658 578 2714 convertat
601 2668 677 2712 eum
697 2650 741 2714 ad
768 2647 876 2712 locum
902 2649 1088 2721 obscurum,
1105 2647 1248 2712 inveniet
1268 2648 1301 2711 in
1325 2648 1384 2712 illo

230 2752 306 2815 loco
320 2754 463 2817 obscuro
478 2753 618 2817 formam
635 2752 722 2818 illius
735 2752 817 2817 lucis
839 2752 1021 2816 coloratam
1042 2773 1062 2816 a
1077 2752 1184 2815 virore
1199 2751 1383 2816 herbarum

232 2856 278 2920 Et
293 2858 321 2922 si
339 2857 370 2920 in
386 2858 448 2921 hac
460 2857 678 2939 dispositione
689 2858 857 2939 aspexerit
868 2856 1010 2920 visibilia
1024 2856 1101 2920 alba
1117 2857 1150 2919 in
1163 2855 1289 2931 umbra,
1300 2864 1334 2920 et
1350 2856 1384 2919 in

230 2960 305 3026 loco
321 2962 441 3027 debilis
457 2962 546 3035 lucis
561 2961 704 3026 inveniet
718 2962 847 3027 colores
861 2982 971 3026 rerum
988 2959 1159 3024 admixtos
1178 2980 1254 3023 cum
1269 2959 1383 3025 virore.

230 3065 277 3131 Et
296 3068 324 3131 si
345 3067 497 3133 clauserit
520 3068 654 3132 oculum
677 3076 711 3131 et
731 3065 827 3131 luerit
843 3067 976 3130 intuens
996 3066 1028 3129 in
1044 3086 1094 3140 e0,
1110 3063 1251 3129 inveniet
1271 3064 1303 3128 in
1319 3085 1383 3129 suo

228 3171 330 3235 oculo
353 3172 493 3235 sormam
518 3172 600 3237 lucis
622 3192 697 3236 cum
723 3170 837 3236 virore.
883 3171 930 3234 Et
960 3170 1079 3235 eodem
1110 3171 1212 3233 modo
1242 3169 1384 3235 inveniet

228 3274 421 3359 hujusmodi
450 3274 688 3353 alterationem,
714 3276 742 3339 si
771 3274 937 3357 aspexerit
965 3274 1112 3338 colorem
1141 3272 1306 3337 lazuleum
1329 3274 1382 3338 vel

227 3400 443 3464 purpureum,
472 3380 525 3443 vel
554 3378 656 3445 alium
691 3380 838 3443 colorem
870 3378 999 3456 sortem,
1030 3389 1068 3443 ut
1097 3378 1234 3460 quilibet
1271 3386 1383 3461 potest

227 3483 383 3567 experiri.
429 3484 522 3569 Ergo
544 3494 676 3567 oportet
697 3484 788 3566 quod
812 3483 904 3548 color
922 3493 1078 3565 operetur
1097 3483 1130 3548 in
1150 3484 1267 3547 visum
1313 3482 1382 3548 Sed

226 3589 288 3653 lux
320 3588 448 3671 magis;
486 3590 642 3672 quoniam
664 3589 846 3653 secundum
878 3586 1100 3652 diversitatem
1136 3586 1217 3653 lucis
1249 3586 1383 3651 orientis

226 3714 331 3776 super
344 3692 451 3756 visum
473 3702 507 3759 et
526 3690 678 3771 visibilia,
695 3692 815 3757 accidit
833 3692 1006 3755 diversitas
1024 3692 1160 3755 visionis
1179 3692 1213 3755 in
1235 3688 1383 3775 singulis.

227 3796 318 3861 Nam
339 3797 399 3861 lux
415 3796 557 3862 multum
573 3796 740 3862 excellens
757 3796 903 3863 occultat
917 3796 1059 3861 visibilia
1076 3804 1216 3870 caetera,
1231 3806 1265 3860 et
1280 3796 1382 3861 etiam

225 3903 335 3967 laedit
357 3911 392 3965 et
413 3911 531 3985 gravat
552 3903 672 3982 visum,
694 3912 728 3965 et
750 3901 902 3966 debilitat
928 3902 1093 3966 actionem
1115 3900 1257 3965 videndi.
1301 3900 1382 3965 Lux

224 4028 305 4072 vero
329 4004 428 4071 valde
449 4004 568 4071 debilis
598 4026 664 4070 non
695 4005 851 4070 immutat
879 4005 986 4069 visum
1018 4014 1054 4069 ut
1076 4014 1212 4089 oportet
1240 4025 1301 4071 nec
1331 4026 1382 4070 res

226 4109 365 4175 revelat.
410 4108 489 4175 Lux
504 4130 584 4174 vero
605 4110 781 4175 mediocris
801 4108 970 4174 confortat
987 4110 1095 4174 visum
1115 4108 1147 4173 in
1166 4108 1297 4175 actione
1311 4128 1382 4186 sua,

226 4224 259 4279 et
274 4236 331 4280 res
345 4214 494 4279 denudat
509 4214 716 4278 sufficienter.
762 4212 979 4297 Quapropter
992 4214 1118 4299 species
1139 4213 1220 4277 lucis
1235 4211 1382 4277 maxime

226 4318 404 4402 requiritur
418 4319 461 4383 ad
476 4319 595 4383 visum.
641 4318 688 4383 Et
706 4319 824 4382 iterum
840 4338 902 4383 nos
912 4318 1073 4394 videmus,
1088 4318 1179 4401 quod
1196 4313 1380 4380 secundum
1408 4356 1416 4369 ·

226 4423 453 4487 diversitatem
468 4442 565 4487 casus
585 4421 667 4487 lucis
688 4421 838 4505 ejusdem
859 4441 960 4504 super
978 4423 1119 4487 eandem
1143 4440 1212 4484 rem
1235 4427 1382 4482 mutatur

226 4538 392 4610 metus,
408 4536 444 4591 et
459 4536 598 4611 apparet
611 4526 694 4591 visui
711 4525 801 4590 color
815 4526 975 4606 diversus,
990 4535 1028 4590 ut
1044 4525 1078 4589 in
1096 4522 1185 4587 collo
1206 4520 1380 4587 columbae

225 4630 408 4695 secuudum
431 4632 523 4713 quod
545 4631 643 4695 vertit
665 4628 787 4695 collum
806 4629 945 4694 diversis
966 4629 1085 4693 sitibus
1105 4626 1148 4691 ab
1169 4625 1255 4704 luce,
1274 4632 1309 4689 et
1332 4624 1380 4688 sic
