3542 5359
353 1939 436 1989 Ad

357 2004 609 2062 Helviam,

358 2088 467 2135 cap.
493 2071 539 2119 8.

374 3906 492 3966 [Tap.
518 3920 564 3966 9.

678 625 800 688 314
1102 609 1415 669 OPERIS
1460 610 1841 680 MAJORIS
1888 610 2118 673 PARS
2165 610 2560 671 SEPTIMA.

685 772 965 855 Scythia
994 783 1063 838 et
1093 783 1276 838 totus
1306 771 1416 837 ille
1462 771 1742 837 ferarum
1777 773 2382 857 indomitarumque
2412 773 2713 856 gentium
2743 782 2993 838 tractus
3023 854 3030 860 ,

684 879 985 942 civitates
1065 877 1366 942 Achaiae
1449 877 1737 943 Ponticis
1818 879 2167 962 impositas
2257 878 2593 942 littoribus
2674 886 2991 943 ostentat.

684 981 934 1046 Totum
972 981 1202 1046 Italiae
1235 977 1437 1070 [latus
1466 984 1645 1065 quod
1679 982 1886 1046 insero
1931 983 2094 1047 mari
2136 982 2424 1048 adluitur
2471 981 2686 1065 major
2716 981 2995 1047 Graecia

686 1085 827 1160 fuit,
890 1081 1175 1173 Tuscos]
1237 1085 1406 1152 Asia
1472 1087 1597 1151 sibi
1655 1087 1965 1152 vindicat.
2052 1087 2240 1168 Tyrii
2302 1086 2596 1153 Africam
2673 1085 2993 1150 incolunt.

688 1190 766 1253 In
832 1190 1223 1274 Hispaniam
1288 1191 1512 1266 Poeni,
1575 1188 1810 1256 Graeci
1870 1211 1943 1254 se
2004 1191 2071 1256 in
2133 1190 2417 1256 Galliam
2483 1191 2865 1264 intulerunt,
2925 1191 2996 1252 in

687 1293 1032 1360 Graeciam
1092 1293 1288 1359 Galli.
1381 1296 1759 1376 Pyrenaeus
1806 1294 2287 1361 Germanorum
2342 1296 2654 1364 transitus
2704 1314 2841 1359 non
2896 1294 2995 1356 in-

685 1399 921 1465 hibuit.
1030 1399 1156 1464 Per
1213 1401 1554 1483 incognita
1610 1402 1898 1465 versavit
1955 1420 2029 1464 se
2085 1399 2380 1467 humana
2437 1400 2674 1464 levitas
2703 1447 2720 1464 .
2752 1446 2767 1461 .
2803 1444 2818 1461 .
2851 1398 2997 1465 Alii

690 1503 893 1586 longo
945 1524 1163 1568 errore
1209 1503 1440 1586 jactati
1494 1524 1629 1567 non
1676 1503 1931 1586 judicio
1980 1504 2324 1586 elegerunt
2370 1503 2590 1568 locum
2632 1503 2750 1568 sed
2808 1502 2994 1567 lassi·

691 1609 925 1673 tudine
970 1655 988 1672 .
1035 1653 1052 1672 .
1098 1655 1115 1672 .
1161 1607 1337 1673 Illud
1400 1609 1628 1690 utique
1686 1605 2114 1673 manifestum
2173 1616 2277 1674 est
2322 1599 2485 1671 nihil
2545 1607 2782 1672 eodem
2845 1606 2998 1671 loco

693 1712 1014 1777 mansisse
1044 1732 1179 1794 quo
1214 1713 1511 1795 genitum
1545 1723 1644 1776 est
1675 1760 1690 1777 .
1724 1759 1740 1774 .
1775 1759 1790 1776 .
1827 1710 2082 1776 Omnes
2109 1720 2336 1776 autem
2383 1713 2551 1775 istae
2597 1709 2999 1794 populorum

691 1816 1283 1898 transportationes
1310 1818 1471 1899 quid
1501 1817 1684 1882 aliud
1714 1836 1918 1898 quam
1949 1815 2215 1900 publica
2243 1816 2448 1881 exilia
2478 1820 2678 1879 sunt?
2702 1811 2716 1837 ’

781 1926 795 1952 ‘
820 1920 1166 1986 Adversus
1196 1921 1409 2003 ipsam
1433 1923 2027 1986 commutationem
2059 1919 2354 1984 locorum
2379 1920 2693 1985 detractis
2724 1917 3000 1984 caeteris

695 2025 1134 2090 incommodis
1193 2045 1364 2107 quae
1426 2026 1629 2090 exilio
1680 2027 2044 2092 adhaerent
2097 2026 2258 2090 satis
2311 2025 2437 2090 hoc
2485 2024 2756 2088 remedii
2804 2033 3001 2105 putat

691 2130 922 2207 Varro,
967 2130 1387 2194 doctissimus
1458 2130 1943 2206 Romanorum,
1987 2130 2168 2212 quod
2238 2149 2636 2211 quocunque
2695 2131 3001 2192 venimus

691 2234 925 2299 eadem
958 2254 1172 2298 rerum
1212 2244 1447 2299 natura
1479 2236 1797 2301 utendum
1831 2244 1950 2297 est.
2041 2233 2135 2297 M.
2172 2233 2415 2296 Brutus
2454 2234 2615 2297 satis
2647 2234 2772 2296 hoc
2808 2241 3002 2315 putat

691 2339 873 2420 quod
934 2337 1089 2402 licet
1148 2339 1214 2400 in
1282 2337 1555 2402 exilium
1615 2337 1922 2401 euntibus
1983 2339 2253 2402 virtutes
2318 2359 2471 2401 suas
2529 2357 2752 2400 secum
2815 2336 3003 2401 ferre.

702 2441 894 2506 Haec
926 2433 1187 2529 [etiam]
1221 2441 1273 2505 si
1307 2442 1455 2522 quis
1486 2443 1745 2524 singula
1777 2460 2010 2525 parum
2039 2440 2298 2523 judicat
2328 2440 2617 2505 efficacia
2646 2442 2733 2505 ad
2767 2460 3002 2505 conso·

697 2545 967 2609 landum
1013 2546 1300 2624 exulem,
1332 2556 1610 2626 utraque
1653 2547 1720 2609 in
1763 2566 1964 2610 unum
2007 2545 2249 2609 collata
2292 2542 2605 2611 fatebitur
2644 2544 3006 2630 plurimum

698 2670 913 2732 posse.
1006 2647 1419 2732 Quantulum
1482 2651 1657 2713 enim
1717 2659 1819 2713 est
1879 2651 2061 2732 quod
2125 2650 2582 2734 perdidimus?
2646 2651 2778 2713 duo
2836 2669 3009 2731 quae

698 2754 1136 2839 pulcherrima
1166 2764 1319 2818 sunt
1344 2775 1741 2837 quocunque
1764 2773 1886 2816 nos
1909 2757 2311 2819 moverimus
2331 2764 2688 2836 sequentur
2715 2779 2729 2817 ε
2774 2765 3012 2819 natura

700 2859 1069 2922 communis
1129 2867 1197 2922 et
1257 2859 1523 2940 propria
1580 2856 1830 2928 virtuS.'
1925 2857 2035 2922 Sic
2086 2878 2244 2924 vero
2304 2878 2517 2922 rerum
2579 2877 3011 2923 communem

702 2973 1001 3025 naturam
1027 2962 1188 3025 dicit
1206 2982 1349 3026 esse
1379 2965 1395 2992 ‘
1414 2963 1730 3046 quicquid
1749 2962 2081 3045 optimum
2110 2972 2210 3026 est
2231 2961 2255 3000 ¹
2288 2983 2304 3040 ;
2337 2962 2404 3026 id
2427 2973 2624 3026 extra
2647 2962 3010 3025 humanam

700 3067 1070 3148 potentiam
1100 3067 1277 3149 jacet
1309 3089 1325 3144 ;
1372 3087 1491 3131 nec
1522 3067 1664 3130 dari
1695 3086 1815 3130 nec
1846 3067 2008 3149 eripi
2050 3076 2289 3152 potest.
2383 3066 2676 3131 Mundus
2717 3065 2842 3141 hic,
2873 3085 3012 3146 quo

704 3169 864 3232 nihil
894 3189 1110 3251 neque
1144 3169 1360 3251 majus
1392 3191 1605 3253 neque
1636 3171 1940 3235 ornatius
1970 3191 2184 3236 rerum
2210 3180 2448 3237 natura
2477 3171 2722 3252 genuit,
2745 3169 3010 3234 animus

703 3274 1192 3354 contemplator
1249 3274 1745 3356 admiratorque
1799 3275 2054 3346 mundi,
2100 3295 2255 3358 pars
2298 3274 2442 3356 ejus
2491 3272 3013 3356 magnificentis-

703 3378 872 3443 sima
919 3377 1183 3460 propria
1220 3379 1413 3441 nobis
1454 3387 1523 3442 et
1563 3389 1885 3461 perpetua
1915 3389 1982 3444 et
2025 3380 2283 3445 tamdiu
2320 3379 2668 3443 nobiscum
2702 3396 3014 3441 mansura

704 3493 861 3547 sunt
905 3482 1223 3564 quamdiu
1273 3476 1459 3569 [ipsi]
1510 3483 1943 3548 manebimus.
2033 3482 2314 3547 Alacres
2369 3483 2597 3564 itaque
2663 3491 2732 3551 et
2791 3481 3017 3556 erecti,

704 3605 1099 3668 quocunque
1130 3606 1231 3648 res
1277 3585 1500 3650 tulerit
1543 3587 1871 3670 intrepido
1911 3587 2124 3669 gradu
2165 3606 2595 3671 properemus
2630 3635 2647 3652 .
2683 3635 2698 3649 .
2734 3632 2750 3647 .
2784 3585 3016 3652 Unde·

704 3708 989 3772 cumque
1020 3709 1109 3754 ex
1140 3709 1358 3771 aequo
1386 3691 1474 3755 ad
1506 3688 1763 3756 coelum
1797 3690 2101 3775 dirigitur
2128 3690 2323 3766 acies,
2346 3690 2618 3775 paribus
2654 3688 3016 3759 intervallis

707 3793 936 3858 omnia
966 3794 1189 3858 divina
1220 3794 1307 3857 ab
1338 3794 1643 3858 omnibus
1674 3795 1979 3858 humanis
2009 3793 2301 3859 distant!

798 3898 1182 3979 ‘Angustus
1224 3898 1487 3963 animus
1528 3908 1628 3962 est
1674 3918 1874 3979 quem
1920 3908 2178 3962 terrena
2223 3894 2603 3966 delectant’
2651 3945 2668 3960 .
2718 3944 2734 3959 .
2783 3945 2798 3962 .
2844 3898 3018 3961 sicut

709 4003 1011 4086 superius
1062 4011 1163 4065 est
1212 4003 1573 4085 allegatum
1633 4023 1721 4066 ex
1786 4004 1912 4068 hoc
1968 4002 2153 4071 libre.
2243 4003 2524 4067 ‘Brutus
2586 4002 2650 4065 in
2704 4022 2787 4066 eo
2847 4002 3017 4066 libro

711 4126 908 4189 quem
941 4108 1023 4170 de
1050 4107 1299 4172 virtute
1328 4107 1705 4190 composuit
1735 4108 1830 4170 ait
1859 4127 1930 4172 se
1961 4106 2354 4172 Marcellum
2385 4108 2628 4170 vidisse
2672 4104 3018 4187 Mytilenis

712 4211 1121 4288 exulantem,
1144 4222 1213 4275 et
1237 4220 1562 4293 quantum
1591 4212 1792 4276 modo
1828 4219 2062 4278 natura
2091 4211 2379 4278 hominis
2403 4220 2741 4294 pateretur
2769 4210 3017 4274 beatis-

712 4313 877 4375 sime
924 4313 1277 4384 viventem,
1332 4331 1547 4393 neque
1590 4330 1886 4392 unquam
1939 4312 2350 4395 cupidiorem
2401 4312 2724 4374 bonarum
2771 4309 3018 4377 artium

711 4434 913 4496 quam
939 4415 1055 4478 illo
1086 4426 1389 4498 tempore
1421 4464 1437 4480 .
1471 4463 1485 4477 .
1521 4462 1535 4476 .
1568 4414 1844 4496 Adjicit,
1874 4416 2087 4479 visum
2124 4415 2250 4479 sibi
2288 4435 2360 4478 se
2393 4415 2607 4496 magis
2639 4414 2705 4476 in
2735 4413 3018 4479 exilium

712 4516 807 4580 ire
836 4519 948 4600 qui
977 4519 1120 4581 sine
1161 4519 1275 4582 illo
1311 4519 1636 4583 rediturus
1678 4528 1851 4583 esset
1881 4538 2082 4600 quam
2132 4519 2315 4582 illum
2366 4519 2434 4586 in
2476 4517 2681 4582 exilio
2717 4518 3020 4602 relinqui.

847 4633 865 4662 ²
901 4632 1076 4683 Bacon
1099 4635 1226 4685 here
1249 4635 1538 4685 condenses
1561 4650 1592 4684 a
1614 4635 1903 4684 somewhat
1926 4634 2236 4698 pantheistic
2258 4649 2480 4701 passage
2502 4633 2563 4684 os
2578 4634 2661 4685 bis
2683 4635 2884 4686 author.
