3542 5359
353 645 410 707 154
574 629 730 688 opanrs
753 628 942 699 nasonis
968 629 1081 687 Pras
1107 628 1277 702 Quium.

351 792 394 856 de
409 811 476 874 qua
492 791 666 874 loquamur
681 792 734 856 hic
750 791 784 854 in
799 791 893 874 aquis
909 790 1083 854 fluminum
1099 800 1134 854 et
1151 791 1312 854 fossarum
1329 789 1505 867 consuetis,

351 897 508 978 quoniam
525 896 603 962 licet
624 917 712 980 aqua
734 895 856 960 habeat
876 896 1067 959 naturaliter
1088 893 1297 978 superficiem
1320 913 1506 957 convexam

352 1000 540 1082 ubicunque
577 1000 620 1065 sit
658 1010 795 1083 propter
826 999 891 1063 hoc
929 997 1021 1080 quod
1054 1017 1186 1079 semper
1217 996 1290 1059 fluit
1321 997 1364 1059 ad
1397 996 1506 1060 locum

353 1103 548 1176 inferiorem,
569 1112 606 1167 ut
629 1103 663 1166 in
686 1103 911 1186 superioribus
934 1110 985 1166 est
1007 1100 1212 1166 declaratum
1225 1099 1245 1177 ¹,
1264 1110 1376 1162 tamen
1400 1119 1508 1182 aquae

352 1219 530 1273 consuetae
546 1209 579 1270 in
596 1206 786 1270 fluminibus
802 1217 837 1269 et
852 1207 999 1270 fontibus
1022 1216 1057 1268 et
1078 1205 1218 1269 caeteris
1244 1203 1508 1269 concavitatibus

352 1313 442 1394 apud
459 1331 519 1376 nos
534 1311 656 1376 habent
676 1321 837 1394 quantum
858 1312 901 1374 ad
921 1329 1055 1374 sensum
1076 1308 1284 1391 superficiem
1305 1308 1507 1390 superiorem

353 1416 497 1499 planam.
534 1415 579 1480 Et
594 1434 796 1498 quocunque
812 1415 914 1477 modo
929 1415 1106 1496 loquamur
1121 1422 1254 1495 oportet
1269 1413 1359 1495 quod
1375 1432 1427 1474 res
1439 1412 1509 1474 visa

354 1520 387 1582 in
403 1541 491 1602 aqua
506 1531 666 1602 appareat
682 1519 898 1602 propinquius
914 1519 1010 1582 oculo
1032 1517 1190 1600 quamsit
1209 1516 1281 1598 ejus
1295 1516 1388 1581 locus
1403 1535 1509 1592 verus,

353 1635 387 1689 et
414 1624 529 1706 major,
552 1624 636 1689 sicut
659 1633 753 1705 patet
779 1624 810 1686 in
837 1632 979 1704 utraque
1006 1620 1212 1705 figuratione.
1258 1620 1305 1684 Et
1330 1621 1404 1684 ideo
1432 1639 1509 1702 pars

354 1728 473 1807 baculi,
488 1748 573 1810 quae
594 1729 697 1792 estin
718 1747 814 1810 aqua,
829 1747 896 1790 non
917 1726 1092 1809 apparebit
1106 1725 1190 1789 visui
1207 1724 1241 1787 in
1262 1725 1453 1790 continuum
1475 1733 1510 1788 et

1038 1830 1200 1893 directum
1234 1828 1369 1892 alterius
1398 1829 1510 1910 partis,

1038 1935 1097 1996 sed
1118 1933 1336 2016 propinquius
1352 1933 1460 2009 oculo,
1474 1943 1510 1995 et

1038 2039 1116 2101 ideo
1133 2055 1267 2100 necesse
1281 2045 1334 2101 est
1353 2036 1508 2100 baculum

1039 2161 1199 2223 apparere
1218 2141 1252 2205 in
1273 2139 1380 2224 figura
1402 2160 1511 2214 curva,

975 2293 1011 2338 m
1039 2256 1073 2310 et
1102 2243 1262 2326 angulari,
1291 2265 1331 2308 ac
1362 2245 1390 2307 si
1423 2253 1511 2307 esset

1038 2349 1162 2414 fractus
1179 2348 1211 2411 in
1229 2351 1377 2430 ingressu
1392 2367 1509 2430 aquae,

1040 2454 1132 2535 quod
1142 2462 1235 2534 patet
1245 2453 1277 2515 in
1287 2452 1402 2535 figura.
1418 2452 1509 2515 Nam

998 2641 1000 2646 .
1040 2557 1084 2620 sit
1097 2556 1158 2639 sb
1179 2557 1328 2634 baculus,
1344 2577 1366 2618 a
1386 2555 1510 2634 oculus,

975 2662 999 2727 d
1039 2670 1074 2724 et
1093 2660 1116 2723 h
1132 2683 1165 2724 m
1185 2660 1375 2744 superficies
1394 2680 1512 2742 aquae,

1041 2764 1169 2830 bfaciet
1186 2767 1330 2848 speciem
1346 2785 1440 2829 suam
1457 2785 1511 2826 us·

1041 2889 1106 2952 que
1124 2871 1166 2933 ad
1187 2891 1212 2944 c,
1228 2872 1285 2934 sed
1305 2890 1370 2932 non
1394 2869 1456 2932 ibit
1479 2869 1512 2932 in

1040 2995 1059 3037 o
1088 2993 1149 3056 per
1179 2975 1341 3038 incessum
1374 2982 1512 3048 rectum,

1041 3079 1100 3142 sed
1136 3079 1307 3160 frangetur
1336 3079 1369 3140 in
1401 3078 1511 3141 medio

1041 3181 1207 3246 subtiliori
1229 3203 1333 3265 usque
1353 3203 1383 3258 a,
1404 3193 1440 3245 ut
1464 3181 1513 3244 in·

1041 3307 1154 3351 cessus
1193 3297 1302 3350 rectus
1342 3289 1385 3351 sit
1430 3288 1513 3349 inter

1041 3387 1235 3455 fractionem
1248 3402 1281 3454 et
1294 3391 1512 3474 perpendicu-

361 3492 464 3558 larem
476 3495 663 3558 ducendam
676 3515 695 3558 a
708 3495 781 3558 loco
793 3495 963 3559 fractionis
975 3517 1061 3579 quae
1073 3506 1123 3560 est
1128 3516 1192 3579 gc.
1232 3494 1299 3561 Sed
1314 3517 1364 3559 res
1375 3505 1513 3579 apparet

361 3600 395 3661 in
411 3619 570 3662 concursu
591 3599 674 3664 radii
694 3597 828 3662 visualis
844 3618 920 3663 cum
944 3600 1088 3679 catheto,
1109 3611 1143 3663 et
1162 3601 1314 3664 cathetus
1337 3611 1389 3665 est
1411 3599 1430 3664 b
1447 3598 1514 3680 dp,

635 3333 696 3382 Fre.
708 3331 750 3396 69.
971 3252 990 3318 b

361 3712 462 3785 atque
485 3705 650 3767 concurrit
672 3703 781 3767 radius
797 3703 932 3767 visualis
947 3726 999 3768 ac
1016 3705 1051 3768 in
1066 3704 1092 3767 d
1104 3716 1229 3787 puncto
1245 3705 1378 3769 catheti.
1424 3704 1514 3786 Ergo

361 3808 380 3873 b
403 3808 598 3871 extremitas
622 3807 729 3871 baculi
746 3809 914 3873 videbitur
936 3809 1015 3887 ind,
1031 3821 1065 3874 et
1087 3809 1205 3873 eodem
1227 3810 1328 3873 modo
1347 3807 1515 3892 quaelibet

361 3911 523 3995 particula
542 3912 645 3995 ipsius
661 3921 812 3996 quaeest
833 3913 865 3976 in
886 3934 974 3996 aqua
989 3913 1156 3977 videbitur
1171 3913 1205 3976 in
1221 3914 1347 3978 directo
1364 3913 1466 3996 ipsius
1481 3909 1514 3976 d.

363 4015 454 4099 Ergo
475 4025 583 4080 totum
606 4018 696 4099 quod
719 4027 771 4080 est
795 4017 829 4081 in
845 4038 933 4100 aqua
948 4017 1123 4101 apparebit
1138 4017 1173 4080 in
1189 4016 1276 4081 linea
1292 4016 1358 4081 nd.
1404 4017 1516 4100 Quare

361 4120 498 4184 baculus
521 4130 612 4185 totus
628 4121 796 4186 videbitur
822 4122 856 4184 in
871 4123 903 4203 f
913 4143 935 4184 n
949 4121 976 4185 d
987 4121 1083 4199 linea,
1098 4131 1133 4185 et
1151 4122 1228 4186 ideo
1253 4121 1286 4184 in
1309 4119 1395 4184 linea
1416 4142 1516 4186 curva

361 4223 506 4290 habente
523 4226 681 4308 angulum
698 4226 731 4288 in
744 4247 779 4304 n,
791 4235 825 4290 et
839 4225 888 4289 sic
903 4225 1027 4289 fractus
1042 4227 1227 4309 apparebit.
1260 4225 1306 4288 Et
1321 4245 1395 4288 cum
1412 4225 1515 4289 homo

362 4330 467 4412 possit
499 4329 612 4394 videre
641 4329 674 4392 in
703 4350 800 4413 aqua,
830 4341 911 4394 tunc
935 4351 994 4413 per
1024 4331 1200 4395 artificium
1231 4329 1383 4394 debitum
1410 4327 1517 4393 sciens

363 4433 482 4496 morari
513 4433 597 4498 inira
627 4455 748 4517 aquam
773 4435 901 4498 videret
932 4435 1086 4499 baculum
1117 4435 1259 4499 fractum
1286 4433 1320 4497 in
1342 4432 1516 4516 superficie

362 4537 454 4614 aeris,
471 4538 556 4602 sicut
576 4558 662 4602 nunc
678 4539 769 4602 videt
785 4537 818 4602 in
841 4560 929 4621 aqua
947 4549 1082 4622 propter
1098 4558 1258 4603 canonem
1275 4541 1457 4603 secundum
1474 4539 1516 4600 de

786 4674 794 4706 ¹
813 4675 852 4725 cf.
864 4675 914 4724 vol.
926 4676 942 4725 i.
956 4692 981 4739 p.
998 4676 1052 4738 15&
1108 4705 1115 4716 ·
