<?xml version="1.0" encoding="UTF-8"?>
<!DOCTYPE html PUBLIC "-//W3C//DTD XHTML 1.0 Transitional//EN"
    "http://www.w3.org/TR/xhtml1/DTD/xhtml1-transitional.dtd">
<html xmlns="http://www.w3.org/1999/xhtml" xml:lang="en" lang="en">
 <head>
  <title>
</title>
<meta http-equiv="Content-Type" content="text/html;charset=utf-8" />
  <meta name='ocr-system' content='tesseract 3.04.00' />
  <meta name='ocr-capabilities' content='ocr_page ocr_carea ocr_par ocr_line ocrx_word'/>
</head>
<body>
  <div class='ocr_page' id='page_1' title='image "./opusmajusrogerb02bridgoog/opusmajusrogerb02bridgoog_0354.png"; bbox 0 0 3542 5359; ppageno 0'>
   <div class='ocr_carea' id='block_1_1' title="bbox 394 633 1411 712">
    <p class='ocr_par' dir='ltr' id='par_1_1' title="bbox 394 633 1411 712">
     <span class='ocr_line' id='line_1_1' title="bbox 394 633 1411 712; baseline -0.002 -21"><span class='ocrx_word' id='word_1_1' title='bbox 394 634 589 693; x_wconf 81' lang='lat' dir='ltr'><em>MORALIS</em></span> <span class='ocrx_word' id='word_1_2' title='bbox 613 633 908 693; x_wconf 81' lang='lat' dir='ltr'><em>PHILOSOPHIA</em></span> <span class='ocrx_word' id='word_1_3' title='bbox 921 655 931 690; x_wconf 92' lang='lat'><em>:</em></span> <span class='ocrx_word' id='word_1_4' title='bbox 965 633 1080 693; x_wconf 78' lang='lat' dir='ltr'><strong><em>PARS</em></strong></span> <span class='ocrx_word' id='word_1_5' title='bbox 1108 634 1274 692; x_wconf 84' lang='lat' dir='ltr'><em>TERTIA.</em></span> <span class='ocrx_word' id='word_1_6' title='bbox 1352 649 1411 712; x_wconf 64' lang='lat'>&amp;35</span> 
     </span>
    </p>
   </div>
   <div class='ocr_carea' id='block_1_2' title="bbox 259 793 1543 1081">
    <p class='ocr_par' dir='ltr' id='par_1_2' title="bbox 259 793 1543 1081">
     <span class='ocr_line' id='line_1_2' title="bbox 259 793 1410 879; baseline 0.001 -22"><span class='ocrx_word' id='word_1_7' title='bbox 259 797 350 877; x_wconf 93' lang='lat' dir='ltr'>quod</span> <span class='ocrx_word' id='word_1_8' title='bbox 364 797 456 879; x_wconf 84' lang='lat' dir='ltr'>exigi</span> <span class='ocrx_word' id='word_1_9' title='bbox 468 796 604 860; x_wconf 83' lang='lat' dir='ltr'>deberet</span> <span class='ocrx_word' id='word_1_10' title='bbox 618 817 638 860; x_wconf 91' lang='lat' dir='ltr'>a</span> <span class='ocrx_word' id='word_1_11' title='bbox 653 796 743 859; x_wconf 93' lang='lat' dir='ltr'>bono</span> <span class='ocrx_word' id='word_1_12' title='bbox 757 794 865 872; x_wconf 80' lang='lat' dir='ltr'>fratre,</span> <span class='ocrx_word' id='word_1_13' title='bbox 877 815 936 858; x_wconf 89' lang='lat' dir='ltr'>nec</span> <span class='ocrx_word' id='word_1_14' title='bbox 953 793 1094 859; x_wconf 85' lang='lat' dir='ltr'>lacerem</span> <span class='ocrx_word' id='word_1_15' title='bbox 1110 794 1200 877; x_wconf 93' lang='lat' dir='ltr'>quod</span> <span class='ocrx_word' id='word_1_16' title='bbox 1216 793 1410 878; x_wconf 86' lang='lat' dir='ltr'>reprehendi</span> 
     </span>
     <span class='ocr_line' id='line_1_3' title="bbox 260 899 1543 984; baseline -0.001 -21"><span class='ocrx_word' id='word_1_17' title='bbox 260 910 373 981; x_wconf 90' lang='lat' dir='ltr'>posset</span> <span class='ocrx_word' id='word_1_18' title='bbox 399 900 432 962; x_wconf 93' lang='lat' dir='ltr'>in</span> <span class='ocrx_word' id='word_1_19' title='bbox 463 899 629 984; x_wconf 66' lang='lat' dir='ltr'>principe?</span> <span class='ocrx_word' id='word_1_20' title='bbox 672 899 783 964; x_wconf 90' lang='lat' dir='ltr'>‘Nam</span> <span class='ocrx_word' id='word_1_21' title='bbox 810 919 876 975; x_wconf 87' lang='lat' dir='ltr'>non</span> <span class='ocrx_word' id='word_1_22' title='bbox 906 900 1027 963; x_wconf 84' lang='lat' dir='ltr'>sentire</span> <span class='ocrx_word' id='word_1_23' title='bbox 1057 899 1145 963; x_wconf 90' lang='lat' dir='ltr'>mala</span> <span class='ocrx_word' id='word_1_24' title='bbox 1173 918 1234 963; x_wconf 88' lang='lat' dir='ltr'>sua</span> <span class='ocrx_word' id='word_1_25' title='bbox 1263 919 1330 963; x_wconf 89' lang='lat' dir='ltr'>non</span> <span class='ocrx_word' id='word_1_26' title='bbox 1361 910 1543 977; x_wconf 76' lang='lat' dir='ltr'>estCap.17.</span> 
     </span>
     <span class='ocr_line' id='line_1_4' title="bbox 259 997 1481 1081; baseline -0.002 -15"><span class='ocrx_word' id='word_1_27' title='bbox 259 1003 411 1081; x_wconf 83' lang='lat' dir='ltr'>hominis,</span> <span class='ocrx_word' id='word_1_28' title='bbox 434 1013 468 1067; x_wconf 93' lang='lat' dir='ltr'>et</span> <span class='ocrx_word' id='word_1_29' title='bbox 491 1025 557 1068; x_wconf 94' lang='lat' dir='ltr'>non</span> <span class='ocrx_word' id='word_1_30' title='bbox 579 1004 662 1067; x_wconf 82' lang='lat' dir='ltr'>serre</span> <span class='ocrx_word' id='word_1_31' title='bbox 685 1023 751 1067; x_wconf 90' lang='lat' dir='ltr'>non</span> <span class='ocrx_word' id='word_1_32' title='bbox 774 1014 825 1067; x_wconf 92' lang='lat' dir='ltr'>est</span> <span class='ocrx_word' id='word_1_33' title='bbox 846 998 926 1066; x_wconf 84' lang='lat' dir='ltr'>viri&#39;</span> <span class='ocrx_word' id='word_1_34' title='bbox 1477 997 1481 1004; x_wconf 81' lang='grc'><strong>’</strong></span> 
     </span>
    </p>
   </div>
   <div class='ocr_carea' id='block_1_3' title="bbox 652 1304 1028 1371">
    <p class='ocr_par' dir='ltr' id='par_1_3' title="bbox 652 1304 1028 1371">
     <span class='ocr_line' id='line_1_5' title="bbox 652 1304 1028 1371; baseline -0.011 0"><span class='ocrx_word' id='word_1_35' title='bbox 652 1304 877 1371; x_wconf 67' lang='lat' dir='ltr'>Carnutum</span> <span class='ocrx_word' id='word_1_36' title='bbox 895 1305 1028 1368; x_wconf 90' lang='lat' dir='ltr'><strong>XVIII.</strong></span> 
     </span>
    </p>
   </div>
   <div class='ocr_carea' id='block_1_4' title="bbox 261 1476 1579 3958">
    <p class='ocr_par' dir='ltr' id='par_1_4' title="bbox 261 1476 1579 2063">
     <span class='ocr_line' id='line_1_6' title="bbox 307 1476 1480 1543; baseline 0.002 -2"><span class='ocrx_word' id='word_1_37' title='bbox 307 1479 386 1542; x_wconf 92' lang='lat' dir='ltr'><strong>Post</strong></span> <span class='ocrx_word' id='word_1_38' title='bbox 408 1478 491 1541; x_wconf 92' lang='lat' dir='ltr'>haec</span> <span class='ocrx_word' id='word_1_39' title='bbox 513 1479 739 1542; x_wconf 88' lang='lat' dir='ltr'>accedendum</span> <span class='ocrx_word' id='word_1_40' title='bbox 763 1479 878 1542; x_wconf 84' lang='lat' dir='ltr'>estad</span> <span class='ocrx_word' id='word_1_41' title='bbox 902 1479 1084 1542; x_wconf 89' lang='lat' dir='ltr'>sententias</span> <span class='ocrx_word' id='word_1_42' title='bbox 1107 1476 1254 1543; x_wconf 86' lang='lat' dir='ltr'>Senecae</span> <span class='ocrx_word' id='word_1_43' title='bbox 1277 1479 1319 1542; x_wconf 92' lang='lat' dir='ltr'>de</span> <span class='ocrx_word' id='word_1_44' title='bbox 1342 1478 1411 1542; x_wconf 91' lang='lat' dir='ltr'>vita</span> <span class='ocrx_word' id='word_1_45' title='bbox 1425 1493 1480 1543; x_wconf 83' lang='lat' dir='ltr'>The</span> 
     </span>
     <span class='ocr_line' id='line_1_7' title="bbox 261 1559 1579 1683; baseline 0.001 -37"><span class='ocrx_word' id='word_1_46' title='bbox 261 1585 361 1646; x_wconf 87' lang='lat' dir='ltr'>beata</span> <span class='ocrx_word' id='word_1_47' title='bbox 382 1591 416 1645; x_wconf 91' lang='lat' dir='ltr'>et</span> <span class='ocrx_word' id='word_1_48' title='bbox 442 1582 486 1646; x_wconf 91' lang='lat' dir='ltr'>de</span> <span class='ocrx_word' id='word_1_49' title='bbox 516 1581 753 1664; x_wconf 84' lang='lat' dir='ltr'>tranquillitate</span> <span class='ocrx_word' id='word_1_50' title='bbox 783 1583 894 1645; x_wconf 88' lang='lat' dir='ltr'>animi.</span> <span class='ocrx_word' id='word_1_51' title='bbox 949 1581 1038 1646; x_wconf 92' lang='lat' dir='ltr'>Nam</span> <span class='ocrx_word' id='word_1_52' title='bbox 1061 1603 1147 1665; x_wconf 86' lang='lat' dir='ltr'>quae</span> <span class='ocrx_word' id='word_1_53' title='bbox 1178 1582 1211 1645; x_wconf 94' lang='lat' dir='ltr'>in</span> <span class='ocrx_word' id='word_1_54' title='bbox 1235 1582 1299 1646; x_wconf 86' lang='lat' dir='ltr'>illis</span> <span class='ocrx_word' id='word_1_55' title='bbox 1323 1582 1412 1647; x_wconf 91' lang='lat' dir='ltr'>libris</span> <span class='ocrx_word' id='word_1_56' title='bbox 1425 1559 1579 1683; x_wconf 46' lang='lat' dir='ltr'>fflfffssmm</span> 
     </span>
     <span class='ocr_line' id='line_1_8' title="bbox 261 1686 1539 1768; baseline 0.001 -18"><span class='ocrx_word' id='word_1_57' title='bbox 261 1687 447 1751; x_wconf 90' lang='lat' dir='ltr'>scribuntur</span> <span class='ocrx_word' id='word_1_58' title='bbox 458 1687 606 1751; x_wconf 88' lang='lat' dir='ltr'>animum</span> <span class='ocrx_word' id='word_1_59' title='bbox 622 1696 739 1750; x_wconf 87' lang='lat' dir='ltr'>contra</span> <span class='ocrx_word' id='word_1_60' title='bbox 754 1688 1074 1765; x_wconf 84' lang='lat' dir='ltr'>adversaroborant,</span> <span class='ocrx_word' id='word_1_61' title='bbox 1085 1686 1294 1764; x_wconf 86' lang='lat' dir='ltr'>confirmant,</span> <span class='ocrx_word' id='word_1_62' title='bbox 1305 1697 1339 1750; x_wconf 86' lang='lat' dir='ltr'>et</span> <span class='ocrx_word' id='word_1_63' title='bbox 1354 1688 1411 1751; x_wconf 91' lang='lat' dir='ltr'>de·</span> <span class='ocrx_word' id='word_1_64' title='bbox 1425 1689 1539 1768; x_wconf 55' lang='lat' dir='ltr'>seneca’s</span> 
     </span>
     <span class='ocr_line' id='line_1_9' title="bbox 261 1756 1543 1874; baseline 0.001 -21"><span class='ocrx_word' id='word_1_65' title='bbox 261 1792 388 1855; x_wconf 90' lang='lat' dir='ltr'>ducunt</span> <span class='ocrx_word' id='word_1_66' title='bbox 409 1791 442 1854; x_wconf 91' lang='lat' dir='ltr'>in</span> <span class='ocrx_word' id='word_1_67' title='bbox 462 1790 699 1874; x_wconf 86' lang='lat' dir='ltr'>negligentiam</span> <span class='ocrx_word' id='word_1_68' title='bbox 717 1811 957 1873; x_wconf 89' lang='lat' dir='ltr'>prosperorum.</span> <span class='ocrx_word' id='word_1_69' title='bbox 1005 1789 1160 1874; x_wconf 88' lang='lat' dir='ltr'>Princeps</span> <span class='ocrx_word' id='word_1_70' title='bbox 1183 1791 1282 1872; x_wconf 89' lang='lat' dir='ltr'>igitur</span> <span class='ocrx_word' id='word_1_71' title='bbox 1304 1756 1543 1871; x_wconf 56' lang='lat' dir='ltr'>mora-‘1³{2¹¹⁰q¹{{¹„e</span> 
     </span>
     <span class='ocr_line' id='line_1_10' title="bbox 263 1889 1512 1978; baseline 0.002 -21"><span class='ocrx_word' id='word_1_72' title='bbox 263 1895 342 1958; x_wconf 92' lang='lat' dir='ltr'>lium</span> <span class='ocrx_word' id='word_1_73' title='bbox 368 1897 565 1978; x_wconf 91' lang='lat' dir='ltr'>dogmatum</span> <span class='ocrx_word' id='word_1_74' title='bbox 597 1894 721 1959; x_wconf 87' lang='lat' dir='ltr'>Seneca</span> <span class='ocrx_word' id='word_1_75' title='bbox 752 1893 888 1959; x_wconf 87' lang='lat' dir='ltr'>inchoat</span> <span class='ocrx_word' id='word_1_76' title='bbox 918 1893 1038 1958; x_wconf 91' lang='lat' dir='ltr'>librum</span> <span class='ocrx_word' id='word_1_77' title='bbox 1069 1895 1113 1958; x_wconf 89' lang='lat' dir='ltr'>de</span> <span class='ocrx_word' id='word_1_78' title='bbox 1134 1894 1215 1959; x_wconf 88' lang='lat' dir='ltr'>Vita</span> <span class='ocrx_word' id='word_1_79' title='bbox 1235 1895 1338 1959; x_wconf 87' lang='lat' dir='ltr'>Beata</span> <span class='ocrx_word' id='word_1_80' title='bbox 1369 1897 1411 1960; x_wconf 92' lang='lat' dir='ltr'>ad</span> <span class='ocrx_word' id='word_1_81' title='bbox 1427 1889 1512 1937; x_wconf 52' lang='grc' dir='ltr'>ΒΜ·</span> 
     </span>
     <span class='ocr_line' id='line_1_11' title="bbox 263 1998 776 2063; baseline -0.006 -1"><span class='ocrx_word' id='word_1_82' title='bbox 263 1998 450 2063; x_wconf 88' lang='lat' dir='ltr'>Gallionem</span> <span class='ocrx_word' id='word_1_83' title='bbox 466 2001 498 2062; x_wconf 91' lang='lat' dir='ltr'>in</span> <span class='ocrx_word' id='word_1_84' title='bbox 515 1999 602 2063; x_wconf 91' lang='lat' dir='ltr'>hunc</span> <span class='ocrx_word' id='word_1_85' title='bbox 618 1999 776 2062; x_wconf 90' lang='lat' dir='ltr'>modum:</span> 
     </span>
    </p>

    <p class='ocr_par' dir='ltr' id='par_1_5' title="bbox 262 2102 1526 3958">
     <span class='ocr_line' id='line_1_12' title="bbox 306 2102 1526 2187; baseline -0.005 -21"><span class='ocrx_word' id='word_1_86' title='bbox 306 2102 457 2181; x_wconf 86' lang='lat' dir='ltr'>‘Vivere,</span> <span class='ocrx_word' id='word_1_87' title='bbox 481 2102 591 2168; x_wconf 89' lang='lat' dir='ltr'>Gallio</span> <span class='ocrx_word' id='word_1_88' title='bbox 613 2103 722 2178; x_wconf 90' lang='lat' dir='ltr'>frater,</span> <span class='ocrx_word' id='word_1_89' title='bbox 744 2122 860 2167; x_wconf 90' lang='lat' dir='ltr'>omnes</span> <span class='ocrx_word' id='word_1_90' title='bbox 883 2103 981 2167; x_wconf 91' lang='lat' dir='ltr'>beate</span> <span class='ocrx_word' id='word_1_91' title='bbox 1002 2103 1127 2180; x_wconf 88' lang='lat' dir='ltr'>volunt,</span> <span class='ocrx_word' id='word_1_92' title='bbox 1150 2103 1208 2166; x_wconf 92' lang='lat' dir='ltr'>sed</span> <span class='ocrx_word' id='word_1_93' title='bbox 1233 2104 1275 2167; x_wconf 90' lang='lat' dir='ltr'>ad</span> <span class='ocrx_word' id='word_1_94' title='bbox 1306 2104 1413 2187; x_wconf 90' lang='lat' dir='ltr'>pervi·</span> <span class='ocrx_word' id='word_1_95' title='bbox 1427 2113 1490 2177; x_wconf 79' lang='lat' dir='ltr'>Cap.</span> <span class='ocrx_word' id='word_1_96' title='bbox 1505 2125 1526 2160; x_wconf 91' lang='lat'>1.</span> 
     </span>
     <span class='ocr_line' id='line_1_13' title="bbox 263 2207 1414 2292; baseline 0.001 -21"><span class='ocrx_word' id='word_1_97' title='bbox 263 2209 408 2271; x_wconf 91' lang='lat' dir='ltr'>dendum</span> <span class='ocrx_word' id='word_1_98' title='bbox 428 2208 509 2292; x_wconf 90' lang='lat' dir='ltr'>qnid</span> <span class='ocrx_word' id='word_1_99' title='bbox 528 2208 571 2271; x_wconf 88' lang='lat' dir='ltr'>sit</span> <span class='ocrx_word' id='word_1_100' title='bbox 591 2207 682 2291; x_wconf 93' lang='lat' dir='ltr'>quod</span> <span class='ocrx_word' id='word_1_101' title='bbox 703 2207 836 2270; x_wconf 90' lang='lat' dir='ltr'>beatam</span> <span class='ocrx_word' id='word_1_102' title='bbox 853 2208 957 2271; x_wconf 87' lang='lat' dir='ltr'>vitam</span> <span class='ocrx_word' id='word_1_103' title='bbox 979 2207 1109 2280; x_wconf 86' lang='lat' dir='ltr'>efficiat,</span> <span class='ocrx_word' id='word_1_104' title='bbox 1131 2207 1346 2292; x_wconf 90' lang='lat' dir='ltr'>caligant...</span> <span class='ocrx_word' id='word_1_105' title='bbox 1365 2208 1414 2272; x_wconf 92' lang='lat' dir='ltr'>Ut</span> 
     </span>
     <span class='ocr_line' id='line_1_14' title="bbox 263 2310 1415 2395; baseline 0 -21"><span class='ocrx_word' id='word_1_106' title='bbox 263 2332 304 2375; x_wconf 90' lang='lat' dir='ltr'>eo</span> <span class='ocrx_word' id='word_1_107' title='bbox 334 2312 474 2395; x_wconf 91' lang='lat' dir='ltr'>quisque</span> <span class='ocrx_word' id='word_1_108' title='bbox 496 2313 540 2375; x_wconf 92' lang='lat' dir='ltr'>ab</span> <span class='ocrx_word' id='word_1_109' title='bbox 561 2331 602 2374; x_wconf 91' lang='lat' dir='ltr'>ea</span> <span class='ocrx_word' id='word_1_110' title='bbox 623 2310 754 2393; x_wconf 88' lang='lat' dir='ltr'>longius</span> <span class='ocrx_word' id='word_1_111' title='bbox 776 2313 908 2375; x_wconf 89' lang='lat' dir='ltr'>recedat</span> <span class='ocrx_word' id='word_1_112' title='bbox 931 2332 998 2394; x_wconf 92' lang='lat' dir='ltr'>quo</span> <span class='ocrx_word' id='word_1_113' title='bbox 1027 2313 1070 2375; x_wconf 92' lang='lat' dir='ltr'>ad</span> <span class='ocrx_word' id='word_1_114' title='bbox 1103 2311 1193 2375; x_wconf 88' lang='lat' dir='ltr'>illam</span> <span class='ocrx_word' id='word_1_115' title='bbox 1220 2312 1415 2376; x_wconf 89' lang='lat' dir='ltr'>concitatius</span> 
     </span>
     <span class='ocr_line' id='line_1_15' title="bbox 262 2415 1415 2499; baseline 0.002 -21"><span class='ocrx_word' id='word_1_116' title='bbox 262 2415 373 2491; x_wconf 79' lang='lat' dir='ltr'>fertur,</span> <span class='ocrx_word' id='word_1_117' title='bbox 396 2417 423 2478; x_wconf 93' lang='lat' dir='ltr'>si</span> <span class='ocrx_word' id='word_1_118' title='bbox 445 2416 498 2479; x_wconf 89' lang='lat' dir='ltr'>via</span> <span class='ocrx_word' id='word_1_119' title='bbox 520 2415 631 2498; x_wconf 89' lang='lat' dir='ltr'>lapsus</span> <span class='ocrx_word' id='word_1_120' title='bbox 657 2426 717 2486; x_wconf 81' lang='lat' dir='ltr'>est,</span> <span class='ocrx_word' id='word_1_121' title='bbox 741 2436 827 2497; x_wconf 87' lang='lat' dir='ltr'>quae</span> <span class='ocrx_word' id='word_1_122' title='bbox 849 2417 905 2479; x_wconf 91' lang='lat' dir='ltr'>ubi</span> <span class='ocrx_word' id='word_1_123' title='bbox 929 2417 962 2478; x_wconf 91' lang='lat' dir='ltr'>in</span> <span class='ocrx_word' id='word_1_124' title='bbox 993 2417 1192 2479; x_wconf 91' lang='lat' dir='ltr'>contrarium</span> <span class='ocrx_word' id='word_1_125' title='bbox 1220 2417 1320 2494; x_wconf 91' lang='lat' dir='ltr'>ducit,</span> <span class='ocrx_word' id='word_1_126' title='bbox 1344 2419 1415 2499; x_wconf 89' lang='lat' dir='ltr'>ipsa</span> 
     </span>
     <span class='ocr_line' id='line_1_16' title="bbox 263 2518 1415 2602; baseline 0.001 -19"><span class='ocrx_word' id='word_1_127' title='bbox 263 2518 421 2584; x_wconf 88' lang='lat' dir='ltr'>velocitas</span> <span class='ocrx_word' id='word_1_128' title='bbox 459 2520 593 2602; x_wconf 88' lang='lat' dir='ltr'>majoris</span> <span class='ocrx_word' id='word_1_129' title='bbox 631 2518 793 2583; x_wconf 90' lang='lat' dir='ltr'>intervalli</span> <span class='ocrx_word' id='word_1_130' title='bbox 824 2541 923 2584; x_wconf 90' lang='lat' dir='ltr'>causa</span> <span class='ocrx_word' id='word_1_131' title='bbox 961 2520 1022 2583; x_wconf 83' lang='lat' dir='ltr'>fit.</span> <span class='ocrx_word' id='word_1_132' title='bbox 1040 2568 1047 2583; x_wconf 89' lang='lat'><em>.</em></span> <span class='ocrx_word' id='word_1_133' title='bbox 1067 2567 1074 2582; x_wconf 93' lang='lat'>.</span> <span class='ocrx_word' id='word_1_134' title='bbox 1092 2519 1261 2602; x_wconf 88' lang='lat' dir='ltr'>Quamdiu</span> <span class='ocrx_word' id='word_1_135' title='bbox 1302 2532 1415 2586; x_wconf 89' lang='lat' dir='ltr'>autem</span> 
     </span>
     <span class='ocr_line' id='line_1_17' title="bbox 263 2623 1413 2708; baseline 0 -21"><span class='ocrx_word' id='word_1_136' title='bbox 263 2624 386 2708; x_wconf 87' lang='lat' dir='ltr'>passim</span> <span class='ocrx_word' id='word_1_137' title='bbox 402 2645 571 2706; x_wconf 85' lang='lat' dir='ltr'>vagamur,</span> <span class='ocrx_word' id='word_1_138' title='bbox 584 2645 650 2686; x_wconf 89' lang='lat' dir='ltr'>non</span> <span class='ocrx_word' id='word_1_139' title='bbox 666 2624 784 2687; x_wconf 87' lang='lat' dir='ltr'>ducem</span> <span class='ocrx_word' id='word_1_140' title='bbox 801 2625 916 2696; x_wconf 88' lang='lat' dir='ltr'>secuti,</span> <span class='ocrx_word' id='word_1_141' title='bbox 928 2624 986 2687; x_wconf 90' lang='lat' dir='ltr'>sed</span> <span class='ocrx_word' id='word_1_142' title='bbox 1003 2623 1169 2689; x_wconf 81' lang='lat' dir='ltr'>fremitum</span> <span class='ocrx_word' id='word_1_143' title='bbox 1186 2635 1220 2688; x_wconf 91' lang='lat' dir='ltr'>et</span> <span class='ocrx_word' id='word_1_144' title='bbox 1235 2623 1413 2688; x_wconf 90' lang='lat' dir='ltr'>clamorem</span> 
     </span>
     <span class='ocr_line' id='line_1_18' title="bbox 264 2729 1415 2807; baseline 0 -15"><span class='ocrx_word' id='word_1_145' title='bbox 264 2731 432 2792; x_wconf 85' lang='lat' dir='ltr'>dissonum</span> <span class='ocrx_word' id='word_1_146' title='bbox 457 2730 490 2791; x_wconf 91' lang='lat' dir='ltr'>in</span> <span class='ocrx_word' id='word_1_147' title='bbox 511 2729 641 2793; x_wconf 91' lang='lat' dir='ltr'>diversa</span> <span class='ocrx_word' id='word_1_148' title='bbox 660 2729 862 2807; x_wconf 90' lang='lat' dir='ltr'>vocantium,</span> <span class='ocrx_word' id='word_1_149' title='bbox 883 2739 1071 2792; x_wconf 89' lang='lat' dir='ltr'>conteretur</span> <span class='ocrx_word' id='word_1_150' title='bbox 1088 2729 1159 2792; x_wconf 90' lang='lat' dir='ltr'>vita</span> <span class='ocrx_word' id='word_1_151' title='bbox 1183 2731 1269 2794; x_wconf 88' lang='lat' dir='ltr'>inter</span> <span class='ocrx_word' id='word_1_152' title='bbox 1291 2750 1415 2793; x_wconf 88' lang='lat' dir='ltr'>errores</span> 
     </span>
     <span class='ocr_line' id='line_1_19' title="bbox 263 2832 1415 2916; baseline 0 -19"><span class='ocrx_word' id='word_1_153' title='bbox 263 2833 380 2910; x_wconf 91' lang='lat' dir='ltr'>brevis,</span> <span class='ocrx_word' id='word_1_154' title='bbox 411 2833 542 2896; x_wconf 89' lang='lat' dir='ltr'>etiamsi</span> <span class='ocrx_word' id='word_1_155' title='bbox 572 2832 627 2896; x_wconf 93' lang='lat' dir='ltr'>die</span> <span class='ocrx_word' id='word_1_156' title='bbox 659 2842 826 2916; x_wconf 90' lang='lat' dir='ltr'>noctuque</span> <span class='ocrx_word' id='word_1_157' title='bbox 862 2833 951 2896; x_wconf 85' lang='lat' dir='ltr'>bona</span> <span class='ocrx_word' id='word_1_158' title='bbox 981 2843 1094 2897; x_wconf 90' lang='lat' dir='ltr'>mente</span> <span class='ocrx_word' id='word_1_159' title='bbox 1125 2832 1346 2897; x_wconf 90' lang='lat' dir='ltr'>laboremus.</span> <span class='ocrx_word' id='word_1_160' title='bbox 1375 2882 1381 2896; x_wconf 96' lang='lat'><em>.</em></span> <span class='ocrx_word' id='word_1_161' title='bbox 1408 2884 1415 2897; x_wconf 90' lang='lat'><strong>.</strong></span> 
     </span>
     <span class='ocr_line' id='line_1_20' title="bbox 263 2935 1416 3020; baseline 0.003 -21"><span class='ocrx_word' id='word_1_162' title='bbox 263 2937 418 3020; x_wconf 87' lang='lat' dir='ltr'>quoniam</span> <span class='ocrx_word' id='word_1_163' title='bbox 434 2938 570 3020; x_wconf 91' lang='lat' dir='ltr'>quidem</span> <span class='ocrx_word' id='word_1_164' title='bbox 587 2957 654 3000; x_wconf 92' lang='lat' dir='ltr'>non</span> <span class='ocrx_word' id='word_1_165' title='bbox 669 2939 787 3000; x_wconf 90' lang='lat' dir='ltr'>eadem</span> <span class='ocrx_word' id='word_1_166' title='bbox 803 2937 857 3000; x_wconf 93' lang='lat' dir='ltr'>hic</span> <span class='ocrx_word' id='word_1_167' title='bbox 873 2957 960 3019; x_wconf 89' lang='lat' dir='ltr'>quae</span> <span class='ocrx_word' id='word_1_168' title='bbox 978 2935 1011 3000; x_wconf 92' lang='lat' dir='ltr'>in</span> <span class='ocrx_word' id='word_1_169' title='bbox 1027 2937 1164 3000; x_wconf 88' lang='lat' dir='ltr'>caeteris</span> <span class='ocrx_word' id='word_1_170' title='bbox 1180 2937 1416 3020; x_wconf 89' lang='lat' dir='ltr'>peregrinatio·</span> 
     </span>
     <span class='ocr_line' id='line_1_21' title="bbox 264 3040 1417 3125; baseline 0.002 -21"><span class='ocrx_word' id='word_1_171' title='bbox 264 3041 360 3104; x_wconf 86' lang='lat' dir='ltr'>nibus</span> <span class='ocrx_word' id='word_1_172' title='bbox 375 3042 522 3105; x_wconf 92' lang='lat' dir='ltr'>conditio</span> <span class='ocrx_word' id='word_1_173' title='bbox 547 3052 607 3106; x_wconf 92' lang='lat' dir='ltr'>est.</span> <span class='ocrx_word' id='word_1_174' title='bbox 656 3041 695 3104; x_wconf 91' lang='lat' dir='ltr'>ln</span> <span class='ocrx_word' id='word_1_175' title='bbox 718 3041 782 3104; x_wconf 89' lang='lat' dir='ltr'>illis</span> <span class='ocrx_word' id='word_1_176' title='bbox 803 3041 892 3104; x_wconf 90' lang='lat' dir='ltr'>enim</span> <span class='ocrx_word' id='word_1_177' title='bbox 914 3040 1171 3123; x_wconf 90' lang='lat' dir='ltr'>comprehensus</span> <span class='ocrx_word' id='word_1_178' title='bbox 1189 3040 1306 3125; x_wconf 89' lang='lat' dir='ltr'>aliquis</span> <span class='ocrx_word' id='word_1_179' title='bbox 1323 3041 1417 3106; x_wconf 87' lang='lat' dir='ltr'>limes</span> 
     </span>
     <span class='ocr_line' id='line_1_22' title="bbox 263 3143 1416 3228; baseline 0 -19"><span class='ocrx_word' id='word_1_180' title='bbox 263 3158 296 3209; x_wconf 92' lang='lat' dir='ltr'>et</span> <span class='ocrx_word' id='word_1_181' title='bbox 313 3146 507 3228; x_wconf 88' lang='lat' dir='ltr'>interrogati</span> <span class='ocrx_word' id='word_1_182' title='bbox 524 3145 651 3209; x_wconf 89' lang='lat' dir='ltr'>incolae</span> <span class='ocrx_word' id='word_1_183' title='bbox 662 3166 728 3209; x_wconf 89' lang='lat' dir='ltr'>non</span> <span class='ocrx_word' id='word_1_184' title='bbox 743 3146 916 3228; x_wconf 89' lang='lat' dir='ltr'>patiuntur</span> <span class='ocrx_word' id='word_1_185' title='bbox 926 3165 1043 3207; x_wconf 90' lang='lat' dir='ltr'>errare.</span> <span class='ocrx_word' id='word_1_186' title='bbox 1082 3145 1131 3208; x_wconf 83' lang='lat' dir='ltr'>At</span> <span class='ocrx_word' id='word_1_187' title='bbox 1143 3143 1416 3210; x_wconf 85' lang='lat' dir='ltr'>hictristissima¹</span> 
     </span>
     <span class='ocr_line' id='line_1_23' title="bbox 263 3249 1417 3333; baseline 0 -19"><span class='ocrx_word' id='word_1_188' title='bbox 263 3270 413 3333; x_wconf 88' lang='lat' dir='ltr'>quaeque</span> <span class='ocrx_word' id='word_1_189' title='bbox 444 3251 498 3314; x_wconf 87' lang='lat' dir='ltr'>via</span> <span class='ocrx_word' id='word_1_190' title='bbox 529 3259 562 3313; x_wconf 89' lang='lat' dir='ltr'>et</span> <span class='ocrx_word' id='word_1_191' title='bbox 594 3249 808 3314; x_wconf 89' lang='lat' dir='ltr'>celeberrima</span> <span class='ocrx_word' id='word_1_192' title='bbox 846 3250 992 3313; x_wconf 86' lang='lat' dir='ltr'>maxime</span> <span class='ocrx_word' id='word_1_193' title='bbox 1028 3249 1160 3333; x_wconf 89' lang='lat' dir='ltr'>decipit.</span> <span class='ocrx_word' id='word_1_194' title='bbox 1207 3249 1299 3313; x_wconf 92' lang='lat' dir='ltr'>Nihil</span> <span class='ocrx_word' id='word_1_195' title='bbox 1337 3271 1417 3333; x_wconf 85' lang='lat' dir='ltr'>ergo</span> 
     </span>
     <span class='ocr_line' id='line_1_24' title="bbox 265 3353 1417 3439; baseline 0.001 -23"><span class='ocrx_word' id='word_1_196' title='bbox 265 3355 371 3437; x_wconf 89' lang='lat' dir='ltr'>magis</span> <span class='ocrx_word' id='word_1_197' title='bbox 400 3353 636 3436; x_wconf 89' lang='lat' dir='ltr'>praestandum</span> <span class='ocrx_word' id='word_1_198' title='bbox 675 3364 726 3418; x_wconf 88' lang='lat' dir='ltr'>est</span> <span class='ocrx_word' id='word_1_199' title='bbox 755 3373 856 3436; x_wconf 90' lang='lat' dir='ltr'>quam</span> <span class='ocrx_word' id='word_1_200' title='bbox 889 3374 930 3418; x_wconf 91' lang='lat' dir='ltr'>ne</span> <span class='ocrx_word' id='word_1_201' title='bbox 960 3373 1115 3436; x_wconf 91' lang='lat' dir='ltr'>pecorum</span> <span class='ocrx_word' id='word_1_202' title='bbox 1146 3355 1210 3418; x_wconf 91' lang='lat' dir='ltr'>ritu</span> <span class='ocrx_word' id='word_1_203' title='bbox 1241 3375 1417 3439; x_wconf 91' lang='lat' dir='ltr'>sequamur</span> 
     </span>
     <span class='ocr_line' id='line_1_25' title="bbox 263 3458 1415 3541; baseline 0 -20"><span class='ocrx_word' id='word_1_204' title='bbox 263 3458 530 3522; x_wconf 89' lang='lat' dir='ltr'>antecedentium</span> <span class='ocrx_word' id='word_1_205' title='bbox 553 3478 699 3540; x_wconf 89' lang='lat' dir='ltr'>gregem,</span> <span class='ocrx_word' id='word_1_206' title='bbox 715 3468 910 3540; x_wconf 86' lang='lat' dir='ltr'>pergentem</span> <span class='ocrx_word' id='word_1_207' title='bbox 934 3478 1001 3522; x_wconf 86' lang='lat' dir='ltr'>non</span> <span class='ocrx_word' id='word_1_208' title='bbox 1025 3479 1092 3541; x_wconf 92' lang='lat' dir='ltr'>quo</span> <span class='ocrx_word' id='word_1_209' title='bbox 1111 3461 1255 3524; x_wconf 89' lang='lat' dir='ltr'>eundum</span> <span class='ocrx_word' id='word_1_210' title='bbox 1280 3470 1340 3537; x_wconf 91' lang='lat' dir='ltr'>est,</span> <span class='ocrx_word' id='word_1_211' title='bbox 1356 3460 1415 3524; x_wconf 89' lang='lat' dir='ltr'>sed</span> 
     </span>
     <span class='ocr_line' id='line_1_26' title="bbox 264 3561 1415 3647; baseline 0.002 -23"><span class='ocrx_word' id='word_1_212' title='bbox 264 3582 331 3644; x_wconf 91' lang='lat' dir='ltr'>quo</span> <span class='ocrx_word' id='word_1_213' title='bbox 346 3563 421 3626; x_wconf 92' lang='lat' dir='ltr'>itur.</span> <span class='ocrx_word' id='word_1_214' title='bbox 469 3561 575 3644; x_wconf 90' lang='lat' dir='ltr'>Atqui</span> <span class='ocrx_word' id='word_1_215' title='bbox 591 3561 681 3625; x_wconf 89' lang='lat' dir='ltr'>nulla</span> <span class='ocrx_word' id='word_1_216' title='bbox 695 3582 747 3625; x_wconf 88' lang='lat' dir='ltr'>res</span> <span class='ocrx_word' id='word_1_217' title='bbox 762 3583 822 3626; x_wconf 89' lang='lat' dir='ltr'>nos</span> <span class='ocrx_word' id='word_1_218' title='bbox 839 3561 1020 3644; x_wconf 89' lang='lat' dir='ltr'>majoribus</span> <span class='ocrx_word' id='word_1_219' title='bbox 1036 3563 1132 3626; x_wconf 90' lang='lat' dir='ltr'>malis</span> <span class='ocrx_word' id='word_1_220' title='bbox 1153 3563 1298 3647; x_wconf 90' lang='lat' dir='ltr'>implicat</span> <span class='ocrx_word' id='word_1_221' title='bbox 1316 3584 1415 3647; x_wconf 86' lang='lat' dir='ltr'>quam</span> 
     </span>
     <span class='ocr_line' id='line_1_27' title="bbox 264 3666 1415 3750; baseline 0.002 -22"><span class='ocrx_word' id='word_1_222' title='bbox 264 3667 354 3747; x_wconf 92' lang='lat' dir='ltr'>quod</span> <span class='ocrx_word' id='word_1_223' title='bbox 377 3666 421 3729; x_wconf 93' lang='lat' dir='ltr'>ad</span> <span class='ocrx_word' id='word_1_224' title='bbox 445 3685 611 3729; x_wconf 89' lang='lat' dir='ltr'>rumorem</span> <span class='ocrx_word' id='word_1_225' title='bbox 636 3667 876 3748; x_wconf 88' lang='lat' dir='ltr'>componimur,</span> <span class='ocrx_word' id='word_1_226' title='bbox 897 3668 1025 3748; x_wconf 90' lang='lat' dir='ltr'>optima</span> <span class='ocrx_word' id='word_1_227' title='bbox 1044 3667 1106 3730; x_wconf 88' lang='lat' dir='ltr'>rati</span> <span class='ocrx_word' id='word_1_228' title='bbox 1129 3688 1169 3730; x_wconf 93' lang='lat' dir='ltr'>ea</span> <span class='ocrx_word' id='word_1_229' title='bbox 1186 3688 1271 3750; x_wconf 86' lang='lat' dir='ltr'>quae</span> <span class='ocrx_word' id='word_1_230' title='bbox 1293 3688 1415 3750; x_wconf 90' lang='lat' dir='ltr'>magno</span> 
     </span>
     <span class='ocr_line' id='line_1_28' title="bbox 265 3767 1415 3853; baseline 0.003 -22"><span class='ocrx_word' id='word_1_231' title='bbox 265 3789 399 3832; x_wconf 88' lang='lat' dir='ltr'>assensu</span> <span class='ocrx_word' id='word_1_232' title='bbox 423 3780 556 3852; x_wconf 90' lang='lat' dir='ltr'>recepta</span> <span class='ocrx_word' id='word_1_233' title='bbox 571 3769 669 3834; x_wconf 91' lang='lat' dir='ltr'>sunt&#39;</span> <span class='ocrx_word' id='word_1_234' title='bbox 692 3782 727 3833; x_wconf 92' lang='lat' dir='ltr'>et</span> <span class='ocrx_word' id='word_1_235' title='bbox 742 3767 898 3834; x_wconf 80' lang='lat' dir='ltr'>caetera²</span> <span class='ocrx_word' id='word_1_236' title='bbox 913 3771 1000 3834; x_wconf 89' lang='lat' dir='ltr'>sicut</span> <span class='ocrx_word' id='word_1_237' title='bbox 1021 3773 1053 3834; x_wconf 91' lang='lat' dir='ltr'>in</span> <span class='ocrx_word' id='word_1_238' title='bbox 1075 3773 1182 3853; x_wconf 90' lang='lat' dir='ltr'>prima</span> <span class='ocrx_word' id='word_1_239' title='bbox 1204 3783 1296 3853; x_wconf 90' lang='lat' dir='ltr'>parte</span> <span class='ocrx_word' id='word_1_240' title='bbox 1316 3771 1415 3852; x_wconf 85' lang='lat' dir='ltr'>hujus</span> 
     </span>
     <span class='ocr_line' id='line_1_29' title="bbox 265 3874 1415 3958; baseline 0.001 -22"><span class='ocrx_word' id='word_1_241' title='bbox 265 3875 376 3955; x_wconf 84' lang='lat' dir='ltr'>operis</span> <span class='ocrx_word' id='word_1_242' title='bbox 390 3893 451 3936; x_wconf 88' lang='lat' dir='ltr'>suo</span> <span class='ocrx_word' id='word_1_243' title='bbox 475 3874 548 3937; x_wconf 93' lang='lat' dir='ltr'>loco</span> <span class='ocrx_word' id='word_1_244' title='bbox 566 3874 736 3938; x_wconf 90' lang='lat' dir='ltr'>collocavi.</span> <span class='ocrx_word' id='word_1_245' title='bbox 781 3875 914 3938; x_wconf 90' lang='lat' dir='ltr'>‘Nocet</span> <span class='ocrx_word' id='word_1_246' title='bbox 931 3875 1019 3938; x_wconf 91' lang='lat' dir='ltr'>enim</span> <span class='ocrx_word' id='word_1_247' title='bbox 1041 3875 1198 3958; x_wconf 89' lang='lat' dir='ltr'>applicari</span> <span class='ocrx_word' id='word_1_248' title='bbox 1215 3877 1415 3940; x_wconf 86' lang='lat' dir='ltr'>anteceden-</span> 
     </span>
    </p>
   </div>
   <div class='ocr_carea' id='block_1_5' title="bbox 265 3978 1416 4062">
    <p class='ocr_par' dir='ltr' id='par_1_6' title="bbox 265 3978 1416 4062">
     <span class='ocr_line' id='line_1_30' title="bbox 265 3978 1416 4062; baseline 0 -22"><span class='ocrx_word' id='word_1_249' title='bbox 265 3979 363 4053; x_wconf 89' lang='lat' dir='ltr'>tibus,</span> <span class='ocrx_word' id='word_1_250' title='bbox 394 3987 428 4041; x_wconf 92' lang='lat' dir='ltr'>et</span> <span class='ocrx_word' id='word_1_251' title='bbox 458 3979 538 4042; x_wconf 93' lang='lat' dir='ltr'>dum</span> <span class='ocrx_word' id='word_1_252' title='bbox 569 3979 795 4062; x_wconf 85' lang='lat' dir='ltr'>unusquisque</span> <span class='ocrx_word' id='word_1_253' title='bbox 826 3979 952 4043; x_wconf 90' lang='lat' dir='ltr'>mavult</span> <span class='ocrx_word' id='word_1_254' title='bbox 979 3979 1113 4042; x_wconf 88' lang='lat' dir='ltr'>credere</span> <span class='ocrx_word' id='word_1_255' title='bbox 1135 3998 1236 4060; x_wconf 91' lang='lat' dir='ltr'>quam</span> <span class='ocrx_word' id='word_1_256' title='bbox 1256 3978 1416 4060; x_wconf 86' lang='lat' dir='ltr'>judicare,</span> 
     </span>
    </p>
   </div>
   <div class='ocr_carea' id='block_1_6' title="bbox 265 4081 1542 4372">
    <p class='ocr_par' dir='ltr' id='par_1_7' title="bbox 265 4081 1542 4372">
     <span class='ocr_line' id='line_1_31' title="bbox 266 4081 1418 4166; baseline -0.001 -21"><span class='ocrx_word' id='word_1_257' title='bbox 266 4102 435 4165; x_wconf 89' lang='lat' dir='ltr'>nunquam</span> <span class='ocrx_word' id='word_1_258' title='bbox 451 4082 577 4146; x_wconf 87' lang='lat' dir='ltr'>devita</span> <span class='ocrx_word' id='word_1_259' title='bbox 589 4081 803 4164; x_wconf 89' lang='lat' dir='ltr'>judicatur..</span> <span class='ocrx_word' id='word_1_260' title='bbox 822 4129 830 4144; x_wconf 88' lang='lat'><strong>.</strong></span> <span class='ocrx_word' id='word_1_261' title='bbox 847 4081 1047 4146; x_wconf 87' lang='lat' dir='ltr'>Sanabimur</span> <span class='ocrx_word' id='word_1_262' title='bbox 1063 4083 1089 4145; x_wconf 89' lang='lat' dir='ltr'>si</span> <span class='ocrx_word' id='word_1_263' title='bbox 1111 4085 1214 4146; x_wconf 93' lang='lat' dir='ltr'>modo</span> <span class='ocrx_word' id='word_1_264' title='bbox 1226 4102 1418 4166; x_wconf 88' lang='lat' dir='ltr'>separemur</span> 
     </span>
     <span class='ocr_line' id='line_1_32' title="bbox 265 4181 417 4251; baseline 0 -3"><span class='ocrx_word' id='word_1_265' title='bbox 265 4209 285 4248; x_wconf 87' lang='lat' dir='ltr'>a</span> <span class='ocrx_word' id='word_1_266' title='bbox 300 4181 417 4251; x_wconf 64' lang='lat' dir='ltr'>coetu!</span> 
     </span>
     <span class='ocr_line' id='line_1_33' title="bbox 310 4289 1542 4372; baseline -0.001 -21"><span class='ocrx_word' id='word_1_267' title='bbox 310 4289 406 4352; x_wconf 92' lang='lat' dir='ltr'>‘Non</span> <span class='ocrx_word' id='word_1_268' title='bbox 429 4299 478 4353; x_wconf 88' lang='lat' dir='ltr'>est</span> <span class='ocrx_word' id='word_1_269' title='bbox 502 4292 592 4371; x_wconf 89' lang='lat' dir='ltr'>quod</span> <span class='ocrx_word' id='word_1_270' title='bbox 615 4290 695 4353; x_wconf 93' lang='lat' dir='ltr'>mihi</span> <span class='ocrx_word' id='word_1_271' title='bbox 719 4290 800 4354; x_wconf 95' lang='lat' dir='ltr'>illud</span> <span class='ocrx_word' id='word_1_272' title='bbox 822 4291 1060 4354; x_wconf 90' lang='lat' dir='ltr'>discessionum</span> <span class='ocrx_word' id='word_1_273' title='bbox 1084 4309 1176 4352; x_wconf 90' lang='lat' dir='ltr'>more</span> <span class='ocrx_word' id='word_1_274' title='bbox 1199 4290 1542 4372; x_wconf 66' lang='lat' dir='ltr'>respondeasmevita</span> 
     </span>
    </p>
   </div>
   <div class='ocr_carea' id='block_1_7' title="bbox 1431 4369 1517 4427">
    <p class='ocr_par' dir='ltr' id='par_1_8' title="bbox 1431 4369 1517 4427">
     <span class='ocr_line' id='line_1_34' title="bbox 1431 4369 1517 4427; baseline -0.012 -10"><span class='ocrx_word' id='word_1_275' title='bbox 1431 4369 1517 4427; x_wconf 77' lang='lat' dir='ltr'>Beata,</span> 
     </span>
    </p>
   </div>
   <div class='ocr_carea' id='block_1_8' title="bbox 266 4386 1522 4498">
    <p class='ocr_par' dir='ltr' id='par_1_9' title="bbox 266 4386 1522 4498">
     <span class='ocr_line' id='line_1_35' title="bbox 266 4386 1522 4498; baseline 0.001 -43"><span class='ocrx_word' id='word_1_276' title='bbox 266 4399 282 4426; x_wconf 90' lang='lat'>‘·</span> <span class='ocrx_word' id='word_1_277' title='bbox 295 4393 388 4457; x_wconf 87' lang='lat' dir='ltr'>Haec</span> <span class='ocrx_word' id='word_1_278' title='bbox 401 4386 508 4480; x_wconf 85' lang='lat' dir='ltr'>[pars]</span> <span class='ocrx_word' id='word_1_279' title='bbox 523 4393 628 4474; x_wconf 83' lang='lat' dir='ltr'>major</span> <span class='ocrx_word' id='word_1_280' title='bbox 642 4415 716 4458; x_wconf 87' lang='lat' dir='ltr'>esse</span> <span class='ocrx_word' id='word_1_281' title='bbox 731 4392 908 4459; x_wconf 90' lang='lat' dir='ltr'>videtur”:</span> <span class='ocrx_word' id='word_1_282' title='bbox 924 4394 1000 4458; x_wconf 90' lang='lat' dir='ltr'>ideo</span> <span class='ocrx_word' id='word_1_283' title='bbox 1015 4394 1103 4456; x_wconf 91' lang='lat' dir='ltr'>enim</span> <span class='ocrx_word' id='word_1_284' title='bbox 1120 4393 1214 4476; x_wconf 88' lang='lat' dir='ltr'>pejor</span> <span class='ocrx_word' id='word_1_285' title='bbox 1231 4404 1291 4458; x_wconf 91' lang='lat' dir='ltr'>est.</span> <span class='ocrx_word' id='word_1_286' title='bbox 1339 4393 1417 4456; x_wconf 93' lang='lat' dir='ltr'>Non</span> <span class='ocrx_word' id='word_1_287' title='bbox 1431 4449 1486 4498; x_wconf 71' lang='lat' dir='ltr'>up.</span> <span class='ocrx_word' id='word_1_288' title='bbox 1501 4448 1522 4486; x_wconf 36' lang='grc' dir='ltr'>,Ι</span> 
     </span>
    </p>
   </div>
   <div class='ocr_carea' id='block_1_9' title="bbox 266 4493 1418 4585">
    <p class='ocr_par' dir='ltr' id='par_1_10' title="bbox 266 4493 1418 4585">
     <span class='ocr_line' id='line_1_36' title="bbox 266 4493 1418 4585; baseline 0 -25"><span class='ocrx_word' id='word_1_289' title='bbox 266 4508 336 4561; x_wconf 88' lang='lat' dir='ltr'>tam</span> <span class='ocrx_word' id='word_1_290' title='bbox 366 4499 452 4563; x_wconf 84' lang='lat' dir='ltr'>bene</span> <span class='ocrx_word' id='word_1_291' title='bbox 475 4517 551 4561; x_wconf 90' lang='lat' dir='ltr'>cum</span> <span class='ocrx_word' id='word_1_292' title='bbox 574 4499 672 4562; x_wconf 89' lang='lat' dir='ltr'>rebus</span> <span class='ocrx_word' id='word_1_293' title='bbox 694 4498 848 4563; x_wconf 85' lang='lat' dir='ltr'>humanis</span> <span class='ocrx_word' id='word_1_294' title='bbox 870 4500 981 4581; x_wconf 83' lang='lat' dir='ltr'>agitur</span> <span class='ocrx_word' id='word_1_295' title='bbox 1008 4493 1076 4585; x_wconf 88' lang='lat' dir='ltr'>[ut]</span> <span class='ocrx_word' id='word_1_296' title='bbox 1104 4496 1240 4561; x_wconf 89' lang='lat' dir='ltr'>meliora</span> <span class='ocrx_word' id='word_1_297' title='bbox 1269 4497 1418 4579; x_wconf 91' lang='lat' dir='ltr'>pluribus</span> 
     </span>
    </p>
   </div>
   <div class='ocr_carea' id='block_1_10' title="bbox 396 4667 1305 4731">
    <p class='ocr_par' dir='ltr' id='par_1_11' title="bbox 396 4667 1305 4731">
     <span class='ocr_line' id='line_1_37' title="bbox 396 4667 1305 4731; baseline -0.002 -13"><span class='ocrx_word' id='word_1_298' title='bbox 396 4667 405 4697; x_wconf 88' lang='lat'>¹</span> <span class='ocrx_word' id='word_1_299' title='bbox 423 4667 576 4730; x_wconf 77' lang='lat' dir='ltr'>certissIna,</span> <span class='ocrx_word' id='word_1_300' title='bbox 588 4668 621 4719; x_wconf 93' lang='lat'>0.</span> <span class='ocrx_word' id='word_1_301' title='bbox 1062 4668 1072 4697; x_wconf 82' lang='lat'><strong>¹</strong></span> <span class='ocrx_word' id='word_1_302' title='bbox 1088 4667 1140 4717; x_wconf 85' lang='lat' dir='ltr'>See</span> <span class='ocrx_word' id='word_1_303' title='bbox 1152 4667 1201 4717; x_wconf 88' lang='lat' dir='ltr'>vol.</span> <span class='ocrx_word' id='word_1_304' title='bbox 1216 4668 1232 4719; x_wconf 87' lang='lat' dir='ltr'>i.</span> <span class='ocrx_word' id='word_1_305' title='bbox 1244 4683 1268 4731; x_wconf 90' lang='lat' dir='ltr'>p.</span> <span class='ocrx_word' id='word_1_306' title='bbox 1280 4683 1305 4730; x_wconf 76' lang='lat'>5.</span> 
     </span>
    </p>
   </div>
   <div class='ocr_carea' id='block_1_11' title="bbox 0 0 1783 5359">
    <p class='ocr_par' dir='ltr' id='par_1_12' title="bbox 0 0 1783 5359">
     <span class='ocr_line' id='line_1_38' title="bbox 0 0 1783 5359; baseline 0 0"><span class='ocrx_word' id='word_1_307' title='bbox 0 0 1783 5359; x_wconf 95' lang='lat' dir='ltr'> </span> 
     </span>
    </p>
   </div>
  </div>
 </body>
</html>
