3542 5359
371 608 428 668 190
611 592 766 652 OPERIS
789 592 980 662 MAJORIS
1002 591 1118 652 PARS
1142 591 1292 652 SEXTA.

367 756 410 821 ad
436 755 546 820 locum
571 756 714 839 priorem
738 755 834 834 iridis,
855 755 902 819 ita
923 754 1014 837 quod
1040 765 1176 839 propter
1198 753 1523 838 approximationem

367 860 511 925 videntis
529 859 599 942 jam
622 879 689 923 non
712 860 876 924 invenitur
891 858 985 924 locus
1007 859 1095 922 idem
1118 859 1267 943 eJ'usdem
1290 858 1524 941 dispositionis

368 965 471 1028 immo
494 963 612 1029 clarior
634 984 734 1047 quarn
757 964 939 1046 requiratur
965 964 1008 1027 ad
1031 963 1121 1028 iridis
1142 962 1396 1047 apparitionem.
1443 961 1523 1025 Non

367 1069 503 1132 enimin
520 1069 608 1132 omni
624 1068 712 1133 dicta
727 1066 791 1132 loci
809 1067 1028 1155 dispositione
1048 1076 1159 1150 potest
1179 1086 1350 1151 apparere,
1365 1065 1523 1148 quoniam

367 1171 446 1238 licet
461 1173 599 1236 materia
613 1173 656 1236 sit
672 1172 782 1236 rorida
796 1192 902 1254 usque
920 1173 963 1234 ad
985 1171 1128 1247 oculum,
1145 1191 1212 1236 non
1227 1181 1341 1236 tamen
1356 1168 1524 1234 videbitur

367 1276 428 1340 nisi
458 1276 490 1340 in
521 1276 595 1340 loco
624 1274 879 1360 proportionalis
908 1275 1138 1351 obscuritatis;
1171 1275 1247 1338 ideo
1274 1282 1408 1356 oportet
1431 1273 1522 1357 quod

367 1380 455 1444 basis
471 1381 652 1463 pyramidis
666 1381 765 1444 cadat
780 1381 813 1443 in
829 1379 919 1443 nube
938 1378 1074 1443 ulterius
1090 1378 1123 1443 in
1137 1377 1212 1442 loco
1227 1378 1361 1443 debitae
1376 1377 1523 1443 obscuri-

367 1484 454 1550 tatis.
500 1485 547 1550 Et
572 1485 618 1550 sic
640 1494 714 1549 tota
737 1484 883 1567 pyramis
911 1492 1020 1548 mutat
1044 1483 1153 1548 locum
1181 1485 1364 1547 secundum
1392 1492 1522 1545 motum

367 1589 565 1673 aspicientis,
580 1610 619 1654 ac
639 1590 665 1652 si
683 1598 833 1670 portetur
848 1588 996 1670 pyramis
1011 1598 1089 1652 ante
1105 1587 1222 1652 faciem
1238 1587 1382 1651 hominis
1403 1586 1521 1650 ambu-

367 1692 477 1769 lantis,
489 1691 583 1775 cujus
599 1713 702 1757 conus
721 1692 763 1756 sit
778 1693 811 1755 in
827 1692 924 1756 oculo
940 1689 1037 1770 fixus,
1054 1701 1088 1756 et
1102 1711 1221 1773 eorpus
1230 1691 1300 1773 ejus
1321 1690 1524 1754 extendatur

366 1797 400 1859 in
415 1817 491 1861 aere
507 1817 610 1878 usque
630 1797 674 1860 ad
690 1797 798 1861 locum
815 1796 915 1872 iridis,
931 1797 988 1859 ubi
1009 1805 1145 1879 propter
1159 1795 1351 1859 distantiam
1366 1793 1411 1856 ab
1425 1792 1523 1856 oculo

367 1899 531 1965 invenitur
547 1899 745 1965 umbrositas
766 1910 903 1984 propter
919 1900 1169 1981 spissitudinem
1186 1918 1347 1980 vaporum
1368 1907 1403 1962 et
1424 1895 1522 1961 nubis

367 2005 606 2070 obumbrantis.
652 2005 698 2068 Et
724 2015 777 2069 est
802 2003 911 2069 simile
933 2005 976 2068 de
1000 2003 1134 2067 homine
1159 2003 1340 2087 aspiciente
1363 2020 1522 2084 vaporem

367 2108 562 2172 nebulosum
587 2130 608 2173 a
634 2108 734 2192 longe
756 2128 855 2192 quem
878 2109 990 2172 videre
1016 2127 1084 2171 non
1111 2116 1223 2190 potest
1248 2108 1291 2171 de
1315 2126 1428 2188 prope,
1443 2123 1521 2168 nam

367 2222 504 2297 propter
524 2213 716 2277 distantiam
739 2211 930 2275 debilitatur
950 2210 1076 2293 speeies
1094 2211 1191 2287 visus,
1207 2221 1241 2274 et
1262 2218 1376 2294 potest
1398 2229 1418 2271 a
1440 2208 1522 2290 spis·

366 2316 511 2380 situdine
525 2336 687 2397 vaporum
705 2315 884 2394 terminari,
900 2336 999 2399 quem
1016 2316 1059 2379 de
1079 2336 1185 2400 prope
1205 2323 1315 2398 potest
1330 2321 1522 2396 penetrare;

366 2431 400 2483 et
423 2431 559 2502 propter
575 2420 637 2484 hoc
660 2430 754 2503 patet
771 2421 862 2502 quod
887 2420 963 2484 licet
985 2419 1109 2503 ubique
1130 2419 1174 2484 sit
1195 2419 1228 2482 in
1251 2417 1390 2482 materia
1412 2416 1523 2481 rorida

367 2522 513 2602 reflexio,
537 2533 650 2587 tamen
675 2544 743 2588 non
771 2524 892 2606 ubique
917 2533 1056 2607 apparet
1081 2524 1145 2603 iris,
1165 2523 1224 2588 sed
1250 2523 1284 2586 in
1310 2522 1386 2586 loco
1413 2522 1521 2585 deter-

368 2627 504 2691 minato.
551 2626 607 2692 Sic
623 2627 762 2693 solvitur
777 2625 853 2693 illa1
869 2627 1012 2711 objectio
1028 2630 1144 2710 prima.

413 2730 567 2796 Secunda
585 2742 679 2816 patet
699 2752 744 2795 ex
764 2733 883 2796 eodem
897 2755 905 2811 ;
928 2752 1006 2796 nam
1023 2752 1089 2795 non
1105 2740 1217 2795 manet
1232 2731 1284 2795 hic
1300 2730 1389 2793 idem
1404 2748 1521 2811 specu·

366 2835 447 2913 lum,
463 2857 523 2900 nec
547 2837 580 2899 in
603 2837 720 2902 eodem
745 2835 831 2912 loco,
847 2846 982 2919 propter
1000 2836 1249 2901 umbrositatem
1269 2854 1354 2918 quae
1377 2833 1522 2916 exigitur

367 2941 410 3003 ad
426 2941 667 3023 apparitionem
683 2940 840 3018 colorum,
855 2949 890 3004 et
905 2940 980 3004 ideo
996 2960 1082 3003 nunc
1103 2939 1137 3003 in
1157 2959 1222 3004 una
1236 2947 1330 3021 parte
1346 2937 1521 3002 rorationis

367 3054 506 3126 apparet
521 3045 584 3122 iris,
600 3065 686 3108 nunc
703 3045 735 3107 in
751 3044 824 3109 alia

412 3147 448 3210 Si
469 3148 600 3225 dicitur,
615 3149 706 3230 quod
728 3157 822 3213 moto
838 3149 972 3212 vidente
995 3147 1038 3210 ad
1057 3145 1218 3211 orientem
1239 3145 1289 3209 sol
1310 3155 1462 3209 movetur
1476 3142 1520 3208 ad

367 3251 572 3314 occidentem
583 3249 604 3327 ²,
627 3251 703 3315 ideo
729 3263 889 3334 punctum
916 3251 1103 3316 reflexionis
1132 3251 1316 3315 mutabitur
1337 3249 1520 3313 secundum

367 3364 495 3418 motum
519 3354 608 3432 solis,
624 3366 658 3420 et
680 3357 755 3420 ideo
779 3358 917 3420 accedet
941 3357 995 3420 iris
1019 3356 1063 3419 ad
1088 3353 1193 3419 solem
1220 3353 1325 3438 magis
1348 3373 1449 3436 quarn
1476 3354 1520 3417 ad

365 3457 544 3532 videntem,
563 3468 656 3542 patet
681 3479 740 3541 per
762 3459 952 3544 supradicta
974 3459 1065 3542 quod
1091 3479 1177 3536 n0n;
1207 3459 1286 3541 quia
1310 3467 1419 3522 motus
1442 3456 1522 3520 solis

367 3561 410 3624 ad
440 3562 600 3626 orientem
634 3563 668 3626 in
699 3564 781 3626 hora
813 3563 1031 3646 apparitionis
1060 3561 1153 3626 iridis
1179 3572 1230 3626 est
1256 3560 1463 3641 insensibilis,
1486 3571 1520 3626 et

369 3666 444 3728 ideo
466 3667 660 3731 aestimatur
680 3679 776 3748 stare,
798 3669 832 3731 id
856 3676 996 3732 estnon
1019 3666 1141 3731 moveri
1164 3667 1207 3730 ad
1230 3666 1446 3731 occidentem.

766 3929 993 3995 Cnmrusunr
1016 3928 1116 3993 VIII.

198 4109 276 4159 what
412 4082 478 4148 Sed
503 4092 581 4148 tunc
604 4093 698 4166 patet
720 4104 779 4166 per
801 4082 873 4161 hoc,
893 4085 985 4166 quod
1007 4081 1086 4146 nihil
1109 4082 1170 4146 erit
1192 4083 1226 4146 in
1251 4080 1325 4146 loco
1347 4080 1437 4145 iridis
1460 4080 1521 4144 nisi

196 4177 336 4291 ffifffi}
365 4187 558 4270 apparentia
581 4187 739 4268 colorum,
760 4197 794 4252 et
817 4208 884 4250 non
907 4189 969 4251 erit
992 4187 1053 4252 nisi
1077 4187 1212 4269 quando
1235 4195 1384 4267 apparet.
1430 4185 1520 4248 Nam

198 4307 315 4356 nebow.
366 4293 491 4355 dictum
514 4293 669 4374 estquod
685 4290 867 4355 secundum
888 4291 1113 4355 diversitatem
1132 4289 1361 4373 aspicientium
1383 4289 1519 4353 diversi-

367 4395 481 4459 ficatur
496 4396 559 4459 iris.
605 4395 673 4460 Sed
689 4404 842 4477 aspectus
863 4414 931 4457 non
952 4395 1030 4459 facit
1049 4393 1185 4458 colores.
1229 4394 1330 4458 Visus
1346 4394 1435 4456 enim
1454 4413 1521 4456 non

561 4563 570 4592 ¹
587 4563 638 4624 ilia,
650 4563 758 4613 omitted
770 4563 796 4611 in
806 4562 881 4623 Jebb.

560 4640 570 4669 ²
586 4641 626 4690 sol
638 4650 755 4691 movetur
765 4642 798 4691 ad
811 4641 982 4703 occidentem,
994 4641 1101 4692 omitted
1112 4642 1138 4690 in
1149 4641 1174 4702 J.
