3542 5359
414 629 609 689 MORALIS
633 629 951 689 PHILOSOPHIA:
984 628 1099 690 PARS
1127 625 1292 690 TERTIA.
1366 645 1427 708 345

277 791 413 874 sapiens
441 793 499 874 qui
528 791 601 858 vult
630 793 754 857 habere
779 791 921 869 divitias,
943 802 976 856 et
999 813 1065 857 non
1087 794 1159 858 vult
1185 815 1257 858 esse
1279 814 1425 877 pauper:

276 896 419 977 qualiter
440 898 483 960 ad
507 917 565 960 eas
594 917 631 961 se
660 899 763 961 debet
793 897 924 976 habere,
947 917 1075 980 ponens
1097 897 1318 961 differentiam
1341 899 1426 962 inter

276 1020 372 1063 usum
388 1002 548 1082 sapientis
562 1011 596 1063 et
610 1000 799 1064 stultorum.
846 1000 934 1064 Nam
951 1000 1043 1065 stulti
1058 1001 1156 1083 hujus
1173 1003 1286 1067 mundi
1303 1002 1426 1065 divitiis

196 1117 201 1124 ’
275 1105 464 1169 abutuntur.
502 1103 643 1187 Sapiens
654 1124 734 1168 vero
746 1106 833 1169 sicut
848 1105 957 1169 malus
971 1107 1154 1170 necessaria
1166 1107 1253 1170 vitae
1269 1106 1425 1189 requirit:

275 1218 309 1272 et
331 1208 378 1272 sic
401 1229 445 1271 ex
474 1209 680 1273 abundantia
709 1221 846 1291 propter
874 1209 1034 1274 utilitates
1065 1211 1180 1274 mundi
1202 1209 1275 1274 vult
1303 1211 1426 1274 habere

275 1314 455 1377 necessaria
476 1313 540 1376 sibi
562 1323 597 1376 et
618 1314 692 1376 aliis
713 1323 751 1376 ut
774 1314 997 1396 indigentibus
1019 1315 1203 1392 subveniat,
1227 1324 1260 1378 et
1291 1314 1426 1397 negotia

276 1417 477 1499 reipublicae
500 1427 629 1482 tractet.
676 1418 722 1480 Et
745 1418 793 1482 ita
815 1438 891 1481 cum
915 1429 1051 1501 propter
1073 1419 1249 1483 honestum
1272 1417 1372 1482 finem
1391 1430 1425 1482 et

275 1521 390 1584 utilem
412 1522 544 1585 divitias
570 1523 751 1605 possideat,
773 1542 839 1586 non
859 1523 993 1587 amittet
1015 1523 1180 1596 virtutem,
1197 1543 1297 1606 quam
1319 1522 1425 1587 malus

274 1627 394 1709 perdet
416 1637 554 1709 propter
575 1626 716 1690 abusum
740 1627 938 1690 divitiarum.
984 1629 1076 1692 Dicit
1098 1648 1178 1710 ergo
1199 1630 1282 1693 ‘ista
1303 1630 1426 1693 debere

274 1732 441 1794 contemni
457 1751 478 1792 a
497 1731 646 1813 sapiente
665 1749 731 1795 non
752 1751 796 1793 ne
814 1731 945 1810 babeat,
966 1733 1024 1794 sed
1050 1753 1091 1796 ne
1112 1731 1271 1797 sollicitus
1292 1732 1423 1797 habeat.

276 1834 354 1897 Non
369 1835 473 1916 abigit
489 1832 545 1897 illa
555 1856 576 1898 a
587 1837 700 1912 se,sed
712 1836 871 1900 abeuntia
882 1856 1017 1899 securus
1028 1837 1246 1918 prosequitur.
1282 1837 1425 1900 Divitias

275 1940 410 2020 quidem
426 1939 483 2002 ubi
498 1940 603 2004 tutius
618 1940 748 2003 fortuna
763 1939 911 2022 deponet
922 1960 1024 2022 quam
1037 1940 1092 2016 ibi,
1105 1943 1192 2004 unde
1208 1941 1278 2004 sine
1290 1941 1424 2024 querela

276 2043 443 2106 reddentis
465 2054 635 2127 receptura
658 2049 751 2107 est?.
777 2091 785 2106 .
808 2089 816 2106 .
842 2044 920 2108 Non
943 2053 1035 2109 amat
1057 2047 1188 2127 sapiens
1211 2045 1343 2109 divitias
1365 2047 1424 2109 sed

276 2147 411 2210 mavult.
458 2148 536 2210 Non
553 2150 586 2210 in
602 2149 748 2211 animum
765 2148 837 2211 illas
852 2150 910 2212 sed
928 2149 959 2210 in
976 2150 1113 2214 domum
1130 2149 1245 2231 recipit
1262 2195 1269 2210 .
1287 2195 1294 2210 .
1312 2149 1328 2210 .’

319 2251 365 2314 Et
398 2251 502 2316 stulto
534 2252 681 2335 loquitur
716 2252 824 2316 ‘Mihi
857 2253 884 2316 si
918 2248 1084 2340 [divitiae]
1119 2253 1314 2331 effluxerint,
1344 2252 1423 2316 nihil
1438 2265 1551 2329 Capu.

274 2354 424 2419 auferent
440 2357 501 2421 nisi
517 2365 623 2420 semet
639 2359 749 2440 ipsas3
771 2367 808 2421 tu
825 2359 985 2442 stupebis,
1000 2368 1035 2422 et
1050 2357 1216 2422 videberis
1231 2357 1290 2420 tibi
1306 2357 1425 2423 sinete

275 2460 414 2535 relictus,
430 2462 458 2524 si
481 2460 557 2524 illae
579 2483 600 2525 a
622 2471 655 2525 te
678 2463 880 2526 recesserint.
925 2461 1031 2547 Apud
1055 2483 1109 2526 me
1126 2463 1262 2525 divitiae
1280 2460 1424 2543 aliquem

274 2563 384 2628 locum
405 2564 537 2641 habent,
559 2567 648 2647 apud
673 2576 708 2630 te
728 2585 896 2630 summum
912 2615 919 2630 .
937 2615 945 2631 .
963 2613 971 2629 .
989 2568 1135 2632 Divitiae
1157 2587 1251 2630 meae
1269 2577 1365 2630 sunt:
1387 2577 1424 2629 tu

274 2670 459 2734 divitiarum
477 2669 530 2734 es'

319 2774 491 2838 ‘Habebit
512 2774 730 2857 philosophus
750 2774 879 2858 amplas
895 2795 986 2856 opes,
1001 2775 1058 2838 sed
1080 2774 1160 2837 nulli
1181 2774 1346 2838 detractas
1363 2793 1424 2837 nec
1438 2789 1501 2854 Cap.
1514 2803 1552 2851 23.

274 2875 383 2941 alieno
406 2881 566 2962 sanguine
589 2889 749 2955 cruentas,
765 2879 837 2944 sine
855 2878 1051 2961 cujusquam
1073 2878 1190 2961 injuria
1211 2890 1331 2960 partas,
1354 2880 1425 2942 sine

274 2981 417 3047 sordidis
439 2985 641 3065 quaestibus,
657 3004 796 3067 quarum
820 2994 890 3047 tam
922 2983 1080 3048 honestus
1109 2984 1152 3046 sit
1182 2984 1294 3048 exitus
1324 3003 1424 3064 quam

275 3084 437 3161 introitus,
452 3088 572 3169 quibus
588 3107 686 3151 nemo
701 3089 895 3172 ingemiscat
911 3089 973 3152 nisi
990 3087 1178 3170 malignus.
1196 3133 1202 3148 .
1219 3133 1227 3149 .
1247 3087 1307 3150 llle
1323 3089 1424 3170 patri-

275 3191 389 3255 monio
403 3213 464 3256 suo
483 3213 541 3275 per
555 3193 696 3256 honesta
709 3193 864 3274 quaesito
879 3211 940 3256 nec
960 3191 1154 3274 gloriabitur
1169 3212 1228 3257 nec
1243 3194 1424 3256 erubescet.

276 3294 425 3358 Habebit
442 3346 449 3360 .
465 3343 473 3357 .
490 3344 498 3358 .
514 3318 582 3378 quo
602 3297 761 3379 glorietur
780 3299 808 3360 si
830 3306 946 3381 aperta
970 3297 1072 3360 domo
1093 3307 1127 3360 et
1147 3297 1292 3361 admissa
1316 3297 1349 3360 in
1373 3317 1425 3361 res

274 3419 351 3462 suas
373 3401 508 3465 civitate
531 3402 654 3482 poterit
677 3401 804 3479 dicere;
835 3403 925 3484 quod
949 3402 1089 3484 quisque
1119 3402 1291 3485 agnoverit
1318 3401 1423 3465 tollat.

275 3502 307 3568 Ο
321 3523 479 3585 magnum
491 3505 608 3582 virum,
620 3507 748 3588 optime
759 3506 917 3570 divitem!
935 3553 941 3568 .
959 3555 966 3569 .
984 3506 1145 3570 .Veniant
1162 3501 1424 3593 [divitiae],h0s·

276 3609 432 3690 pitentur.
479 3609 550 3673 Nec
562 3609 704 3691 jactabit
720 3609 793 3674 illas
809 3630 869 3675 nec
885 3611 1087 3688 abscondet;
1114 3611 1265 3684 alterum,
1279 3609 1423 3674 infruniti

274 3711 399 3776 animi¹
422 3724 482 3790 est,
505 3713 645 3778 alterurn
668 3714 777 3777 timidi
805 3725 839 3779 et
861 3714 971 3798 pusilli
995 3762 1003 3778 .
1028 3762 1035 3775 .
1059 3761 1066 3776 .
1091 3715 1239 3778 Habebit
1262 3734 1343 3796 opes
1364 3715 1423 3778 sed

275 3827 435 3899 tanquam
458 3817 546 3882 leves
569 3829 603 3882 et
636 3817 843 3882 evolaturas:
874 3839 936 3882 nec
965 3817 1022 3882 alii
1045 3839 1104 3881 nec
1127 3818 1189 3882 sibi
1213 3837 1331 3900 graves
1353 3838 1424 3881 esse

273 3924 420 4004 patietur
443 3971 451 3986 .
474 3969 482 3985 .
507 3923 682 3988 .D0nabit
699 3924 796 3987 bonis
820 3970 827 3985 .
851 3972 858 3987 .
883 3970 891 3985 .
914 3934 973 3988 aut
995 3923 1042 3986 eis
1065 3942 1149 4004 quos
1171 3923 1279 3986 facere
1301 3923 1423 4004 poterit

273 4028 389 4090 bonos.
436 4028 587 4092 Donabit
602 4047 677 4091 cum
694 4048 827 4092 summo
842 4027 978 4092 consilio
993 4027 1206 4110 dignissimos
1225 4025 1372 4108 eligens.
1390 4074 1397 4089 .
1414 4076 1421 4091 .

275 4131 427 4196 Donabit
449 4152 495 4196 ex
517 4144 609 4197 recta
631 4143 665 4196 et
687 4131 851 4214 probabili
884 4151 993 4196 causa.
1041 4126 1162 4218 [Nam]
1198 4131 1282 4194 inter
1311 4139 1424 4212 turpes

270 4237 417 4318 jacturas
438 4236 563 4299 malum
587 4257 708 4300 munus
723 4247 795 4300 est:
818 4235 956 4300 habebit
974 4236 1082 4299 sinum
1106 4235 1245 4310 facilem,
1262 4253 1329 4297 non
1351 4255 1423 4317 per-

272 4342 425 4419 foratum,
440 4361 484 4404 ex
499 4361 568 4424 quo
583 4339 689 4404 multa
704 4350 828 4403 exeant
845 4350 879 4404 et
896 4339 977 4404 nihil
991 4336 1144 4403 excidat?

316 4443 382 4508 ‘Et
403 4445 467 4509 hoc
488 4446 633 4527 primum
651 4444 839 4522 attendite;
860 4444 949 4507 aliud
973 4451 1023 4508 est
1046 4441 1214 4508 studiosus
1232 4442 1422 4524 sapientiae,
1436 4451 1498 4517 Cap.
1513 4467 1550 4515 ²4·

272 4547 363 4613 aliud
376 4549 447 4632 jam
463 4549 604 4632 adeptus
620 4547 823 4632 sapientiam
869 4546 931 4610 Ille
950 4548 1011 4612 tibi
1027 4546 1126 4625 dicet,
1141 4546 1281 4630 Optime
1297 4545 1422 4628 loquor,

722 4667 731 4696 ¹
747 4681 845 4730 aurum,
859 4665 891 4716 D.
904 4674 931 4715 et
943 4666 976 4716 0.
