3542 5359
399 645 593 706 MORALIS
617 646 915 706 PHILOSOPHIA
927 669 938 703 :
967 647 1082 707 PARS
1105 648 1253 707 PRIMA.
1346 665 1406 726 245

254 817 334 880 dum
360 816 576 895 Avicennam,
600 817 745 882 seculum
776 818 994 902 intelligibile,
1016 827 1051 882 et
1077 820 1282 883 describetur
1308 819 1341 882 in
1367 839 1407 884 ea

255 918 360 984 forma
377 922 478 985 totius
500 922 640 986 universi
659 932 692 985 et
713 923 797 988 ordo
818 923 926 986 omnis
945 943 965 984 a
986 922 1103 1006 primo,
1118 923 1243 988 scilicet
1266 925 1350 1002 Deo,
1372 936 1406 988 et

254 1043 312 1106 per
327 1045 440 1090 omnes
455 1027 659 1091 substantias
675 1026 862 1110 spirituales
878 1037 912 1091 et
928 1027 1131 1104 coelos,etc.,
1143 1048 1317 1110 quousque
1332 1048 1406 1110 per·

255 1127 382 1193 ficiatur
398 1132 431 1193 in
446 1152 485 1194 ea
501 1118 675 1213 dispositio
688 1131 920 1209 universitatis,
931 1143 968 1197 ut
983 1133 1030 1196 sic
1045 1141 1192 1195 transeat
1206 1132 1238 1195 in
1255 1132 1403 1195 seculum

254 1233 465 1312 intellectum,
486 1256 620 1299 cernens
643 1237 676 1300 id
697 1237 788 1318 quod
811 1244 861 1299 est
880 1237 1069 1318 pulcritudo
1090 1235 1243 1300 absoluta
1259 1246 1293 1300 et
1304 1236 1406 1299 decor

254 1356 356 1400 verus
403 1339 448 1403 Et
481 1350 642 1421 quantum
673 1341 715 1404 ad
746 1340 950 1404 intellectum
983 1338 1174 1424 practicum,
1204 1340 1285 1404 dicit
1314 1340 1405 1422 quod

254 1441 441 1524 perficietur
455 1444 604 1508 bonitate
620 1465 710 1526 pura,
725 1454 760 1508 et
780 1445 842 1508 erit
865 1466 925 1508 sua
948 1443 1129 1510 delectatio
1148 1464 1213 1508 non
1229 1445 1272 1508 de
1286 1464 1406 1526 genere

254 1546 483 1611 delectationis
513 1549 687 1627 sensibilis,
709 1569 796 1632 quae
828 1549 936 1613 solum
967 1558 1017 1613 est
1047 1568 1107 1630 per
1136 1548 1405 1630 conjunctionem

254 1649 500 1732 superficierum
538 1673 712 1735 corporum
753 1653 959 1717 sensibilium
1007 1653 1253 1717 immutantium
1291 1673 1406 1715 sensus

255 1765 405 1830 nostros;
431 1756 534 1820 immo
559 1758 659 1820 intrat
685 1758 842 1835 animam,
865 1767 900 1819 et
920 1755 1101 1821 infunditur
1125 1757 1158 1818 in
1183 1755 1406 1820 substantiam

254 1857 336 1939 ejus,
351 1868 385 1922 et
400 1869 450 1923 est
465 1859 644 1925 delectatio
660 1862 856 1924 conveniens
871 1861 1080 1943 dispositioni
1096 1860 1237 1924 naturali
1252 1881 1338 1942 quae
1355 1870 1407 1924 est

255 1962 289 2024 in
301 1964 495 2027 substantiis
504 1965 586 2027 vivis
597 1974 631 2028 et
644 1965 733 2047 puris
745 1975 778 2029 et
790 1964 1026 2046 spiritualibus.
1072 1963 1118 2028 Et
1129 1973 1180 2028 est
1192 1964 1407 2027 excellentior

254 2075 288 2129 et
304 2067 445 2130 nobilior
459 2068 552 2132 omni
568 2067 789 2133 delectatione
801 2091 809 2148 3
832 2079 867 2133 et
880 2069 962 2133 haec
978 2077 1028 2132 est
1041 2067 1219 2132 delectatio
1231 2068 1406 2145 felicitatis

255 2180 290 2233 ut
306 2171 455 2235 affirmat

299 2273 344 2337 Et
359 2295 425 2338 non
437 2275 546 2339 solum
559 2276 601 2340 de
614 2273 771 2341 felicitate
783 2275 885 2340 locuti
901 2284 988 2355 sunt,
1000 2276 1058 2339 sed
1074 2277 1118 2340 de
1130 2276 1261 2340 miseria
1272 2274 1406 2341 alterius
1420 2290 1512 2339 Future

254 2377 342 2442 vitae
363 2400 449 2462 quae
482 2381 578 2444 malis
608 2390 801 2444 reservatur.
848 2380 949 2444 Unde
979 2390 1162 2462 posuerunt
1191 2381 1282 2465 quod
1314 2380 1406 2444 Deus
1419 2355 1520 2471 Ἦ

254 2482 485 2546 obedientibus
494 2484 555 2547 sibi
571 2485 758 2566 preparavit
770 2483 1024 2566 promissionem
1036 2483 1164 2548 felicem
1176 2504 1278 2567 quam
1291 2483 1405 2548 oculus

255 2605 321 2649 non
343 2586 426 2650 vidit
454 2608 513 2651 nec
542 2589 575 2651 in
604 2608 661 2652 cor
690 2587 836 2651 hominis
867 2589 1037 2665 ascendit3
1074 2597 1109 2652 et
1138 2588 1407 2652 inobedientibus

254 2691 505 2773 promissionem
529 2693 718 2768 terribilem,
740 2693 826 2756 sicut
843 2691 1015 2756 Avicenna
1030 2692 1118 2755 dicit.
1164 2690 1210 2756 Et
1226 2692 1357 2755 Tullius
1373 2702 1407 2755 et

255 2793 490 2878 Trismegistus
505 2806 538 2859 et
556 2794 709 2860 Socrates
735 2803 768 2858 et
786 2793 882 2859 multi
903 2794 959 2858 alii
979 2793 1080 2858 locuti
1101 2804 1179 2856 sunt
1194 2813 1350 2878 expresse
1365 2795 1408 2857 de

254 2898 302 2960 eis
324 2898 606 2980 promissionibus.
653 2899 755 2964 Unde
777 2898 907 2962 Tullius
936 2898 986 2962 ait
1015 2898 1126 2980 primo
1147 2897 1190 2960 de
1212 2896 1408 2962 Tusculanis

255 3001 534 3084 Quaestionibus¹
556 3004 640 3067 duas
661 3004 733 3067 vias
754 3001 970 3087 duplicesque
992 3021 1107 3065 cursus
1126 3000 1319 3064 hominum:
1348 3000 1405 3083 qui

254 3114 366 3169 autem
404 3106 551 3190 integros
589 3117 764 3190 castosque
794 3126 831 3173 se
860 3115 1046 3170 servassent
1076 3105 1262 3188 quibusque
1292 3103 1406 3169 fuisset

255 3210 393 3273 minima
422 3230 498 3274 cum
530 3212 725 3294 corporibus
753 3211 920 3293 contagio,
950 3218 1127 3292 essentque
1156 3210 1189 3273 in
1217 3209 1409 3291 corporibus

254 3311 407 3378 humanis
429 3315 534 3378 vitam
560 3315 678 3379 imitati
699 3315 855 3388 divinam,
872 3315 912 3378 iis
929 3317 974 3378 ad
999 3333 1075 3378 eum
1097 3332 1200 3397 aquo
1221 3323 1314 3377 erant
1334 3333 1409 3395 pro·

254 3417 341 3493 fecti,
356 3418 481 3484 scilicet
502 3419 546 3483 ad
570 3418 692 3497 Deum,
715 3420 858 3483 reditum
882 3418 1012 3482 facilem
1038 3429 1161 3501 patere.
1206 3416 1273 3499 Qui
1296 3427 1407 3483 autem

254 3542 290 3586 se
318 3523 406 3585 vitiis
436 3522 588 3586 humanis
618 3523 898 3588 contaminassent
928 3522 968 3586 iis
998 3523 1134 3585 demum
1157 3522 1220 3585 iter
1242 3521 1407 3585 seclusum

254 3647 275 3690 a
297 3625 444 3690 consiliis
466 3626 540 3692 Dei.
586 3627 631 3691 Et
655 3627 798 3690 Hermes
817 3626 1000 3691 Mercurius
1009 3625 1032 3704 ²,
1054 3627 1088 3689 in
1108 3627 1194 3690 libro
1217 3627 1260 3689 de
1284 3626 1407 3689 Divina

255 3731 386 3795 Natura
407 3730 454 3794 sic
477 3731 533 3810 ait,
557 3730 641 3795 Cum
666 3729 762 3796 fuerit
785 3732 916 3794 animae
938 3751 959 3794 a
981 3751 1120 3812 corpore
1142 3730 1230 3795 facta
1248 3728 1408 3794 discessio

254 3844 333 3899 tunc
355 3835 529 3899 arbitrium
552 3855 762 3917 examenque
786 3836 894 3899 meriti
924 3834 995 3917 ejus
1028 3835 1146 3899 transit
1176 3835 1209 3898 in
1241 3853 1407 3897 summam

256 3948 469 4021 potestatem,
485 3957 572 4022 quae
588 3959 661 4003 earn
677 3959 753 4003 cum
775 3941 863 4024 piam
881 3939 1073 4021 justamque
1095 3938 1280 4022 perviderit,
1297 3938 1330 4000 in
1345 3935 1409 3999 sibi

254 4043 523 4126 competentibus
539 4043 620 4108 locis
637 4063 770 4108 manere
786 4045 959 4128 permittit.
1004 4044 1065 4108 Sin
1080 4052 1194 4107 autem
1212 4042 1409 4106 delictorum

256 4148 373 4211 illitam
412 4147 548 4212 maculis
578 4148 734 4230 vitiisque
765 4148 904 4213 oblitam
940 4149 1069 4223 viderit,
1100 4148 1243 4230 desuper
1271 4146 1313 4210 ad
1344 4144 1411 4207 ima

256 4253 437 4318 deturbans
458 4252 561 4317 tradit
583 4253 726 4317 aeternis
750 4253 867 4334 poenis
889 4253 1095 4338 agitandam,
1117 4252 1210 4316 utin
1235 4249 1301 4316 hoc
1322 4249 1410 4313 obsit

289 4382 296 4410 ¹
318 4385 389 4434 Tusc.
401 4385 502 4448 Drsput.
514 4385 555 4434 lib.
568 4386 585 4436 i.
597 4399 654 4447 cap.
665 4399 699 4446 30
713 4382 832 4449 [Orelli's
848 4385 890 4434 ed.
905 4383 991 4448 1861}
1025 4384 1050 4433 lt
1062 4383 1116 4432 will
1128 4383 1162 4431 be
1180 4382 1260 4431 noted
1273 4382 1330 4431 that
1345 4381 1410 4430 here

257 4465 297 4528 (as
309 4465 335 4512 iu
347 4479 425 4526 many
436 4463 466 4512 of
474 4465 519 4513 the
530 4479 670 4513 numerous
681 4470 796 4512 extracts
812 4463 878 4512 from
891 4463 992 4514 Seneca
1007 4465 1064 4511 that
1077 4462 1186 4525 follow),
1201 4461 1244 4510 Dii
1256 4462 1279 4512 is
1290 4460 1410 4522 &noted

255 4542 408 4670 toptlllsllr
426 4621 529 4670 Cabrtote
546 4620 602 4681 Der',
617 4620 660 4670 lib.
676 4619 729 4669 viii.
747 4635 803 4682 cap.
821 4635 860 4682 23,
878 4637 911 4680 ⁹4
920 4637 928 4682 ;
945 4620 1031 4669 which
1052 4620 1155 4669 contein
1178 4619 1241 4681 long
1260 4617 1410 4681 quotations

256 4700 320 4750 from
333 4700 384 4750 this
394 4699 493 4763 writer,
505 4699 652 4762 foretelling
664 4700 709 4748 the
722 4698 846 4748 downfall
858 4699 888 4749 of
896 4699 1040 4761 paganism.
