3542 5359
427 628 668 688 PERSPECTI
675 627 760 684 VAE
783 625 899 684 PARS
923 621 1087 682 PRIMA:
1119 621 1229 680 DIST.
1253 619 1291 679 X.
1398 632 1439 692 79

285 791 354 859 Sed
377 793 441 858 hoc
463 802 515 856 est
537 801 574 856 ut
597 791 630 854 in
654 789 804 873 pluribus
825 787 1011 852 visibilibus
1033 784 1212 862 consuetis,
1235 803 1300 846 non
1323 791 1437 846 tamen

286 897 514 962 universaliter
528 904 579 961 est
594 895 657 960 hoc
672 893 936 975 intelligendum,
948 891 1025 975 quia
1035 909 1158 973 aquam
1173 887 1286 952 videre
1300 903 1436 970 possum

284 1023 345 1086 per
358 1000 539 1086 speculum,
554 1001 613 1065 sed
630 999 757 1083 species
780 1016 888 1080 aquae
902 1016 970 1060 non
987 995 1025 1059 fit
1040 995 1097 1070 ibi,
1116 993 1175 1058 sed
1195 991 1321 1075 species
1335 990 1436 1063 visus,

285 1103 550 1169 mmfflmk

700 1302 928 1368 Carrrunuu
954 1302 1019 1387 ΠΙ.

330 1458 547 1541 Distinguens
561 1466 630 1521 tres
645 1455 847 1519 universales
864 1455 982 1520 modos
1005 1453 1229 1537 cognoscendi
1245 1472 1304 1536 per
1318 1451 1436 1516 visum.

331 1616 464 1680 Deinde
494 1623 627 1698 oportet
661 1614 753 1687 scire,
791 1614 881 1697 quod
916 1623 1046 1696 praeter
1072 1612 1191 1676 modos
1223 1607 1438 1694 particulares
1451 1610 1532 1726 Thope
1564 1677 1577 1724 s

284 1721 506 1804 cognoscendi
535 1717 702 1784 sensibilia
731 1737 791 1802 per
822 1738 866 1795 se,
894 1726 970 1782 sunt
996 1728 1064 1782 tres
1094 1717 1186 1781 modi
1215 1692 1575 1806 universalesfflossin}

285 1826 467 1889 secundum
505 1835 658 1888 auctores
692 1823 930 1907 perspectivas.
976 1822 1045 1887 Sed
1076 1822 1254 1905 praecipue
1283 1818 1436 1883 Alhazen
1449 1809 1594 1939 {Jgnspffl

284 1931 425 2013 exponit
454 1929 517 1992 hos
555 1928 674 1993 modos
710 1937 744 1992 et
780 1926 993 2001 sufficienter,
1030 1927 1093 1992 nisi
1129 1928 1220 2009 quod
1258 1925 1438 2008 aliquando

285 2034 472 2098 intercurrit
509 2033 624 2115 inepta
658 2033 834 2096 verborum
870 2032 1055 2097 translatio.
1114 2033 1178 2096 Est
1214 2053 1294 2115 ergo
1330 2031 1437 2112 prima

283 2138 431 2222 cognitio
467 2137 539 2201 solo
577 2157 674 2200 sensu
713 2137 784 2200 sine
830 2136 942 2220 aliqua
973 2138 1096 2203 virtute
1135 2137 1274 2215 animae,
1315 2144 1350 2199 et
1390 2132 1438 2196 sic

283 2251 528 2324 cognoscuntur
548 2239 610 2304 lux
631 2251 666 2305 et
690 2241 783 2304 color
806 2243 840 2303 in
866 2242 1049 2305 universali.
1095 2242 1185 2305 Nam
1211 2242 1301 2304 visus
1326 2247 1436 2322 potest

184 2422 191 2432 Ι
281 2347 432 2430 judicare
447 2347 537 2428 quod
554 2346 597 2409 sit
612 2343 704 2409 color
719 2345 771 2408 vel
787 2345 847 2408 lux
863 2347 935 2409 sine
950 2366 1058 2410 errore
1073 2346 1209 2428 quando
1224 2343 1343 2427 aspicit
1358 2362 1436 2415 rem,

284 2452 471 2515 dummodo
486 2458 563 2514 octo
579 2450 750 2533 praedicta
764 2459 842 2514 sunt
865 2450 899 2512 in
915 2470 978 2516 suo
997 2461 1284 2535 temperament03
1306 2459 1340 2513 et
1360 2448 1436 2511 ideo

283 2557 366 2620 haec
388 2555 456 2618 duo
479 2563 727 2636 cognoscuntur
748 2553 820 2619 solo
847 2555 968 2620 intuitu
992 2576 1113 2621 sensus
1158 2557 1227 2622 Sed
1251 2556 1377 2638 species
1403 2561 1438 2617 et

285 2659 378 2726 modi
394 2660 511 2724 coloris
528 2669 562 2723 et
577 2658 660 2722 lucis
675 2678 741 2720 non
758 2669 898 2741 possunt
919 2660 966 2724 ita
985 2660 1101 2725 leviter
1115 2662 1291 2743 cognosci3
1315 2679 1393 2723 nam
1409 2657 1436 2721 si

283 2774 436 2829 occurrat
458 2772 635 2826 extraneus
654 2761 746 2826 color
762 2783 862 2845 quem
886 2786 952 2829 non
969 2766 1114 2829 vidimus
1134 2767 1233 2847 prius,
1255 2765 1438 2828 nesciemus

283 2869 379 2952 cujus
394 2869 437 2931 sit
460 2865 552 2931 color
567 2866 631 2930 ille.
676 2864 836 2931 Similiter
851 2869 878 2932 si
893 2869 1030 2952 aliquod
1049 2870 1197 2934 lucidum
1212 2876 1388 2933 renovetur
1403 2868 1437 2930 in

283 2994 370 3051 aere,
397 2974 487 3055 quod
514 2971 639 3035 habeat
669 2970 778 3035 lucem
810 2971 998 3036 difformem
1028 2975 1073 3038 ab
1098 2971 1171 3036 aliis
1197 2972 1374 3049 consuetis,
1400 2980 1438 3035 ut

283 3078 382 3142 stella
398 3085 529 3142 comata
544 3075 597 3139 vel
620 3074 720 3151 aliud,
736 3084 770 3138 et
792 3095 858 3138 non
881 3078 972 3160 prius
994 3077 1147 3152 vidimus,
1172 3098 1237 3141 non
1260 3096 1437 3161 possumus

281 3183 433 3267 judicare
446 3201 507 3265 per
521 3180 628 3244 visum
644 3200 730 3262 quae
745 3179 805 3242 lux
820 3181 865 3245 sit
879 3179 946 3244 illa.
976 3180 1136 3246 Similiter
1149 3182 1177 3245 si
1187 3202 1248 3245 nos
1259 3182 1437 3246 viderimus

282 3287 375 3370 prius
407 3285 551 3368 aliquem
589 3283 744 3362 colorem,
785 3293 819 3347 et
856 3294 973 3367 postea
1009 3286 1241 3352 tradiderimus
1276 3286 1437 3352 oblivioni

283 3391 482 3456 memoriam
498 3388 581 3471 ejus,
595 3398 675 3454 tunc
694 3388 829 3470 quando
853 3389 971 3453 iterum
989 3391 1162 3474 apparebit
1179 3390 1274 3465 visui,
1290 3391 1436 3456 colorem

283 3515 463 3579 possumus
497 3492 653 3576 judicare,
692 3494 750 3556 sed
789 3493 864 3574 quis
901 3495 992 3558 color
1021 3495 1065 3558 sit
1101 3515 1166 3559 non
1208 3495 1435 3579 percipiemus

283 3599 443 3665 Similiter
478 3599 613 3680 quando
649 3597 682 3661 in
713 3595 851 3662 infantia
882 3597 1024 3662 vidimus
1052 3599 1167 3664 lunam
1196 3600 1339 3683 plenam,
1369 3619 1436 3663 non

282 3702 546 3790 percipiebamus
567 3722 611 3766 an
636 3709 724 3766 esset
750 3700 810 3765 lux
833 3701 913 3766 solis
936 3702 988 3766 vel
1014 3701 1123 3780 lunae,
1148 3704 1256 3768 donec
1280 3704 1436 3768 fuerimus

281 3807 407 3874 assueti
422 3817 456 3870 et
471 3806 576 3870 fixum
591 3805 688 3871 suerit
709 3805 742 3869 iu
762 3806 937 3871 animabus
958 3807 1079 3873 nostris
1100 3810 1191 3890 quod
1210 3809 1286 3872 talis
1305 3808 1365 3872 lux
1384 3821 1436 3874 est

316 3959 325 3992 ¹
343 3959 384 4010 Cf.
395 3960 521 4016 Alhnzen,
533 3959 574 4007 lrb.
586 3959 619 4007 iv.
634 3974 656 4015 r,
669 3962 682 4018 ξ
696 3974 737 4020 20,
748 3959 835 4008 which
848 3959 869 4008 is
882 3960 908 4007 in
920 3959 1002 4009 direct
1014 3960 1162 4024 opposition
1172 3966 1200 4009 to
1211 3961 1264 4010 this
1274 3961 1350 4010 view.

317 4037 433 4087 ’These
461 4038 535 4086 three
563 4037 653 4086 modes
680 4053 725 4086 are
744 4038 826 4087 called
848 4039 885 4100 hy
908 4038 1007 4101 Baeon,
1025 4038 1161 4101 following
1182 4041 1301 4102 previous
1323 4039 1434 4102 writers,

281 4117 428 4178 sensntion,
445 4117 555 4177 sciente,
575 4117 627 4165 and
643 4115 776 4178 syllogism
789 4118 845 4176 (see
861 4117 909 4166 the
921 4115 982 4165 final
997 4117 1104 4180 chapter
1116 4118 1147 4166 ol
1159 4119 1205 4166 the
1221 4118 1318 4168 second
1335 4125 1392 4180 part
1408 4119 1440 4167 ol

281 4195 454 4260 perspectiva).
490 4195 533 4243 l·le
555 4194 649 4244 admits
671 4195 727 4243 that
750 4195 794 4242 the
816 4209 907 4243 names
929 4210 975 4243 are
996 4196 1136 4258 imperfect,
1160 4196 1205 4245 but
1228 4197 1347 4259 explains
1369 4197 1438 4246 their

281 4275 406 4336 meaning
428 4273 525 4336 clearly
546 4274 660 4335 enough.
698 4287 720 4323 r.
737 4271 762 4321 A
779 4273 872 4336 simple
894 4289 973 4322 sense
992 4274 1153 4337 impreoeiou,
1171 4289 1201 4323 as
1221 4276 1247 4323 in
1267 4275 1313 4324 the
1331 4289 1391 4323 case
1411 4275 1441 4324 os

281 4355 376 4404 vision.
387 4354 444 4401 that
456 4351 486 4401 ol'
498 4350 564 4414 light
574 4351 626 4401 and
641 4351 738 4402 colour.
773 4367 796 4401 2
814 4351 871 4402 'l'he
888 4351 1050 4414 comperison
1067 4353 1099 4402 os
1110 4353 1174 4401 such
1190 4368 1268 4402 sense
1284 4353 1438 4414 impreseion

281 4433 350 4482 with
362 4433 453 4481 others
463 4431 494 4478 ol
506 4447 522 4478 a
532 4431 584 4478 like
596 4429 657 4478 kind
670 4428 831 4492 reproduced
847 4430 883 4492 by
894 4445 1018 4494 menory.
1052 4430 1084 4480 ln
1093 4431 1146 4479 this
1156 4446 1219 4492 way
1229 4446 1271 4480 we
1283 4430 1437 4491 distinguish

280 4511 432 4561 universals
448 4509 513 4558 srorn
531 4508 691 4571 particulare,
707 4508 758 4557 and
776 4522 828 4557 one
844 4509 983 4571 particular
998 4509 1064 4558 from
1082 4509 1200 4559 another.
1241 4523 1266 4570 3.
1284 4509 1439 4572 Apprehen·

280 4591 341 4642 sion
353 4589 389 4652 by
401 4605 418 4638 a
434 4587 574 4650 reuoning
589 4602 705 4650 process,
719 4587 804 4636 which
822 4587 896 4637 osten
908 4602 968 4650 may
980 4588 1012 4636 be
1027 4587 1171 4649 exhemely
1182 4586 1262 4650 repid,
1275 4588 1326 4637 aud
1337 4588 1437 4638 carried

281 4685 319 4719 on
331 4665 543 4728 uneonsciously.
579 4665 632 4716 See
642 4665 769 4726 Alhnzeu,
780 4665 806 4715 ii.
818 4681 893 4729 prop.
908 4679 997 4728 10-13.
