3542 5359
401 635 642 695 PERSPECTI
650 635 734 694 VAE
750 634 865 694 PARS
885 632 1067 693 TERTIA:
1103 633 1213 693 DIST.
1240 634 1263 691 I.
1346 648 1404 711 139

249 807 365 864 centro
394 800 491 877 oculi,
518 803 607 865 unde
636 799 682 864 ibi
713 809 851 884 apparet
880 819 909 862 z.
956 799 994 863 In
1023 798 1075 862 his
1106 808 1216 862 autem
1247 797 1404 861 omnibus

251 900 499 965 diversitatibus
527 900 773 985 apparitionum
804 921 966 984 nusquam
997 899 1257 982 apprehenditur
1282 899 1405 963 veritas

250 1003 405 1087 imaginis
425 1004 488 1068 nisi
506 1025 580 1070 cum
604 1004 675 1087 ejus
698 1004 790 1068 locus
812 1005 910 1070 luerit
932 1005 1018 1069 ultra
1040 1003 1221 1086 speculum,
1237 1013 1296 1068 aut
1318 1003 1404 1066 inter

250 1109 359 1172 visum
381 1118 416 1172 et
438 1109 634 1193 speculum;
658 1111 747 1174 unde
769 1131 809 1174 ea
831 1131 917 1192 quae
939 1119 1100 1192 apparent
1122 1109 1155 1171 in
1179 1118 1294 1171 centro
1316 1108 1403 1172 oculi

250 1223 308 1276 aut
323 1223 411 1277 retro
426 1223 527 1297 caput
541 1223 703 1296 apparent
720 1234 785 1277 non
801 1215 989 1279 certificata.
1033 1213 1134 1277 Visus
1154 1212 1241 1276 enim
1262 1233 1329 1275 non
1352 1222 1404 1275 est

251 1326 349 1380 natus
380 1317 631 1400 apprchendere
660 1319 912 1382 verticationem
940 1317 1127 1395 formarum,
1151 1316 1213 1380 nisi
1242 1316 1305 1380 sibi
1335 1317 1403 1379 sint

251 1421 435 1503 oppositae.
480 1420 564 1486 Cum
584 1432 695 1486 autem
717 1423 830 1486 oculus
849 1432 900 1485 est
920 1423 954 1486 in
974 1434 1088 1486 centro
1111 1421 1234 1504 speculi
1258 1421 1402 1494 concavi,

252 1525 324 1608 ipse
346 1525 410 1588 sibi
433 1535 563 1590 tantum
586 1536 743 1608 apparet:
775 1525 863 1590 nulla
886 1528 974 1591 enim
997 1525 1175 1590 reflectitur
1197 1525 1230 1588 in
1254 1534 1403 1591 centrum

251 1630 313 1692 nisi
329 1649 416 1712 quae
430 1632 597 1714 egreditur
611 1652 632 1695 a
649 1641 772 1708 centro,
787 1630 858 1694 sola
873 1632 1009 1713 quidem
1025 1629 1304 1714 perpendicularis
1318 1629 1352 1692 in
1368 1650 1405 1693 se

252 1733 347 1796 redit.
392 1732 430 1798 Si
446 1744 558 1798 autem
579 1745 723 1817 ponatur
742 1735 856 1798 oculus
876 1735 909 1797 in
931 1734 1116 1817 peripheria
1135 1733 1188 1796 vel
1210 1743 1318 1812 extra,
1333 1733 1405 1814 ipse

251 1836 315 1901 sibi
339 1857 405 1901 non
431 1848 578 1921 apparet,
601 1839 659 1902 sed
683 1848 733 1902 est
757 1837 894 1902 reflexio
918 1840 951 1901 in
973 1847 1101 1922 partem
1124 1838 1321 1920 oppositam.
1366 1835 1403 1901 Si

252 1961 332 2005 vero
346 1951 489 2024 ponatur
502 1941 585 2006 infra
600 1941 831 2025 peripheriam,
846 1941 928 2005 nihil
943 1951 1083 2025 apparet
1098 1961 1211 2005 eorum
1227 1949 1405 2023 quaesunt

253 2046 287 2109 in
303 2046 551 2111 semidiametro
567 2047 600 2109 in
615 2067 681 2129 qua
696 2057 755 2111 est.
786 2046 823 2112 Si
839 2055 953 2110 autern
968 2044 1097 2110 visibile
1112 2045 1248 2128 aliquod
1263 2055 1405 2127 ponatur

253 2149 287 2212 in
303 2159 425 2228 centro,
440 2150 545 2215 videri
561 2170 628 2214 non
646 2159 758 2236 potest
780 2150 968 2228 reflexione,
984 2149 1054 2233 ejus
1077 2151 1165 2215 enim
1188 2149 1315 2232 species
1337 2168 1404 2213 non

253 2253 433 2318 reflectitur
448 2255 510 2319 nisi
526 2275 625 2337 supra
639 2275 684 2319 se.

298 2357 353 2421 De
376 2379 512 2424 numero
535 2359 715 2442 imaginum
737 2359 917 2437 sciendum,
935 2360 1024 2441 quod
1044 2357 1177 2441 quando
1199 2359 1245 2422 ita
1265 2357 1406 2421 situatur

253 2461 377 2540 oculus,
400 2473 436 2527 ut
463 2485 484 2526 a
514 2473 656 2546 quatuor
688 2463 838 2546 partibus
869 2462 994 2547 speculi
1025 2462 1083 2526 fiat
1113 2461 1250 2526 reflexio
1281 2461 1406 2525 formae

255 2567 402 2649 ejusdem
422 2567 478 2645 rei,
501 2568 588 2634 etin
611 2567 749 2632 diversis
772 2567 852 2630 locis
876 2567 974 2632 suerit
998 2587 1178 2631 concursus
1199 2566 1404 2649 singulorum

256 2671 423 2736 radiorum
454 2692 530 2737 cum
554 2672 689 2738 catheto
719 2682 861 2753 quatuor
892 2683 989 2735 erunt
1018 2672 1187 2755 imagines,
1220 2671 1355 2753 quando
1385 2692 1405 2734 a

255 2776 361 2840 tribus
387 2785 464 2856 tres,
485 2777 621 2859 quando
647 2798 668 2841 a
692 2777 822 2840 duobus
847 2777 945 2851 duae,
969 2776 1102 2858 quando
1125 2775 1169 2839 ab
1187 2796 1252 2838 uno
1276 2795 1349 2851 una,
1369 2784 1406 2837 ut

256 2880 468 2944 subtilissime
486 2881 670 2945 declaratur
689 2879 774 2944 libro
791 2881 910 2962 quinto
928 2890 1023 2964 parte
1042 2878 1188 2944 secunda
1198 2875 1220 2941 ¹.
1265 2878 1312 2941 Et
1327 2887 1408 2941 nota

255 2987 347 3067 quod
373 3005 489 3049 omnes
516 2984 817 3049 demonstrationes
843 2983 917 3048 loca
943 2981 1132 3048 reflexionis
1157 2982 1317 3045 rimantes
1343 2982 1407 3046 hoc

256 3089 432 3171 inquirunt,
447 3089 581 3167 scilicet,
598 3089 654 3154 ubi
673 3087 813 3172 angulus
833 3087 1033 3152 incidentiae
1048 3087 1154 3172 possit
1168 3106 1241 3150 esse
1257 3085 1408 3168 aequalis

256 3193 379 3278 angulo
411 3193 610 3269 reflexionis,
641 3203 675 3257 et
705 3203 788 3275 quot
818 3202 896 3256 sunt
926 3192 1011 3256 tales
1038 3193 1154 3274 puncti
1187 3190 1250 3255 sub
1287 3191 1406 3255 eodem

256 3300 321 3362 situ
342 3307 376 3363 et
395 3308 547 3381 respectu
569 3298 719 3381 ejusdem
738 3296 834 3375 oculi,
849 3308 902 3362 tot
924 3297 1085 3381 imagines
1106 3296 1203 3361 simul
1226 3304 1407 3379 apparent;

255 3403 410 3467 sitamen
426 3403 509 3466 radii
525 3403 559 3466 in
575 3403 713 3467 diversis
733 3401 815 3466 locis
833 3411 1029 3466 concurrant
1047 3421 1121 3463 cum
1145 3399 1408 3484 perpendiculari

256 3507 415 3572 distantia
436 3506 592 3572 sensibili.
639 3505 783 3590 Quando
805 3506 896 3569 enim
919 3506 1060 3569 remotio
1082 3505 1196 3589 puncti
1218 3504 1281 3567 visi
1304 3503 1409 3587 major

257 3611 355 3678 suerit
384 3611 428 3675 ab
459 3631 526 3674 uno
556 3610 653 3676 oculo
683 3630 784 3692 quam
814 3609 858 3674 ab
887 3608 962 3684 alio,
996 3618 1092 3672 erunt
1121 3608 1194 3672 loca
1224 3608 1407 3690 imaginum

256 3715 387 3780 diversa
405 3723 555 3799 respectu
572 3715 742 3796 utriusque
758 3713 853 3794 oculi,
869 3714 927 3778 sed
947 3711 1253 3797 imperceptibiliter
1271 3721 1409 3789 remota,

256 3829 391 3904 propter
406 3819 495 3902 quod
511 3827 673 3901 apparent
688 3838 763 3882 una.

302 3923 496 3988 Notandum
519 3923 610 4004 quod
633 3922 854 3986 diversimode
878 3921 1091 3985 reflectuntur
1115 3942 1135 3985 a
1160 3921 1303 4005 speculis
1329 3940 1406 3984 con·
1420 3935 1538 3985 eonmsr

256 4027 346 4092 cavis
362 4027 548 4112 propinque
568 4037 603 4091 et
619 4027 717 4112 longe
731 4026 909 4104 distantia3
938 4029 1030 4109 quod
1052 4034 1148 4110 patet
1167 4045 1212 4088 ex
1233 4024 1408 4088 undecima
1419 4002 1532 4116 {im

256 4267 292 4330 by
302 4265 397 4317 Vitello
415 4281 446 4316 or
461 4265 570 4328 Witelo,
581 4266 691 4316 Bacon's
703 4273 910 4327 contemporary,
920 4264 947 4313 in
964 4265 1009 4314 the
1021 4264 1111 4326 eigbth
1128 4263 1198 4312 book
1209 4262 1240 4310 oi
1253 4262 1296 4310 bis
1312 4260 1407 4324 operta,

256 4360 329 4409 prop.
343 4360 381 4394 rr.
415 4345 472 4394 The
486 4345 570 4406 figure
585 4345 610 4393 in
627 4346 672 4394 the
687 4351 750 4405 text,
762 4342 856 4405 copied
870 4342 936 4392 from
951 4343 997 4392 the
1011 4349 1211 4402 contemporary
1223 4340 1279 4390 MS.
1297 4339 1373 4400 Reg„
1387 4338 1411 4386 is

257 4439 330 4474 more
347 4430 467 4473 accurate
488 4424 552 4474 then
567 4424 624 4474 that
643 4422 673 4472 oi
686 4422 711 4485 J.
746 4422 796 4471 But
816 4422 861 4471 the
879 4420 1048 4484 explanation
1064 4419 1087 4469 is
1103 4426 1149 4468 too
1164 4418 1316 4468 condensed
1333 4425 1361 4468 to
1378 4416 1412 4466 be

258 4503 264 4516 .
334 4503 339 4513 .
360 4503 366 4514 .
385 4503 393 4550 ¹
413 4539 419 4552 ι

257 4503 491 4646 middlffiflnen,
504 4584 546 4636 lib.
558 4600 581 4637 v.
593 4599 666 4648 prop.
680 4599 719 4646 70,
735 4598 774 4645 71,
788 4597 819 4644 7²
835 4581 1052 4646 (cmponding
1062 4587 1091 4630 to
1102 4578 1207 4639 vitello,
1219 4578 1262 4630 lib.
1273 4577 1325 4630 viii.
1339 4591 1411 4642 prop.

257 4678 299 4726 ²4r
312 4677 352 4727 ²5,
364 4665 417 4727 ²⁶)·
