3542 5359
366 593 562 654 MORALIS
587 594 907 654 PHILOSOPHIA:
940 595 1055 656 PARS
1079 596 1265 670 QUARTA.
1335 613 1394 674 401

249 759 325 821 ideo
344 759 443 842 plena
459 759 603 824 infinitas
626 760 750 844 gloriae
770 772 805 825 et
825 761 941 825 salutis
961 769 994 824 et
1018 761 1247 846 pulcritudinis
1266 761 1298 824 in
1318 781 1397 826 con·

248 872 343 927 tento
357 864 455 946 hujus
470 867 667 929 sacramenti
684 867 852 948 reperitur.

294 967 455 1032 Similiter
469 969 501 1032 in
518 970 621 1034 modo
635 971 812 1034 existendi.
859 970 947 1034 Nam
964 991 1041 1034 curn
1059 971 1113 1036 hic
1132 979 1167 1035 et
1187 972 1220 1035 in
1241 970 1334 1035 coelo
1354 971 1398 1034 sit
1411 975 1467 1051 Tne
1478 975 1536 1052 ubi-⁸

249 1074 332 1136 haec
349 1094 490 1156 persona
509 1075 541 1138 in
558 1085 673 1139 natura
693 1076 804 1139 divina
825 1085 859 1139 et
882 1075 1028 1139 humana
1046 1076 1194 1157 ejusdem
1215 1076 1398 1158 majestatis
1411 1047 1553 1156 ‘ffisssstl‘s

249 1178 471 1257 consimiliter,
480 1180 525 1241 sic
542 1179 574 1240 in
591 1180 683 1243 omni
695 1179 843 1260 ecclesia,
852 1191 888 1244 et
904 1180 936 1243 in
948 1182 1039 1243 omni
1056 1182 1112 1263 qui
1128 1181 1231 1245 habet
1246 1181 1398 1262 gratiam,
1411 1171 1516 1286 twpfold

249 1283 405 1364 recipitur
427 1267 533 1346 simile
556 1293 590 1348 et
612 1284 720 1347 simul.
766 1285 840 1348 Hoc
863 1293 916 1348 est
942 1286 1112 1367 potentiae
1137 1284 1295 1362 infinitae,
1320 1253 1505 1366 quianam.

248 1404 315 1450 non
339 1388 497 1452 limitatur
514 1389 557 1452 ad
579 1390 644 1452 hoc
662 1409 722 1452 nec
745 1390 788 1452 ad
813 1389 904 1467 illud,
920 1401 953 1454 et
974 1390 1038 1455 hoc
1061 1389 1209 1455 infinitae
1232 1390 1399 1473 majestati

249 1501 434 1557 attestatur.
480 1493 649 1568 Similiter,
675 1496 766 1576 qnod
793 1495 825 1558 in
855 1496 1004 1576 qualibet
1035 1507 1130 1578 parte
1156 1497 1283 1560 hostiae
1309 1505 1400 1559 totus

251 1595 403 1661 Christus
418 1607 478 1675 est,
487 1598 550 1662 hoc
565 1608 617 1663 est
628 1600 797 1681 potentiae
812 1599 978 1675 infinitae3
1001 1602 1079 1684 quia
1095 1621 1160 1665 non
1173 1610 1224 1665 est
1239 1599 1400 1664 limitatus

248 1705 293 1766 ad
308 1712 449 1784 partem,
461 1723 522 1765 nec
533 1713 643 1785 partes
654 1703 724 1786 ejus
739 1705 920 1768 secundum
933 1716 1046 1787 partes
1058 1704 1187 1770 hostiae
1196 1705 1398 1769 dividuntur.

250 1805 315 1870 Est
338 1807 436 1890 igitur
451 1806 575 1889 triplex
600 1809 683 1873 ratio
707 1809 891 1891 majestatis
913 1809 945 1872 in
969 1810 1072 1873 modo
1088 1809 1264 1873 existendi.
1313 1808 1399 1871 Item

250 1921 370 1994 quarto
385 1920 436 1975 est
452 1911 496 1973 ibi
513 1911 647 1976 evidens
664 1913 749 1977 ratio
766 1913 957 1996 majestatis.
1004 1913 1092 1976 Nam
1114 1913 1304 1976 humanitas
1325 1911 1401 1975 licet

250 2015 431 2078 secundum
447 2036 483 2078 se
499 2016 540 2078 sit
553 2026 715 2094 creatura,
723 2028 836 2081 tamen
849 2018 894 2080 ibi
906 2017 1110 2082 transcendit
1122 2017 1211 2100 leges
1224 2027 1400 2090 creaturae,

250 2136 311 2181 nec
336 2115 438 2180 habet
465 2116 602 2178 modurn
629 2117 795 2180 existendi
820 2118 876 2200 qui
902 2119 1043 2182 debetur
1071 2125 1249 2196 creaturae,
1275 2116 1401 2179 scilicet

250 2243 317 2285 non
333 2221 546 2286 commetitur
560 2242 596 2285 se
611 2221 875 2285 dimensionibus
892 2240 951 2285 nec
967 2221 1041 2287 loco
1055 2220 1226 2304 corporali,
1241 2222 1326 2286 sicut
1341 2239 1401 2283 nec

252 2326 389 2402 Deitas3
413 2335 447 2388 et
470 2325 546 2389 ideo
564 2334 727 2406 quantum
748 2326 790 2389 ad
808 2326 946 2390 modum
962 2326 1127 2390 existendi
1143 2326 1341 2390 sublimatur
1359 2323 1402 2387 ad

251 2431 390 2494 modum
413 2430 578 2493 existendi
600 2431 762 2505 divinum,
779 2440 815 2493 ut
838 2451 972 2494 omnem
998 2430 1106 2515 legem
1128 2430 1292 2495 existendi
1316 2448 1402 2512 quae

251 2543 420 2597 creaturae
435 2535 596 2598 debeatur
609 2534 762 2598 excedat.
809 2534 855 2597 Et
876 2534 939 2598 hoc
958 2533 1027 2597 fieri
1047 2545 1158 2617 potest
1172 2555 1231 2616 per
1245 2535 1401 2597 virtutem

253 2638 318 2702 Dei
335 2637 507 2713 infinitam,
525 2638 611 2701 sicut
628 2658 689 2721 per
708 2638 847 2702 eandem
872 2636 961 2702 sacta
976 2648 1028 2703 e'st
1047 2639 1233 2721 assumptio
1250 2636 1401 2701 humani·

251 2743 331 2807 tatis
347 2743 381 2805 in
395 2741 552 2805 unionem
568 2739 782 2825 personalem.

297 2846 458 2911 Similiter
478 2867 558 2911 vero
579 2856 631 2910 est
654 2846 700 2909 ibi
721 2844 865 2911 infinitas
886 2857 1020 2912 nostrae
1045 2845 1161 2912 salutis
1184 2867 1228 2911 ex
1251 2845 1402 2911 bonitate
1416 2859 1471 2911 The
1482 2874 1567 2924 power

252 2951 381 3015 infinita
395 2952 609 3015 descendens.
654 2949 743 3013 Nam
759 2969 834 3014 cnm
849 2948 1014 3015 confertur
1028 2951 1135 3029 nobis,
1147 2951 1198 3014 vel
1217 2971 1293 3014 cum
1310 2949 1401 3014 volu·
1415 2925 1543 3056 {fflff}

253 3076 326 3119 mus
342 3077 401 3139 per
416 3066 566 3121 nostrum
583 3055 798 3119 ministerium
812 3047 932 3144 [quod]
946 3055 1137 3119 mirabiliter
1152 3056 1277 3120 existat
1289 3055 1321 3117 in
1337 3053 1400 3116 hoc
1414 3060 1498 3123 prust.

253 3159 471 3224 Sacramento
493 3158 653 3232 Salvator,
677 3159 752 3241 plns
772 3160 869 3222 nobis
891 3159 1081 3224 conceditur
1099 3179 1199 3242 quarn
1220 3159 1247 3220 si
1268 3158 1403 3222 daretur

252 3264 350 3328 nobis
365 3266 452 3328 unde
472 3274 584 3346 posset
599 3263 740 3345 quilibet
760 3264 922 3328 mundum
943 3284 1066 3326 novum
1087 3263 1149 3326 sibi
1168 3261 1285 3338 iacere,
1299 3264 1404 3326 immo

252 3365 326 3451 plus
349 3368 497 3451 quamsi
518 3367 641 3432 laceret
663 3367 817 3432 infinitos.
863 3368 952 3430 Nam
977 3369 1176 3431 mundorum
1198 3364 1402 3430 infinitorum

253 3471 378 3537 utilitas
392 3471 482 3536 nulla
497 3473 594 3537 nobis
612 3483 663 3536 est
683 3481 832 3555 respecto
856 3471 944 3536 illius
964 3471 1180 3536 Sacramenti.
1225 3471 1302 3534 Non
1322 3491 1402 3552 ergo

252 3587 384 3659 oportet
406 3598 468 3641 nos
490 3578 598 3640 dicere
620 3597 696 3640 curn
721 3575 897 3659 Propheta,
916 3576 954 3640 Si
977 3596 1104 3640 moram
1124 3575 1244 3651 fecerit,
1260 3583 1403 3658 expecta

251 3700 339 3743 eum.
385 3680 457 3745 Nec
482 3701 557 3745 cnm
583 3681 659 3758 alio,
684 3679 821 3744 Utinam
844 3681 1050 3763 dirumperes
1072 3678 1183 3743 coelos
1208 3689 1242 3742 et
1268 3679 1403 3742 descen·

252 3783 368 3859 deres3
390 3785 468 3865 quia
485 3783 517 3846 in
533 3793 646 3848 nostra
668 3792 835 3866 potestate
855 3784 1002 3867 positum
1024 3792 1074 3846 est
1090 3791 1128 3846 ut
1143 3781 1303 3846 faciamus
1325 3801 1401 3844 eum

252 3887 396 3950 existere
421 3887 510 3970 apud
537 3907 598 3950 nos
620 3886 754 3968 qnando
772 3885 928 3949 volumus
952 3885 1134 3950 secundum
1157 3884 1287 3947 divinae
1308 3885 1402 3946 boni-

252 3991 332 4054 tatis
357 3991 636 4074 dispensationem
657 4008 723 4070 qua
752 3990 879 4061 dicitur,
905 3990 982 4054 Hoc
1005 3987 1103 4051 sacite
1126 3987 1159 4050 in
1181 4007 1289 4051 meam
1311 4007 1402 4051 com·

253 4095 536 4160 memorationem
598 4093 685 4156 Nam
724 4094 894 4157 mandavit
924 4094 1077 4172 nubibus,
1106 4101 1141 4156 et
1170 4090 1290 4173 januas
1319 4090 1403 4156 coeli

253 4201 391 4283 aperuit,
412 4209 446 4264 et
470 4199 556 4281 pluit
571 4198 667 4262 nobis
680 4216 803 4261 manna
816 4197 906 4262 vitae
927 4208 1080 4262 aeternae
1101 4197 1236 4279 quando
1250 4195 1404 4260 volumus

253 4304 400 4389 prolerre
417 4303 518 4367 verba
540 4303 697 4386 quinque.
742 4301 830 4364 Mira
846 4301 911 4365 Dei
934 4299 1085 4366 bonitas!
1112 4320 1208 4383 quae,
1223 4319 1299 4365 cum
1323 4300 1401 4363 nihil

253 4410 297 4473 sit
312 4408 438 4473 facilius
450 4407 545 4471 nobis
556 4425 657 4487 qnam
667 4405 806 4468 verbum
817 4404 969 4479 formare,
981 4405 1076 4469 dedit
1092 4404 1188 4469 nobis
1202 4414 1403 4488 potestatem

253 4524 291 4576 ut
320 4512 393 4577 solo
422 4513 525 4576 verbo
558 4509 741 4574 faceremus
775 4508 958 4573 Dominum
993 4508 1198 4574 Salvatorem
1230 4508 1403 4573 nobiscum
1457 4573 1461 4580 ,

253 4617 396 4681 existere
424 4637 501 4681 curn
534 4614 696 4679 volumus.
742 4613 820 4676 Non
849 4614 938 4677 enim
969 4622 1101 4697 oportet
1130 4631 1191 4677 nos
1216 4612 1249 4675 in
1272 4611 1404 4678 coelum

296 4733 378 4785 von.
395 4732 433 4783 11.
804 4717 868 4782 od
