3542 5359
371 601 433 681 458
638 601 976 662 Muarrntrcarro
1001 601 1256 662 SPECIERUM.

371 804 471 868 quam
494 803 605 866 agens,
631 805 711 867 ergo
734 783 845 848 minus
866 782 1039 860 alterabit3
1061 783 1239 848 dicendum
1270 782 1361 866 quod
1392 803 1459 847 non
1492 783 1526 845 in

373 889 560 970 quantitate
579 889 639 953 sed
654 890 688 953 in
702 888 874 971 qualitate.

205 1014 280 1062 From
292 1012 354 1063 each
418 993 592 1056 Praeterea
603 993 876 1056 considerandum
889 993 979 1074 quod
996 993 1039 1055 ab
1054 991 1172 1056 eodem
1189 1003 1322 1074 puncto,
1332 1012 1389 1054 seu
1399 1012 1420 1054 a
1431 1004 1526 1074 parte

204 1079 320 1194 fficsss
373 1098 501 1180 agentis
516 1097 654 1161 minima
676 1098 857 1161 secundum
881 1096 1089 1161 latitudinem
1111 1107 1145 1161 et
1163 1097 1416 1179 longitudinem,
1431 1115 1489 1159 seu
1505 1117 1526 1159 a

205 1211 317 1259 between
372 1213 467 1284 parte
487 1202 595 1284 prima
617 1191 782 1284 patientis
805 1202 895 1283 quod
921 1201 1027 1283 magis
1052 1201 1183 1284 proprie
1209 1202 1340 1278 dicitur,
1364 1199 1523 1282 multipli-

204 1275 337 1406 {pappa
373 1317 490 1369 cantur
504 1307 630 1388 species
653 1307 805 1368 radiosae
827 1305 921 1387 quasi
946 1305 1113 1384 infinitae;
1136 1306 1214 1388 quia
1235 1325 1301 1388 qua
1324 1306 1453 1370 ratione
1471 1304 1525 1368 ille

205 1408 271 1520 f⁰305
322 1473 328 1484 ,
372 1421 515 1494 punctus
537 1410 619 1475 lucis
641 1421 675 1473 et
698 1410 833 1473 alterius
864 1407 1099 1492 multiplicabit
1123 1431 1158 1474 se
1186 1411 1219 1472 in
1252 1420 1379 1492 partem
1413 1429 1525 1486 unam,

203 1483 487 1602 {iessiliriieadem
512 1517 639 1578 ratione
669 1514 701 1576 in
742 1525 871 1597 partem
909 1513 1070 1592 alteram;
1108 1523 1165 1576 aut
1204 1515 1304 1597 igitur
1340 1513 1522 1576 secundum

205 1605 265 1654 ¹¹⁰⁰·
372 1639 506 1682 omnem
543 1628 602 1682 aut
638 1620 819 1681 secundum
860 1617 1007 1692 nullam3
1054 1637 1134 1702 ergo
1170 1619 1350 1681 secundum
1388 1637 1523 1682 omnem

372 1724 590 1787 directionem
612 1723 787 1804 positionis
809 1741 938 1785 sursum
962 1732 995 1785 et
1027 1723 1190 1799 deorsum,
1213 1733 1292 1786 ante
1314 1732 1348 1785 et
1372 1734 1467 1798 retr0‚
1490 1733 1525 1784 et

371 1829 553 1892 secundum
574 1847 689 1890 omnes
707 1827 899 1891 diametros.
945 1825 1032 1890 Item
1054 1827 1240 1908 ubicunque
1260 1827 1393 1909 ponitur
1410 1825 1525 1891 oculus

372 1932 553 1996 secundum
577 1951 692 1994 omnes
714 1932 894 1995 diametros
917 1930 955 1992 fit
977 1931 1060 1994 visio
1092 1930 1180 1994 illius
1207 1933 1319 2012 partis,
1341 1934 1368 1996 si
1391 1951 1457 1994 non
1480 1930 1524 1992 sit

373 2036 593 2100 obstaculum.
639 2036 708 2100 Sed
718 2036 831 2100 oculus
849 2056 915 2099 non
923 2036 1016 2099 videt
1029 2035 1089 2098 nisi
1101 2057 1159 2118 per
1170 2038 1314 2119 speciem
1327 2036 1523 2100 venientem.

375 2141 467 2225 Ergo
483 2150 616 2224 oportet
630 2141 722 2222 quod
738 2141 780 2203 ad
797 2160 930 2203 omnem
946 2149 1075 2222 partem
1084 2142 1220 2205 veniant
1230 2141 1357 2224 species
1372 2141 1524 2204 radiosae

372 2247 416 2310 ab
439 2247 558 2310 eodem
581 2254 725 2327 puncto;
755 2264 816 2309 nec
839 2255 890 2308 est
913 2244 1037 2326 aliquid
1061 2244 1115 2308 hic
1139 2246 1172 2307 in
1195 2245 1407 2320 contrarium,
1431 2245 1522 2327 quod

373 2349 588 2432 probabiliter
604 2350 708 2433 possit
724 2349 800 2413 dici.
848 2349 894 2414 Et
910 2359 1021 2413 tamen
1043 2368 1110 2413 non
1132 2369 1221 2433 pono
1240 2349 1369 2414 infinita
1388 2351 1420 2412 in
1436 2359 1523 2424 actu,

372 2455 536 2518 sumendo
549 2454 712 2518 infinitum
730 2453 891 2530 absolute,
906 2455 965 2518 sed
981 2454 1043 2516 sub
1058 2473 1155 2517 sensu
1171 2453 1361 2518 Aristotelis
1377 2456 1523 2517 secundo

373 2560 416 2621 de
429 2556 651 2622 Generatione
664 2581 671 2632 ;
694 2556 818 2621 scilicet
828 2577 896 2620 non
909 2565 960 2621 tot
973 2558 1050 2639 quin
1062 2558 1176 2640 plura3
1201 2559 1280 2640 quia
1294 2577 1362 2621 non
1375 2567 1426 2622 tot
1439 2557 1522 2621 radii

372 2663 527 2746 signandi
542 2672 619 2726 sunt
634 2671 667 2725 et
683 2661 784 2726 fiendi
799 2661 843 2725 ab
863 2664 982 2726 eodem
1005 2673 1139 2744 puncto,
1158 2662 1238 2744 quin
1259 2661 1369 2745 plures
1384 2672 1522 2746 possunt

372 2765 503 2850 signari.
549 2767 621 2830 Nec
643 2776 756 2830 tamen
780 2765 818 2830 fit
840 2765 1030 2848 hujusmodi
1063 2766 1189 2848 species
1220 2766 1349 2830 radiosa
1378 2787 1398 2830 a
1430 2777 1524 2848 parte

372 2871 512 2952 agentis,
524 2890 609 2953 quae
622 2881 721 2935 exeat
736 2872 780 2935 ab
795 2870 910 2944 cased
928 2870 1100 2934 utdictum
1117 2880 1178 2950 est,
1189 2881 1226 2934 ut
1241 2869 1301 2935 fiat
1316 2872 1359 2934 de
1376 2872 1524 2953 potentia

372 2975 539 3057 patientis,
569 2997 589 3039 a
615 2975 736 3038 virtute
766 2985 878 3038 tamen
908 2984 941 3038 et
972 2974 1121 3055 potentia
1151 2975 1259 3039 activa
1289 2976 1391 3058 partis
1421 2975 1524 3057 ipsius

371 3081 510 3160 agentis.
557 3079 601 3143 Et
624 3100 690 3142 non
713 3079 820 3142 solum
843 3089 893 3142 est
915 3080 958 3142 de
981 3089 1075 3162 parte
1096 3099 1220 3155 verum,
1243 3081 1331 3163 quod
1365 3081 1410 3144 sic
1442 3078 1524 3142 fiunt

371 3182 491 3246 infiniti
508 3183 590 3246 radii
606 3184 639 3248 in
655 3202 790 3246 omnem
807 3193 946 3265 partem,
962 3184 994 3246 in
1010 3201 1077 3264 qua
1092 3203 1158 3246 non
1174 3181 1212 3247 fit
1228 3184 1502 3267 impedimentum
1516 3206 1524 3258 3

372 3287 432 3349 sed
454 3287 498 3348 de
519 3307 716 3369 quocunque
738 3299 858 3370 agente
880 3299 932 3352 est
956 3289 1011 3366 ita,
1034 3290 1126 3369 quod
1157 3309 1261 3371 agens
1282 3299 1332 3352 est
1363 3298 1523 3368 tanquam

373 3400 515 3472 punctus
544 3392 729 3456 communis
757 3413 778 3455 a
807 3412 875 3474 quo
913 3393 1019 3455 lineae
1049 3393 1082 3454 in
1116 3412 1249 3456 omnem
1282 3403 1409 3475 partem
1440 3391 1525 3458 fiunt

372 3494 521 3557 infinitae
531 3515 721 3577 superquas
731 3496 994 3578 multiplicantur
1005 3497 1130 3579 species
1139 3497 1298 3562 radiosac.
1345 3499 1390 3561 Et
1409 3508 1522 3562 tamen

373 3599 479 3684 magis
494 3599 626 3684 proprie
646 3601 766 3664 dicitur
785 3604 875 3686 quod
896 3603 1002 3686 prima
1019 3623 1097 3685 pars
1119 3603 1275 3685 patientis
1296 3613 1347 3666 est
1363 3614 1523 3686 tanquam

373 3704 563 3787 hujusmodi
587 3716 739 3787 punctuS,
761 3708 838 3788 quia
860 3708 893 3770 in
916 3708 1053 3772 veritate
1078 3709 1184 3790 prima
1213 3708 1307 3790 origo
1328 3709 1449 3790 speciei
1472 3719 1523 3774 est

372 3808 519 3872 totaliter
535 3809 567 3872 in
588 3810 695 3890 prima
717 3820 809 3892 parte
831 3811 997 3892 patientis,
1012 3820 1046 3875 et
1067 3813 1109 3875 ab
1132 3833 1171 3875 ea
1191 3812 1386 3877 diffunditur
1401 3813 1524 3896 ubique

373 3914 406 3975 in
421 3933 555 3978 ornnem
572 3924 709 3995 partem,
732 3924 766 3978 et
788 3916 972 3978 secundum
990 3936 1105 3979 omnes
1129 3917 1326 3982 directiones
1347 3919 1524 4000 positionis

372 4025 407 4081 et
421 4039 536 4082 omnes
551 4018 742 4082 diametros.
789 4019 890 4084 Unde
905 4021 1012 4104 prima
1029 4041 1104 4102 pars
1119 4021 1274 4103 patientis
1295 4032 1347 4085 est
1362 4033 1522 4106 tanquam

372 4132 523 4186 centrum
540 4143 716 4187 commune
731 4125 774 4188 ad
791 4123 937 4190 infinitas
953 4125 1057 4188 lineas
1072 4133 1106 4187 et
1118 4125 1237 4202 radios,
1248 4134 1280 4188 et
1296 4136 1347 4191 est
1362 4128 1524 4192 terminus

373 4227 522 4290 omnium
540 4228 583 4291 ad
598 4248 697 4310 quem
711 4229 938 4293 terminantur.
985 4229 1064 4292 Pars
1074 4249 1153 4292 vero
1162 4231 1291 4312 agentis
1307 4241 1356 4294 est
1371 4241 1522 4297 centrum

372 4339 407 4393 et
429 4331 588 4395 terminus
625 4334 668 4397 ad
706 4353 806 4419 quem
843 4335 1087 4416 contiguantur.
1134 4332 1181 4396 Et
1218 4336 1294 4417 quia
1330 4335 1522 4416 hujusmodi

373 4436 614 4520 multiplicatio,
634 4435 860 4520 cujuscunque
883 4440 936 4515 sit,
959 4449 1009 4502 est
1035 4438 1153 4504 similis
1173 4439 1274 4504 radiis
1294 4439 1524 4521 multiplicatis

371 4561 392 4603 a
408 4540 513 4617 stella,
536 4541 611 4603 ideo
630 4541 859 4605 universaliter
877 4564 1011 4608 omnem
1036 4543 1345 4626 multiplicationem
1362 4564 1523 4612 vocamus

372 4645 550 4722 radiosam,
565 4653 599 4709 et
614 4645 723 4712 radios
732 4647 871 4713 dicimus
881 4647 960 4722 fieri,
969 4649 1038 4712 sive
1047 4649 1114 4712 sint
1130 4649 1219 4726 lucis,
1231 4649 1299 4712 sive
1313 4648 1442 4725 coloris,
1453 4651 1523 4718 siue
