3542 5359
389 592 452 671 526
666 593 1003 653 MULTIPLICATIO
1028 592 1281 653 SPECIERUM.

391 779 496 841 quare
518 768 555 822 ut
577 757 753 836 concludit,
769 768 903 843 oportet
926 758 1018 839 quod
1041 758 1162 839 speciei
1186 756 1425 838 multiplicatio
1448 756 1493 821 sit
1516 756 1548 819 in

393 875 554 945 tempore.
599 863 656 926 Ex
678 864 822 947 septimo
841 884 920 926 vero
942 861 1092 925 slmiliter
1115 861 1264 942 ejusdem
1287 862 1433 925 habetur
1456 862 1548 942 quod

392 969 487 1031 citius
518 968 670 1050 pervenit
700 968 828 1050 species
863 966 1148 1050 perpendicularis
1181 968 1224 1029 ad
1261 967 1438 1030 termidum
1471 986 1551 1029 suae

394 1072 675 1156 multiplicationis
690 1092 792 1153 quam
808 1073 934 1154 species
948 1071 1059 1147 fracta,
1070 1072 1206 1152 quando
1218 1072 1354 1134 veniunt
1370 1072 1414 1134 ab
1429 1071 1550 1133 eodem

392 1187 523 1260 agente.
582 1176 649 1240 Sed
673 1162 825 1240 citius'et
848 1176 974 1240 tardius
997 1195 1062 1238 non
1086 1186 1163 1239 sunt
1187 1176 1245 1239 nisi
1268 1176 1300 1238 in
1326 1184 1491 1257 ternpore,
1515 1182 1552 1237 ut

393 1280 594 1345 Aristoteles
626 1281 705 1344 dicit
731 1291 851 1363 quarto
883 1279 1107 1362 PbysIcorum,
1134 1290 1168 1344 et
1193 1289 1302 1344 sexto.
1349 1280 1434 1343 Item
1460 1278 1552 1342 nulla

393 1388 498 1449 virtus
513 1384 630 1449 finita¹
647 1385 716 1468 agit
730 1386 763 1447 in
779 1385 924 1463 instanti,
940 1394 976 1447 ut
992 1384 1133 1449 habetur
1154 1404 1198 1446 ex
1215 1394 1313 1448 sexto
1330 1383 1551 1465 Physicorum

395 1489 597 1566 Aristotelis,
619 1490 699 1571 quia
720 1499 799 1553 tunc
820 1489 926 1572 major
941 1490 1045 1553 virtus
1063 1499 1176 1573 ageret
1197 1489 1229 1552 in
1250 1489 1368 1552 minori
1390 1509 1495 1571 quam
1520 1489 1552 1551 in

394 1594 536 1673 instanti,
555 1602 589 1657 et
612 1603 690 1658 tunc
706 1594 810 1657 virtus
832 1592 925 1658 finita
948 1602 982 1656 et
1005 1592 1132 1658 infinita
1155 1603 1376 1676 aequarentur
1396 1595 1427 1655 in
1453 1594 1554 1656 dura·

395 1699 487 1762 tione
498 1698 647 1768 actionis,
660 1708 698 1761 ut
712 1696 854 1761 habetur
868 1698 901 1760 in
918 1697 984 1761 line
999 1698 1107 1762 octavi
1125 1698 1349 1780 Physicorum‚
1359 1699 1440 1780 quia
1449 1698 1554 1761 virtus

396 1802 523 1866 infinita
546 1803 617 1883 agit
640 1803 672 1865 in
696 1803 844 1867 instanti.
891 1801 959 1866 Sed
981 1802 1100 1885 speciei
1123 1814 1174 1867 est
1196 1802 1301 1867 virtus
1323 1802 1425 1879 finita,
1449 1822 1555 1883 quare

395 1927 463 1970 non
494 1908 564 1989 agit
595 1908 627 1969 in
659 1906 805 1971 instanti.
851 1907 938 1971 Item
969 1927 1055 1988 quae
1085 1916 1136 1971 est
1165 1908 1338 1991 proportio
1365 1907 1481 1990 puncti
1510 1906 1554 1969 ad

396 2011 528 2085 lineam,
550 2021 600 2074 est
623 2012 778 2075 Instantis
798 2013 843 2075 ad
862 2021 1015 2092 tempus;
1038 2032 1118 2095 ergo
1143 2013 1365 2094 permutatim,
1388 2031 1477 2093 quae
1504 2022 1555 2074 est

397 2118 509 2200 puncti
536 2116 578 2179 ad
604 2116 740 2190 instans
766 2124 817 2178 est
843 2115 951 2179 lineae
981 2118 1025 2179 ad
1059 2126 1211 2197 tempus;
1243 2116 1302 2179 sed
1334 2115 1555 2199 pertransitus

398 2221 512 2302 puncti
542 2228 592 2283 est
627 2220 659 2281 in
692 2220 839 2297 instanti,
869 2240 949 2303 ergo
981 2230 1014 2283 et
1044 2221 1142 2303 spatii
1172 2220 1303 2284 linearis
1334 2221 1366 2283 in
1392 2231 1554 2302 tempore

399 2325 484 2389 Item
515 2324 607 2407 prius
645 2336 680 2388 et
716 2324 880 2406 posterius
918 2324 951 2388 in
988 2326 1098 2406 spatio
1135 2335 1212 2389 sunt
1241 2346 1341 2388 causa
1371 2325 1491 2407 prioris
1521 2333 1555 2387 et

397 2430 589 2513 posterioris
616 2428 648 2489 in
671 2427 887 2491 translatione
917 2430 1025 2510 spatii
1045 2438 1078 2492 et
1109 2429 1143 2492 in
1173 2430 1358 2502 duratione,
1386 2438 1419 2491 et
1450 2429 1500 2492 ita
1522 2430 1555 2491 in

397 2545 555 2616 tempore,
579 2542 616 2595 ut
640 2532 782 2596 babetur
804 2534 836 2595 in
861 2543 981 2614 quarto
1006 2532 1239 2615 Physicorum;
1275 2554 1354 2617 ergo
1380 2534 1556 2598 translatio

398 2638 517 2721 speciei
542 2639 724 2700 secundum
756 2639 847 2720 prius
877 2649 911 2701 et
943 2638 1107 2719 posterius
1142 2638 1239 2721 spatii
1270 2638 1371 2701 habet
1400 2638 1493 2720 prius
1521 2649 1556 2701 et

398 2742 564 2826 posterius
585 2742 617 2802 in
637 2742 812 2806 duratione
832 2752 866 2805 et
888 2742 934 2805 ita
953 2742 986 2805 in
1007 2752 1165 2825 tempore.
1213 2742 1298 2806 Item
1320 2742 1557 2824 multiplicatio

399 2846 519 2929 speciei
541 2867 607 2910 non
629 2846 796 2929 dependet
814 2846 858 2910 ab
877 2844 943 2910 alio
965 2856 1068 2908 motu.
1116 2847 1262 2910 Ponatur
1280 2868 1358 2929 ergo
1378 2849 1470 2928 quod
1488 2868 1555 2910 non

399 2952 444 3015 sit
467 2951 552 3013 alius
577 2959 696 3014 motus
743 2949 780 3014 Si
807 2970 886 3033 ergo
914 2950 1102 3031 hujusmodi
1130 2961 1240 3014 motus
1266 2962 1406 3015 nonest
1434 2963 1557 3027 motus,

400 3063 532 3135 tempus
548 3074 614 3117 non
630 3064 682 3119 est
697 3063 839 3135 tempus,
854 3054 934 3134 quia
949 3062 1081 3134 tempus
1098 3074 1164 3118 non
1184 3064 1235 3118 est
1251 3054 1322 3117 sine
1341 3065 1446 3118 motu.
1485 3052 1556 3119 Sed

400 3158 528 3222 instans
551 3178 617 3222 non
646 3167 696 3221 est
721 3158 793 3221 sine
816 3168 975 3240 tempore,
996 3158 1080 3221 sicut
1106 3178 1165 3220 nec
1190 3170 1333 3241 punctus
1355 3159 1424 3222 sine
1448 3156 1556 3234 linea3

400 3282 480 3343 ergo
505 3260 681 3325 translatio
706 3261 829 3344 speciei
859 3262 893 3323 in
923 3271 1084 3342 quantum
1112 3262 1302 3345 hujusmodi
1332 3282 1398 3325 non
1428 3262 1490 3325 erit
1520 3262 1555 3323 in

400 3375 551 3448 tempore
574 3386 634 3429 nec
658 3366 691 3427 in
713 3366 875 3442 instante3
910 3374 967 3429 aut
990 3375 1123 3447 oportet
1147 3367 1272 3430 instans
1294 3386 1392 3449 posse
1414 3363 1555 3447 intelllgi

400 3470 472 3533 sine
488 3471 650 3550 tempore,
665 3470 756 3550 quod
772 3490 843 3533 esse
859 3489 927 3532 non
942 3479 1061 3552 potest.

229 3574 380 3656 ruoughthe
446 3571 481 3636 Si
497 3592 574 3635 vero
594 3572 779 3653 objiciatur,
795 3574 886 3653 quod
911 3574 1007 3636 multi
1027 3584 1179 3637 auctores
1201 3575 1316 3637 dicunt
1330 3574 1421 3655 quod
1443 3571 1557 3635 multi·

230 3654 382 3758 3ζῇιὲαῆ
401 3676 537 3761 plicatio
563 3677 683 3758 speciei
708 3676 790 3740 lucis
817 3687 867 3740 est
892 3678 1014 3755 subito,
1040 3687 1077 3740 ut
1105 3678 1270 3741 Averroes
1299 3686 1332 3742 et
1363 3676 1492 3741 Seneca
1520 3676 1558 3738 in

231 3774 387 3889 335²&
402 3780 629 3858 Naturalibus,
654 3790 687 3843 et
710 3781 766 3845 alii
791 3781 925 3856 dicunt;
958 3782 1135 3846 dicendum
1160 3793 1222 3859 est,
1245 3781 1337 3863 quod
1362 3781 1475 3845 subito
1500 3780 1560 3843 hic

231 3905 369 3970 perceived.
402 3886 544 3947 sumitur
568 3905 629 3966 pro
652 3894 803 3968 tempore
827 3885 1017 3961 insensibili,
1041 3896 1075 3951 et
1099 3885 1245 3949 similiter
1270 3886 1402 3958 instans,
1428 3886 1459 3947 in
1488 3904 1561 3967 quo

402 3990 519 4052 dicunt
545 3986 613 4051 fieri
638 3988 829 4068 hujusmodi
852 3989 1072 4053 diffusionem.
1119 3988 1220 4071 Quod
1248 4010 1325 4053 vero
1354 3987 1563 4053 Aristoteles

402 4093 485 4156 dicit
500 4093 645 4157 secundo
660 4094 703 4155 de
712 4093 847 4173 Anima,
856 4094 946 4174 quod
963 4094 996 4156 in
1013 4114 1115 4175 parvo
1132 4094 1240 4177 spatio
1250 4092 1356 4177 possit
1369 4113 1429 4156 nos
1444 4102 1564 4155 motus

402 4191 483 4254 lucis
506 4192 619 4269 latere,
639 4193 697 4255 sed
719 4194 752 4256 in
773 4212 904 4275 magno,
928 4194 1014 4257 sicut
1038 4204 1087 4258 est
1114 4195 1157 4257 ab
1179 4193 1307 4257 oriente
1334 4194 1367 4255 in
1390 4193 1566 4266 occidenS,

403 4316 469 4360 non
492 4306 542 4359 est
565 4295 627 4359 hoc
650 4296 816 4378 possibile,
836 4308 870 4361 et
892 4298 938 4361 ita
961 4318 1027 4361 non
1051 4296 1110 4363 fiet
1132 4296 1175 4360 ab
1199 4297 1325 4361 oriente
1345 4297 1378 4359 in
1401 4298 1567 4360 occidens

403 4400 637 4463 insensibiliter
653 4410 686 4463 et
702 4400 1016 4484 imperceptibiliter,
1032 4403 1089 4465 sed
1106 4402 1138 4465 in
1158 4411 1308 4483 tempore
1328 4400 1544 4485 perceptibili
1560 4427 1569 4480 ;

437 4552 442 4578 ¹
460 4553 524 4601 This
542 4554 642 4613 subject
660 4554 683 4601 la
702 4553 837 4603 dlacussed
853 4556 880 4602 in
898 4554 958 4604 Nat.
970 4555 1095 4616 Ama,
1109 4555 1152 4606 lib.
1172 4555 1204 4603 vi.
1223 4570 1277 4617 cap.
1297 4570 1319 4616 7,
1337 4554 1389 4603 und
1406 4554 1436 4603 ln
1453 4556 1500 4607 lib.
1511 4558 1573 4607 viii.

403 4647 451 4693 cap
474 4647 513 4681 10.
548 4630 623 4681 With
636 4633 688 4681 this
695 4631 808 4712 chapter
817 4633 913 4682 should
925 4634 957 4682 be
970 4636 1107 4697 compared
1118 4634 1278 4697 Perspectrba,
1292 4648 1335 4696 pp.
1346 4634 1441 4695 68-74.
