3542 5359
399 649 594 710 MORALIS
617 650 937 711 PHILOSOPHIA:
961 651 1077 711 PARS
1101 651 1286 726 QUARTA.
1361 650 1422 732 389

270 813 387 878 abeis
413 814 593 890 consilium,
619 833 695 878 cum
724 813 832 878 suerat
855 812 1060 879 infirmata¹.
1106 814 1218 879 Facile
1244 825 1294 880 est
1322 815 1423 898 igitur

269 918 489 982 consideranti
504 918 565 981 has
583 919 734 982 evacuari
756 920 877 983 debere
897 929 1014 983 sectas.
1060 918 1127 984 Sed
1150 928 1217 984 tres
1239 920 1324 984 aliae
1344 928 1422 984 sunt

270 1022 377 1105 magis
406 1021 628 1101 rationabiles,
656 1021 790 1100 scilicet,
811 1033 904 1088 secta
933 1023 1146 1105 Judaeorum,
1171 1022 1421 1102 Saracenorum,

269 1135 303 1189 et
319 1125 591 1191 Christianorum.

311 1228 412 1311 Quod
441 1239 554 1294 autem
584 1231 657 1295 sola
685 1230 743 1294 lex
774 1229 963 1296 Christiana
992 1232 1035 1295 sit
1061 1231 1278 1315 praeferenda
1304 1239 1419 1314 potest
1433 1243 1557 1294 christian

268 1332 370 1397 homo
392 1334 600 1399 considerare
625 1334 677 1398 his
699 1336 816 1400 modis
861 1337 972 1399 Primo
991 1357 1051 1418 per
1072 1337 1252 1400 sententias
1274 1335 1418 1418 philoso·
1432 1311 1569 1440 ζζζὲζξζξέ

267 1436 409 1519 phorum
432 1438 582 1520 superius
604 1447 783 1502 annotatas
803 1440 836 1501 in
857 1439 1078 1520 applicatione
1099 1438 1356 1503 mathematicae
1376 1440 1419 1503 ad
1433 1442 1559 1506 hyphilo-

268 1540 460 1617 Ecclesiam,
475 1551 510 1604 et
526 1542 558 1604 in
574 1542 681 1623 prima
694 1553 789 1624 parte
804 1543 943 1606 Moralis
956 1541 1191 1625 Philosophiae
1202 1540 1223 1606 ².
1268 1543 1358 1606 Nam
1375 1543 1420 1606 ibi
1433 1508 1522 1571 ⁵⁰th¹

269 1646 391 1708 dantur
406 1644 528 1708 nobilia
543 1646 732 1709 testimonia
747 1644 789 1708 de
804 1646 949 1710 articulis
969 1645 1046 1711 fidei
1063 1645 1279 1721 Christianae,
1295 1643 1420 1710 scilicet

266 1747 310 1811 de
341 1747 438 1812 beata
466 1748 641 1826 Trinitate,
670 1750 714 1812 de
743 1747 885 1826 Christo,
917 1759 951 1812 et
982 1751 1024 1813 de
1054 1750 1153 1814 beata
1179 1749 1339 1832 Virgine3
1377 1751 1420 1814 de

266 1853 431 1915 creatione
446 1853 571 1932 mundi,
585 1853 629 1916 de
643 1853 777 1935 angelis,
795 1854 839 1918 de
860 1853 1035 1918 animabus
1051 1856 1143 1918 etde
1159 1853 1270 1918 tuturo
1284 1853 1420 1936 judicio,

267 1957 310 2019 de
325 1958 395 2019 vita
413 1967 557 2030 aeterna,
580 1957 623 2020 de
645 1958 881 2022 resurrectione
899 1977 1085 2040 corporum,
1106 1958 1149 2020 de
1169 1977 1277 2040 poena
1299 1978 1421 2041 purga·

267 2061 353 2134 torii,
362 2062 405 2124 de
414 2080 522 2142 poena
530 2061 655 2138 inferni,
665 2073 699 2126 et
711 2061 903 2144 hujusmodi
913 2082 1000 2144 quae
1011 2063 1044 2124 in
1054 2070 1145 2125 secta
1156 2058 1418 2126 Christianorum

267 2165 486 2228 continentur.
1427 2236 1432 2244 ,

311 2268 389 2331 Non
405 2269 450 2332 sic
466 2280 578 2333 autem
594 2269 809 2352 Philosophia
824 2277 875 2333 est
893 2267 1070 2333 conformis
1091 2277 1202 2333 sectae
1212 2267 1417 2350 Judaeorum
1432 2279 1486 2329 Not
1498 2295 1526 2328 so
1537 2279 1579 2327 the

266 2381 299 2435 et
324 2371 586 2450 Saracenorum;
608 2393 668 2436 nec
691 2374 773 2437 dant
795 2371 984 2455 philosophi
1007 2374 1054 2436 eis
1076 2373 1276 2437 testimonia.
1324 2373 1416 2456 Ergo
1431 2345 1587 2468 fflffsm*

269 2475 479 2539 manifestum
506 2485 557 2538 est
586 2477 676 2558 quod
705 2496 782 2540 cum
813 2475 1027 2557 Philosophia
1052 2487 1102 2540 est
1131 2474 1345 2558 praeambula
1374 2477 1418 2539 ad
1431 2476 1473 2526 the
1483 2475 1585 2540 Jewish.

266 2588 402 2657 sectam,
417 2591 451 2642 et
473 2580 619 2662 disponit
634 2579 785 2643 homines
801 2581 832 2642 in
852 2600 939 2656 eam,
956 2589 1088 2662 oportet
1103 2580 1194 2662 quod
1217 2578 1288 2644 sola
1304 2578 1417 2644 Chris·

267 2682 431 2746 tianorum
446 2693 537 2746 secta
551 2683 594 2745 sit
610 2683 763 2746 tenenda.
809 2683 896 2748 ltem
917 2683 1107 2766 philosophi
1125 2703 1192 2745 non
1212 2682 1320 2746 solum
1336 2684 1418 2747 dant

267 2786 356 2848 viam
377 2786 411 2848 in
432 2794 559 2849 sectam
581 2783 812 2864 Christianam,
827 2789 885 2850 sed
909 2789 1082 2851 destruunt
1100 2786 1182 2849 alias
1204 2787 1287 2850 duas
1303 2795 1420 2876 sectas.

269 2889 438 2972 Quoniam
469 2888 597 2954 Seneca
626 2890 659 2952 in
689 2888 775 2954 libro
804 2911 866 2955 suo
896 2911 995 2973 quem
1022 2890 1099 2954 lecit
1128 2899 1243 2953 contra
1271 2889 1421 2954 sectam3

266 2992 471 3074 Judaeorum
495 2994 640 3057 ostendit
663 2993 777 3058 multis
798 2995 906 3058 modis
926 2994 1017 3077 quod
1038 2993 1354 3058 irrationabilissima
1369 3002 1420 3058 est

267 3108 301 3162 et
331 3116 477 3176 erronea,
506 3097 687 3162 secundum
716 3099 808 3179 quod
842 3100 884 3162 ad
916 3097 1022 3162 solam
1052 3097 1180 3160 literam
1210 3107 1349 3175 tenetur,
1382 3109 1421 3162 ut

266 3201 387 3283 Judaei
417 3199 564 3267 carnales
592 3201 803 3268 crediderunt
833 3202 891 3284 qui
924 3223 1000 3266 eam
1030 3201 1179 3267 sufficere
1208 3202 1251 3265 ad
1277 3199 1419 3265 salutem

267 3307 535 3370 aestimaverunt.

312 3410 358 3473 Et
388 3409 577 3492 philosophi
605 3410 763 3476 Saraceni
784 3430 880 3474 suam
903 3411 1011 3493 legem
1036 3409 1226 3492 vituperant
1252 3419 1287 3474 et
1313 3409 1421 3474 deter-

268 3515 397 3578 minant
410 3514 499 3597 quod
509 3514 576 3578 cito
588 3513 729 3578 deficiet
774 3514 865 3578 Nam
877 3513 1053 3579 Avicenna
1069 3535 1158 3579 nono
1169 3515 1422 3598 Metaphysicae

267 3637 346 3681 suae
362 3617 528 3700 redarguit
550 3617 801 3681 Machometum
825 3627 963 3703 propter
983 3619 1048 3683 hoc
1072 3620 1163 3700 quod
1183 3619 1291 3683 solum
1310 3619 1421 3703 posuit

268 3722 401 3786 delicias
416 3721 603 3806 corporales
618 3732 653 3787 et
668 3742 734 3785 non
749 3723 945 3804 spirituales.
985 3723 1031 3786 Et
1041 3721 1247 3787 Albumazar
1263 3723 1296 3786 in
1313 3725 1421 3805 primo

267 3827 351 3890 libro
376 3825 655 3908 Conjunctionum
677 3827 776 3891 docet
798 3829 890 3909 quod
912 3827 955 3891 ad
983 3827 1059 3909 plus
1084 3846 1152 3892 non
1176 3828 1308 3892 durabit
1331 3838 1420 3890 secta

267 3931 322 3994 illa
348 3931 409 3994 nisi
436 3951 495 4014 per
520 3931 584 4015 ⁶93
613 3950 729 4006 annos,
761 3941 795 3996 et
817 3931 888 4013 jam
914 3932 1116 3995 transierunt
1143 3931 1206 4010 665
1215 3928 1239 4006 ⁴,
1266 3940 1301 3995 et
1326 3931 1419 4013 ponit

267 4034 358 4117 quod
374 4042 486 4116 potest
497 4032 637 4098 deficere
651 4033 684 4097 in
703 4034 832 4112 minori,
847 4034 933 4099 sicut
953 4035 1105 4117 superius
1126 4035 1159 4097 in
1175 4033 1419 4097 Mathematicis

298 4153 308 4182 ¹
326 4153 366 4202 Cf.
377 4169 421 4216 pp.
432 4168 515 4215 aar-4
527 4153 559 4202 os
566 4155 611 4202 the
623 4153 762 4204 narrative.

299 4232 310 4261 ¹
325 4231 366 4282 Cf.
377 4233 427 4282 vol.
441 4233 458 4280 i.
470 4247 513 4294 pp.
525 4245 614 4294 asa-4,
627 4233 680 4281 and
688 4233 739 4282 vol
751 4233 777 4284 ii.
789 4248 833 4296 pp.
845 4234 952 4294 ποθ-48.

299 4310 310 4339 ⁸
325 4311 432 4373 Among
447 4312 492 4360 the
507 4309 649 4372 fragments
665 4311 696 4360 oi
709 4311 811 4361 Seneca
829 4316 880 4376 (41,
899 4314 953 4376 42),
968 4311 1044 4360 there
1060 4310 1084 4360 is
1100 4326 1116 4359 a
1132 4325 1242 4374 passage
1260 4308 1367 4371 (quoted
1384 4309 1419 4372 by

268 4389 306 4440 St.
313 4389 511 4451 AugustineDe
518 4389 619 4438 outae
625 4389 680 4452 Dei,
689 4391 722 4439 vi.
733 4390 783 4453 11),
789 4391 816 4438 in
823 4391 910 4438 which
918 4391 952 4439 he
960 4391 1058 4439 attacks
1066 4392 1110 4439 the
1119 4389 1286 4438 Sabbatarian
1294 4387 1420 4450 practices

268 4470 297 4519 oi
304 4469 350 4518 the
359 4467 442 4528 lewa
464 4467 516 4516 But
528 4483 563 4516 no
572 4469 722 4531 systematic
733 4469 839 4518 neatiae
850 4469 984 4531 attacking
993 4469 1109 4530 Judaism
1121 4484 1150 4517 as
1160 4485 1176 4517 a
1187 4466 1274 4517 whole
1287 4468 1308 4516 is
1320 4475 1417 4518 extant.

298 4549 309 4578 ⁴
325 4550 374 4608 665
390 4547 586 4596 nahommedan
601 4562 679 4608 years
694 4549 725 4595 oi
736 4561 786 4609 354
803 4549 878 4610 days,
893 4547 969 4610 equal
984 4563 1049 4610 very¹
1063 4548 1154 4609 nearly
1167 4547 1233 4610 644}
1252 4546 1282 4594 oi
1294 4561 1343 4594 our
1358 4560 1420 4595 own

266 4642 361 4690 years3
382 4627 469 4676 which
485 4625 574 4687 bringa
590 4626 635 4674 the
655 4628 715 4676 date
731 4635 759 4675 to
777 4627 840 4688 1²⁶7
857 4625 888 4676 oi
902 4642 950 4675 our
968 4641 1021 4682 era.
1037 4625 1088 4676 i.e.
1104 4632 1132 4675 to
1150 4625 1195 4675 the
1210 4639 1275 4688 year
1291 4623 1318 4673 in
1335 4623 1421 4673 which

269 4705 358 4756 Batou
373 4721 430 4756 was
444 4704 556 4767 waiting.
590 4701 630 4755 Cf.
640 4705 691 4756 vol.
703 4704 719 4754 i.
732 4719 757 4767 p.
771 4706 828 4756 2⁶⁶.
