<?xml version="1.0" encoding="UTF-8"?>
<!DOCTYPE html PUBLIC "-//W3C//DTD XHTML 1.0 Transitional//EN"
    "http://www.w3.org/TR/xhtml1/DTD/xhtml1-transitional.dtd">
<html xmlns="http://www.w3.org/1999/xhtml" xml:lang="en" lang="en">
 <head>
  <title>
</title>
<meta http-equiv="Content-Type" content="text/html;charset=utf-8" />
  <meta name='ocr-system' content='tesseract 3.04.00' />
  <meta name='ocr-capabilities' content='ocr_page ocr_carea ocr_par ocr_line ocrx_word'/>
</head>
<body>
  <div class='ocr_page' id='page_1' title='image "./opusmajusrogerb02bridgoog/opusmajusrogerb02bridgoog_0546.png"; bbox 0 0 3542 5359; ppageno 0'>
   <div class='ocr_carea' id='block_1_1' title="bbox 527 590 1382 673">
    <p class='ocr_par' dir='ltr' id='par_1_1' title="bbox 527 590 1382 673">
     <span class='ocr_line' id='line_1_1' title="bbox 527 590 1382 673; baseline 0 -18"><span class='ocrx_word' id='word_1_1' title='bbox 527 597 642 656; x_wconf 84' lang='lat' dir='ltr'><em>PARS</em></span> <span class='ocrx_word' id='word_1_2' title='bbox 668 590 864 670; x_wconf 78' lang='lat' dir='ltr'><em>QUARTA:</em></span> <span class='ocrx_word' id='word_1_3' title='bbox 901 596 988 655; x_wconf 81' lang='lat' dir='ltr'>cAP.</span> <span class='ocrx_word' id='word_1_4' title='bbox 1018 598 1075 656; x_wconf 91' lang='lat' dir='ltr'><em>III.</em></span> <span class='ocrx_word' id='word_1_5' title='bbox 1322 612 1382 673; x_wconf 84' lang='lat'>527</span> 
     </span>
    </p>
   </div>
   <div class='ocr_carea' id='block_1_2' title="bbox 230 756 1554 3035">
    <p class='ocr_par' dir='ltr' id='par_1_2' title="bbox 230 756 1495 2495">
     <span class='ocr_line' id='line_1_2' title="bbox 231 756 1495 844; baseline -0.003 -17"><span class='ocrx_word' id='word_1_6' title='bbox 231 763 407 827; x_wconf 90' lang='lat' dir='ltr'>dicendum</span> <span class='ocrx_word' id='word_1_7' title='bbox 422 771 484 837; x_wconf 89' lang='lat' dir='ltr'>est,</span> <span class='ocrx_word' id='word_1_8' title='bbox 498 762 590 844; x_wconf 85' lang='lat' dir='ltr'>quod</span> <span class='ocrx_word' id='word_1_9' title='bbox 610 762 674 824; x_wconf 94' lang='lat' dir='ltr'>hoc</span> <span class='ocrx_word' id='word_1_10' title='bbox 696 761 775 825; x_wconf 90' lang='lat' dir='ltr'>dicit</span> <span class='ocrx_word' id='word_1_11' title='bbox 796 771 911 824; x_wconf 87' lang='lat' dir='ltr'>contra</span> <span class='ocrx_word' id='word_1_12' title='bbox 935 756 1198 841; x_wconf 91' lang='lat' dir='ltr'>Empedoclem¹</span> <span class='ocrx_word' id='word_1_13' title='bbox 1214 759 1272 841; x_wconf 92' lang='lat' dir='ltr'>qui</span> <span class='ocrx_word' id='word_1_14' title='bbox 1289 762 1384 842; x_wconf 89' lang='lat' dir='ltr'>ponit</span> <span class='ocrx_word' id='word_1_15' title='bbox 1487 818 1495 838; x_wconf 78' lang='grc'>,</span> 
     </span>
     <span class='ocr_line' id='line_1_3' title="bbox 230 864 1382 942; baseline -0.003 -13"><span class='ocrx_word' id='word_1_16' title='bbox 230 868 339 932; x_wconf 90' lang='lat' dir='ltr'>lucem</span> <span class='ocrx_word' id='word_1_17' title='bbox 354 887 455 929; x_wconf 92' lang='lat' dir='ltr'>unam</span> <span class='ocrx_word' id='word_1_18' title='bbox 471 876 507 929; x_wconf 93' lang='lat' dir='ltr'>et</span> <span class='ocrx_word' id='word_1_19' title='bbox 526 867 665 930; x_wconf 87' lang='lat' dir='ltr'>eandem</span> <span class='ocrx_word' id='word_1_20' title='bbox 686 886 826 929; x_wconf 91' lang='lat' dir='ltr'>numero</span> <span class='ocrx_word' id='word_1_21' title='bbox 841 864 995 942; x_wconf 84' lang='lat' dir='ltr'>diffundi,</span> <span class='ocrx_word' id='word_1_22' title='bbox 1010 864 1110 928; x_wconf 88' lang='lat' dir='ltr'>etiam</span> <span class='ocrx_word' id='word_1_23' title='bbox 1134 864 1178 929; x_wconf 95' lang='lat' dir='ltr'>ab</span> <span class='ocrx_word' id='word_1_24' title='bbox 1198 864 1325 928; x_wconf 89' lang='lat' dir='ltr'>oriente</span> <span class='ocrx_word' id='word_1_25' title='bbox 1348 864 1382 926; x_wconf 93' lang='lat' dir='ltr'>in</span> 
     </span>
     <span class='ocr_line' id='line_1_4' title="bbox 231 968 1383 1052; baseline -0.003 -16"><span class='ocrx_word' id='word_1_26' title='bbox 231 975 385 1038; x_wconf 89' lang='lat' dir='ltr'>occidens</span> <span class='ocrx_word' id='word_1_27' title='bbox 416 992 488 1035; x_wconf 89' lang='lat' dir='ltr'>esse</span> <span class='ocrx_word' id='word_1_28' title='bbox 519 991 640 1052; x_wconf 90' lang='lat' dir='ltr'>corpus</span> <span class='ocrx_word' id='word_1_29' title='bbox 670 981 810 1048; x_wconf 89' lang='lat' dir='ltr'>motum,</span> <span class='ocrx_word' id='word_1_30' title='bbox 839 970 893 1032; x_wconf 91' lang='lat' dir='ltr'>vel</span> <span class='ocrx_word' id='word_1_31' title='bbox 924 970 1003 1051; x_wconf 91' lang='lat' dir='ltr'>quia</span> <span class='ocrx_word' id='word_1_32' title='bbox 1033 970 1145 1051; x_wconf 89' lang='lat' dir='ltr'>posuit</span> <span class='ocrx_word' id='word_1_33' title='bbox 1173 968 1280 1033; x_wconf 86' lang='lat' dir='ltr'>lucem</span> <span class='ocrx_word' id='word_1_34' title='bbox 1311 988 1383 1032; x_wconf 93' lang='lat' dir='ltr'>esse</span> 
     </span>
     <span class='ocr_line' id='line_1_5' title="bbox 231 1072 1381 1159; baseline -0.003 -20"><span class='ocrx_word' id='word_1_35' title='bbox 231 1076 405 1139; x_wconf 87' lang='lat' dir='ltr'>defluxum</span> <span class='ocrx_word' id='word_1_36' title='bbox 422 1076 576 1159; x_wconf 89' lang='lat' dir='ltr'>corporis,</span> <span class='ocrx_word' id='word_1_37' title='bbox 592 1077 678 1139; x_wconf 85' lang='lat' dir='ltr'>sicut</span> <span class='ocrx_word' id='word_1_38' title='bbox 693 1076 782 1152; x_wconf 91' lang='lat' dir='ltr'>dicit,</span> <span class='ocrx_word' id='word_1_39' title='bbox 798 1085 836 1139; x_wconf 92' lang='lat' dir='ltr'>ut</span> <span class='ocrx_word' id='word_1_40' title='bbox 855 1074 980 1137; x_wconf 90' lang='lat' dir='ltr'>rivulus</span> <span class='ocrx_word' id='word_1_41' title='bbox 995 1073 1111 1138; x_wconf 87' lang='lat' dir='ltr'>defluit</span> <span class='ocrx_word' id='word_1_42' title='bbox 1129 1095 1149 1137; x_wconf 91' lang='lat' dir='ltr'>a</span> <span class='ocrx_word' id='word_1_43' title='bbox 1164 1075 1266 1137; x_wconf 87' lang='lat' dir='ltr'>fonte.</span> <span class='ocrx_word' id='word_1_44' title='bbox 1314 1072 1381 1138; x_wconf 90' lang='lat' dir='ltr'>Sed</span> 
     </span>
     <span class='ocr_line' id='line_1_6' title="bbox 232 1179 1383 1262; baseline -0.004 -17"><span class='ocrx_word' id='word_1_45' title='bbox 232 1182 259 1245; x_wconf 89' lang='lat' dir='ltr'>si</span> <span class='ocrx_word' id='word_1_46' title='bbox 282 1191 371 1245; x_wconf 90' lang='lat' dir='ltr'>esset</span> <span class='ocrx_word' id='word_1_47' title='bbox 392 1201 513 1262; x_wconf 87' lang='lat' dir='ltr'>corpus</span> <span class='ocrx_word' id='word_1_48' title='bbox 536 1200 638 1243; x_wconf 91' lang='lat' dir='ltr'>unum</span> <span class='ocrx_word' id='word_1_49' title='bbox 659 1190 692 1243; x_wconf 89' lang='lat' dir='ltr'>et</span> <span class='ocrx_word' id='word_1_50' title='bbox 713 1181 800 1243; x_wconf 90' lang='lat' dir='ltr'>idem</span> <span class='ocrx_word' id='word_1_51' title='bbox 825 1200 964 1242; x_wconf 88' lang='lat' dir='ltr'>numero</span> <span class='ocrx_word' id='word_1_52' title='bbox 987 1179 1033 1241; x_wconf 89' lang='lat' dir='ltr'>sic</span> <span class='ocrx_word' id='word_1_53' title='bbox 1054 1190 1193 1250; x_wconf 90' lang='lat' dir='ltr'>motum,</span> <span class='ocrx_word' id='word_1_54' title='bbox 1210 1198 1276 1241; x_wconf 91' lang='lat' dir='ltr'>non</span> <span class='ocrx_word' id='word_1_55' title='bbox 1296 1188 1383 1241; x_wconf 89' lang='lat' dir='ltr'>esset</span> 
     </span>
     <span class='ocr_line' id='line_1_7' title="bbox 231 1281 1382 1369; baseline -0.003 -20"><span class='ocrx_word' id='word_1_56' title='bbox 231 1284 390 1369; x_wconf 87' lang='lat' dir='ltr'>possibile</span> <span class='ocrx_word' id='word_1_57' title='bbox 426 1286 517 1367; x_wconf 92' lang='lat' dir='ltr'>quod</span> <span class='ocrx_word' id='word_1_58' title='bbox 548 1305 609 1347; x_wconf 92' lang='lat' dir='ltr'>nos</span> <span class='ocrx_word' id='word_1_59' title='bbox 647 1283 783 1360; x_wconf 82' lang='lat' dir='ltr'>lateret3</span> <span class='ocrx_word' id='word_1_60' title='bbox 820 1284 901 1367; x_wconf 91' lang='lat' dir='ltr'>quia</span> <span class='ocrx_word' id='word_1_61' title='bbox 937 1285 1125 1347; x_wconf 88' lang='lat' dir='ltr'>videremus</span> <span class='ocrx_word' id='word_1_62' title='bbox 1161 1285 1252 1365; x_wconf 94' lang='lat' dir='ltr'>quod</span> <span class='ocrx_word' id='word_1_63' title='bbox 1291 1281 1382 1347; x_wconf 90' lang='lat' dir='ltr'>fieret</span> 
     </span>
     <span class='ocr_line' id='line_1_8' title="bbox 231 1388 1384 1464; baseline -0.005 -11"><span class='ocrx_word' id='word_1_64' title='bbox 231 1392 416 1454; x_wconf 86' lang='lat' dir='ltr'>successive</span> <span class='ocrx_word' id='word_1_65' title='bbox 430 1389 474 1452; x_wconf 93' lang='lat' dir='ltr'>ab</span> <span class='ocrx_word' id='word_1_66' title='bbox 490 1390 616 1453; x_wconf 89' lang='lat' dir='ltr'>oriente</span> <span class='ocrx_word' id='word_1_67' title='bbox 630 1390 673 1453; x_wconf 90' lang='lat' dir='ltr'>ad</span> <span class='ocrx_word' id='word_1_68' title='bbox 696 1390 842 1452; x_wconf 91' lang='lat' dir='ltr'>medium</span> <span class='ocrx_word' id='word_1_69' title='bbox 865 1388 956 1464; x_wconf 91' lang='lat' dir='ltr'>coeli,</span> <span class='ocrx_word' id='word_1_70' title='bbox 972 1398 1005 1452; x_wconf 91' lang='lat' dir='ltr'>et</span> <span class='ocrx_word' id='word_1_71' title='bbox 1025 1388 1069 1451; x_wconf 93' lang='lat' dir='ltr'>ab</span> <span class='ocrx_word' id='word_1_72' title='bbox 1092 1410 1133 1452; x_wconf 91' lang='lat' dir='ltr'>eo</span> <span class='ocrx_word' id='word_1_73' title='bbox 1156 1389 1198 1451; x_wconf 91' lang='lat' dir='ltr'>ad</span> <span class='ocrx_word' id='word_1_74' title='bbox 1221 1388 1384 1464; x_wconf 89' lang='lat' dir='ltr'>occidens,</span> 
     </span>
     <span class='ocr_line' id='line_1_9' title="bbox 232 1492 1383 1576; baseline -0.004 -19"><span class='ocrx_word' id='word_1_75' title='bbox 232 1495 389 1576; x_wconf 90' lang='lat' dir='ltr'>quoniam</span> <span class='ocrx_word' id='word_1_76' title='bbox 405 1502 548 1557; x_wconf 89' lang='lat' dir='ltr'>mutaret</span> <span class='ocrx_word' id='word_1_77' title='bbox 561 1494 670 1556; x_wconf 92' lang='lat' dir='ltr'>locum</span> <span class='ocrx_word' id='word_1_78' title='bbox 681 1492 887 1556; x_wconf 83' lang='lat' dir='ltr'>sensibiliter.</span> <span class='ocrx_word' id='word_1_79' title='bbox 918 1493 1016 1555; x_wconf 92' lang='lat' dir='ltr'>Nunc</span> <span class='ocrx_word' id='word_1_80' title='bbox 1027 1502 1139 1557; x_wconf 89' lang='lat' dir='ltr'>autem</span> <span class='ocrx_word' id='word_1_81' title='bbox 1151 1512 1218 1556; x_wconf 91' lang='lat' dir='ltr'>non</span> <span class='ocrx_word' id='word_1_82' title='bbox 1230 1492 1383 1573; x_wconf 90' lang='lat' dir='ltr'>ponimus</span> 
     </span>
     <span class='ocr_line' id='line_1_10' title="bbox 231 1595 1383 1680; baseline -0.004 -19"><span class='ocrx_word' id='word_1_83' title='bbox 231 1599 340 1662; x_wconf 92' lang='lat' dir='ltr'>lucem</span> <span class='ocrx_word' id='word_1_84' title='bbox 365 1619 437 1662; x_wconf 87' lang='lat' dir='ltr'>esse</span> <span class='ocrx_word' id='word_1_85' title='bbox 460 1617 580 1679; x_wconf 90' lang='lat' dir='ltr'>corpus</span> <span class='ocrx_word' id='word_1_86' title='bbox 607 1606 746 1669; x_wconf 89' lang='lat' dir='ltr'>motum,</span> <span class='ocrx_word' id='word_1_87' title='bbox 773 1618 833 1659; x_wconf 91' lang='lat' dir='ltr'>nec</span> <span class='ocrx_word' id='word_1_88' title='bbox 862 1597 1015 1680; x_wconf 90' lang='lat' dir='ltr'>ponimus</span> <span class='ocrx_word' id='word_1_89' title='bbox 1045 1598 1185 1660; x_wconf 89' lang='lat' dir='ltr'>eandem</span> <span class='ocrx_word' id='word_1_90' title='bbox 1210 1596 1318 1660; x_wconf 88' lang='lat' dir='ltr'>lucem</span> <span class='ocrx_word' id='word_1_91' title='bbox 1348 1595 1383 1657; x_wconf 93' lang='lat' dir='ltr'>in</span> 
     </span>
     <span class='ocr_line' id='line_1_11' title="bbox 232 1699 1383 1783; baseline -0.005 -17"><span class='ocrx_word' id='word_1_92' title='bbox 232 1723 371 1766; x_wconf 90' lang='lat' dir='ltr'>numero</span> <span class='ocrx_word' id='word_1_93' title='bbox 393 1700 462 1765; x_wconf 86' lang='lat' dir='ltr'>fieri</span> <span class='ocrx_word' id='word_1_94' title='bbox 483 1703 526 1764; x_wconf 94' lang='lat' dir='ltr'>ab</span> <span class='ocrx_word' id='word_1_95' title='bbox 548 1702 675 1765; x_wconf 90' lang='lat' dir='ltr'>oriente</span> <span class='ocrx_word' id='word_1_96' title='bbox 697 1702 731 1764; x_wconf 89' lang='lat' dir='ltr'>in</span> <span class='ocrx_word' id='word_1_97' title='bbox 748 1702 900 1763; x_wconf 87' lang='lat' dir='ltr'>occidens</span> <span class='ocrx_word' id='word_1_98' title='bbox 921 1721 979 1783; x_wconf 88' lang='lat' dir='ltr'>per</span> <span class='ocrx_word' id='word_1_99' title='bbox 1001 1721 1119 1763; x_wconf 89' lang='lat' dir='ltr'>omnes</span> <span class='ocrx_word' id='word_1_100' title='bbox 1134 1710 1243 1783; x_wconf 88' lang='lat' dir='ltr'>partes</span> <span class='ocrx_word' id='word_1_101' title='bbox 1264 1699 1383 1782; x_wconf 90' lang='lat' dir='ltr'>spatii;</span> 
     </span>
     <span class='ocr_line' id='line_1_12' title="bbox 232 1803 1382 1889; baseline -0.005 -19"><span class='ocrx_word' id='word_1_102' title='bbox 232 1809 290 1870; x_wconf 89' lang='lat' dir='ltr'>sed</span> <span class='ocrx_word' id='word_1_103' title='bbox 306 1807 462 1889; x_wconf 90' lang='lat' dir='ltr'>ponimus</span> <span class='ocrx_word' id='word_1_104' title='bbox 479 1806 551 1887; x_wconf 87' lang='lat' dir='ltr'>ejus</span> <span class='ocrx_word' id='word_1_105' title='bbox 570 1805 817 1889; x_wconf 85' lang='lat' dir='ltr'>generationem</span> <span class='ocrx_word' id='word_1_106' title='bbox 838 1805 908 1868; x_wconf 87' lang='lat' dir='ltr'>fieri</span> <span class='ocrx_word' id='word_1_107' title='bbox 927 1806 1111 1868; x_wconf 89' lang='lat' dir='ltr'>secundum</span> <span class='ocrx_word' id='word_1_108' title='bbox 1133 1826 1205 1869; x_wconf 90' lang='lat' dir='ltr'>esse</span> <span class='ocrx_word' id='word_1_109' title='bbox 1225 1803 1335 1868; x_wconf 91' lang='lat' dir='ltr'>debile</span> <span class='ocrx_word' id='word_1_110' title='bbox 1350 1803 1382 1865; x_wconf 92' lang='lat' dir='ltr'>in</span> 
     </span>
     <span class='ocr_line' id='line_1_13' title="bbox 232 1909 1382 1995; baseline -0.004 -20"><span class='ocrx_word' id='word_1_111' title='bbox 232 1911 338 1995; x_wconf 89' lang='lat' dir='ltr'>prima</span> <span class='ocrx_word' id='word_1_112' title='bbox 360 1921 454 1995; x_wconf 85' lang='lat' dir='ltr'>parte</span> <span class='ocrx_word' id='word_1_113' title='bbox 476 1910 574 1992; x_wconf 91' lang='lat' dir='ltr'>spatii</span> <span class='ocrx_word' id='word_1_114' title='bbox 597 1909 740 1988; x_wconf 85' lang='lat' dir='ltr'>orientis,</span> <span class='ocrx_word' id='word_1_115' title='bbox 762 1920 795 1973; x_wconf 92' lang='lat' dir='ltr'>et</span> <span class='ocrx_word' id='word_1_116' title='bbox 822 1910 866 1974; x_wconf 93' lang='lat' dir='ltr'>ab</span> <span class='ocrx_word' id='word_1_117' title='bbox 889 1909 944 1973; x_wconf 90' lang='lat' dir='ltr'>illa</span> <span class='ocrx_word' id='word_1_118' title='bbox 967 1910 1123 1993; x_wconf 90' lang='lat' dir='ltr'>ponimus</span> <span class='ocrx_word' id='word_1_119' title='bbox 1147 1909 1246 1973; x_wconf 88' lang='lat' dir='ltr'>aliam</span> <span class='ocrx_word' id='word_1_120' title='bbox 1274 1909 1382 1971; x_wconf 90' lang='lat' dir='ltr'>lucem</span> 
     </span>
     <span class='ocr_line' id='line_1_14' title="bbox 231 2013 1382 2098; baseline -0.003 -19"><span class='ocrx_word' id='word_1_121' title='bbox 231 2015 303 2079; x_wconf 90' lang='lat' dir='ltr'>fieri</span> <span class='ocrx_word' id='word_1_122' title='bbox 319 2016 352 2077; x_wconf 92' lang='lat' dir='ltr'>in</span> <span class='ocrx_word' id='word_1_123' title='bbox 368 2034 511 2091; x_wconf 86' lang='lat' dir='ltr'>sensum,</span> <span class='ocrx_word' id='word_1_124' title='bbox 526 2025 561 2078; x_wconf 89' lang='lat' dir='ltr'>et</span> <span class='ocrx_word' id='word_1_125' title='bbox 576 2016 623 2078; x_wconf 94' lang='lat' dir='ltr'>sic</span> <span class='ocrx_word' id='word_1_126' title='bbox 644 2014 752 2088; x_wconf 87' lang='lat' dir='ltr'>ultra;</span> <span class='ocrx_word' id='word_1_127' title='bbox 774 2024 809 2077; x_wconf 89' lang='lat' dir='ltr'>et</span> <span class='ocrx_word' id='word_1_128' title='bbox 830 2014 907 2078; x_wconf 92' lang='lat' dir='ltr'>ideo</span> <span class='ocrx_word' id='word_1_129' title='bbox 928 2034 995 2077; x_wconf 92' lang='lat' dir='ltr'>non</span> <span class='ocrx_word' id='word_1_130' title='bbox 1015 2023 1155 2098; x_wconf 88' lang='lat' dir='ltr'>apparet</span> <span class='ocrx_word' id='word_1_131' title='bbox 1174 2015 1269 2076; x_wconf 91' lang='lat' dir='ltr'>nobis</span> <span class='ocrx_word' id='word_1_132' title='bbox 1292 2013 1382 2094; x_wconf 91' lang='lat' dir='ltr'>quod</span> 
     </span>
     <span class='ocr_line' id='line_1_15' title="bbox 231 2116 1384 2201; baseline -0.003 -19"><span class='ocrx_word' id='word_1_133' title='bbox 231 2119 291 2183; x_wconf 87' lang='lat' dir='ltr'>fiat</span> <span class='ocrx_word' id='word_1_134' title='bbox 306 2119 350 2183; x_wconf 95' lang='lat' dir='ltr'>ibi</span> <span class='ocrx_word' id='word_1_135' title='bbox 369 2119 541 2196; x_wconf 88' lang='lat' dir='ltr'>successio,</span> <span class='ocrx_word' id='word_1_136' title='bbox 557 2128 629 2183; x_wconf 93' lang='lat' dir='ltr'>tum</span> <span class='ocrx_word' id='word_1_137' title='bbox 645 2118 723 2201; x_wconf 90' lang='lat' dir='ltr'>quia</span> <span class='ocrx_word' id='word_1_138' title='bbox 740 2138 807 2181; x_wconf 92' lang='lat' dir='ltr'>non</span> <span class='ocrx_word' id='word_1_139' title='bbox 828 2127 879 2181; x_wconf 91' lang='lat' dir='ltr'>est</span> <span class='ocrx_word' id='word_1_140' title='bbox 900 2137 1020 2201; x_wconf 89' lang='lat' dir='ltr'>corpus</span> <span class='ocrx_word' id='word_1_141' title='bbox 1039 2116 1201 2195; x_wconf 87' lang='lat' dir='ltr'>sensibile,</span> <span class='ocrx_word' id='word_1_142' title='bbox 1215 2128 1288 2181; x_wconf 89' lang='lat' dir='ltr'>tum</span> <span class='ocrx_word' id='word_1_143' title='bbox 1303 2116 1384 2198; x_wconf 90' lang='lat' dir='ltr'>quia</span> 
     </span>
     <span class='ocr_line' id='line_1_16' title="bbox 233 2221 1384 2303; baseline -0.003 -17"><span class='ocrx_word' id='word_1_144' title='bbox 233 2245 300 2286; x_wconf 89' lang='lat' dir='ltr'>non</span> <span class='ocrx_word' id='word_1_145' title='bbox 316 2233 367 2287; x_wconf 91' lang='lat' dir='ltr'>est</span> <span class='ocrx_word' id='word_1_146' title='bbox 382 2244 485 2286; x_wconf 89' lang='lat' dir='ltr'>unum</span> <span class='ocrx_word' id='word_1_147' title='bbox 499 2243 647 2286; x_wconf 91' lang='lat' dir='ltr'>numero.</span> <span class='ocrx_word' id='word_1_148' title='bbox 693 2221 730 2286; x_wconf 91' lang='lat' dir='ltr'>Si</span> <span class='ocrx_word' id='word_1_149' title='bbox 746 2223 846 2284; x_wconf 91' lang='lat' dir='ltr'>etiam</span> <span class='ocrx_word' id='word_1_150' title='bbox 862 2231 949 2284; x_wconf 92' lang='lat' dir='ltr'>esset</span> <span class='ocrx_word' id='word_1_151' title='bbox 964 2221 1076 2284; x_wconf 87' lang='lat' dir='ltr'>fluxus</span> <span class='ocrx_word' id='word_1_152' title='bbox 1091 2222 1237 2303; x_wconf 87' lang='lat' dir='ltr'>corporis</span> <span class='ocrx_word' id='word_1_153' title='bbox 1252 2230 1384 2301; x_wconf 80' lang='lat' dir='ltr'>oportet</span> 
     </span>
     <span class='ocr_line' id='line_1_17' title="bbox 232 2324 1384 2410; baseline -0.002 -20"><span class='ocrx_word' id='word_1_154' title='bbox 232 2329 323 2410; x_wconf 90' lang='lat' dir='ltr'>quod</span> <span class='ocrx_word' id='word_1_155' title='bbox 339 2327 501 2390; x_wconf 90' lang='lat' dir='ltr'>sensibilis</span> <span class='ocrx_word' id='word_1_156' title='bbox 517 2337 613 2404; x_wconf 88' lang='lat' dir='ltr'>esset,</span> <span class='ocrx_word' id='word_1_157' title='bbox 628 2336 662 2390; x_wconf 91' lang='lat' dir='ltr'>et</span> <span class='ocrx_word' id='word_1_158' title='bbox 683 2327 716 2388; x_wconf 93' lang='lat' dir='ltr'>in</span> <span class='ocrx_word' id='word_1_159' title='bbox 737 2335 886 2408; x_wconf 86' lang='lat' dir='ltr'>tempore</span> <span class='ocrx_word' id='word_1_160' title='bbox 905 2325 1051 2389; x_wconf 88' lang='lat' dir='ltr'>sensibili</span> <span class='ocrx_word' id='word_1_161' title='bbox 1074 2347 1134 2409; x_wconf 90' lang='lat' dir='ltr'>per</span> <span class='ocrx_word' id='word_1_162' title='bbox 1154 2335 1265 2408; x_wconf 89' lang='lat' dir='ltr'>partes</span> <span class='ocrx_word' id='word_1_163' title='bbox 1285 2324 1384 2406; x_wconf 92' lang='lat' dir='ltr'>spatii</span> 
     </span>
     <span class='ocr_line' id='line_1_18' title="bbox 233 2431 906 2495; baseline 0.001 -1"><span class='ocrx_word' id='word_1_164' title='bbox 233 2431 395 2495; x_wconf 87' lang='lat' dir='ltr'>habentes</span> <span class='ocrx_word' id='word_1_165' title='bbox 410 2431 599 2494; x_wconf 89' lang='lat' dir='ltr'>sensibilem</span> <span class='ocrx_word' id='word_1_166' title='bbox 613 2431 817 2494; x_wconf 87' lang='lat' dir='ltr'>distantiam.</span> <span class='ocrx_word' id='word_1_167' title='bbox 903 2488 906 2495; x_wconf 94' lang='lat'><em>.</em></span> 
     </span>
    </p>

    <p class='ocr_par' dir='ltr' id='par_1_3' title="bbox 233 2531 1554 3035">
     <span class='ocr_line' id='line_1_19' title="bbox 279 2531 1540 2625; baseline -0.002 -27"><span class='ocrx_word' id='word_1_168' title='bbox 279 2534 378 2617; x_wconf 82' lang='lat' dir='ltr'>Quod</span> <span class='ocrx_word' id='word_1_169' title='bbox 388 2555 467 2597; x_wconf 87' lang='lat' dir='ltr'>vero</span> <span class='ocrx_word' id='word_1_170' title='bbox 481 2533 682 2599; x_wconf 84' lang='lat' dir='ltr'>Aristoteles</span> <span class='ocrx_word' id='word_1_171' title='bbox 696 2534 778 2597; x_wconf 90' lang='lat' dir='ltr'>dicit</span> <span class='ocrx_word' id='word_1_172' title='bbox 791 2534 876 2598; x_wconf 91' lang='lat' dir='ltr'>libro</span> <span class='ocrx_word' id='word_1_173' title='bbox 892 2536 934 2598; x_wconf 90' lang='lat' dir='ltr'>de</span> <span class='ocrx_word' id='word_1_174' title='bbox 951 2535 1058 2599; x_wconf 92' lang='lat' dir='ltr'>Sensu</span> <span class='ocrx_word' id='word_1_175' title='bbox 1071 2544 1104 2598; x_wconf 88' lang='lat' dir='ltr'>et</span> <span class='ocrx_word' id='word_1_176' title='bbox 1115 2531 1279 2599; x_wconf 84' lang='lat' dir='ltr'>Sensato²</span> <span class='ocrx_word' id='word_1_177' title='bbox 1293 2534 1384 2617; x_wconf 92' lang='lat' dir='ltr'>quod</span> <span class='ocrx_word' id='word_1_178' title='bbox 1398 2545 1540 2625; x_wconf 60' lang='lat' dir='ltr'>annones</span> 
     </span>
     <span class='ocr_line' id='line_1_20' title="bbox 234 2613 1541 2729; baseline -0.002 -26"><span class='ocrx_word' id='word_1_179' title='bbox 234 2639 420 2703; x_wconf 91' lang='lat' dir='ltr'>delumine</span> <span class='ocrx_word' id='word_1_180' title='bbox 439 2640 505 2703; x_wconf 91' lang='lat' dir='ltr'>alia</span> <span class='ocrx_word' id='word_1_181' title='bbox 523 2638 608 2702; x_wconf 91' lang='lat' dir='ltr'>ratio</span> <span class='ocrx_word' id='word_1_182' title='bbox 626 2648 677 2702; x_wconf 91' lang='lat' dir='ltr'>est</span> <span class='ocrx_word' id='word_1_183' title='bbox 697 2658 797 2719; x_wconf 92' lang='lat' dir='ltr'>quam</span> <span class='ocrx_word' id='word_1_184' title='bbox 819 2641 861 2703; x_wconf 92' lang='lat' dir='ltr'>de</span> <span class='ocrx_word' id='word_1_185' title='bbox 883 2660 966 2703; x_wconf 93' lang='lat' dir='ltr'>sono</span> <span class='ocrx_word' id='word_1_186' title='bbox 986 2648 1020 2704; x_wconf 91' lang='lat' dir='ltr'>et</span> <span class='ocrx_word' id='word_1_187' title='bbox 1042 2642 1154 2711; x_wconf 89' lang='lat' dir='ltr'>odore,</span> <span class='ocrx_word' id='word_1_188' title='bbox 1175 2640 1320 2722; x_wconf 89' lang='lat' dir='ltr'>loquitur</span> <span class='ocrx_word' id='word_1_189' title='bbox 1342 2639 1385 2702; x_wconf 91' lang='lat' dir='ltr'>de</span> <span class='ocrx_word' id='word_1_190' title='bbox 1398 2613 1541 2729; x_wconf 53' lang='lat' dir='ltr'>ffiffim&#39;</span> 
     </span>
     <span class='ocr_line' id='line_1_21' title="bbox 233 2743 1526 2827; baseline 0.001 -19"><span class='ocrx_word' id='word_1_191' title='bbox 233 2744 449 2808; x_wconf 89' lang='lat' dir='ltr'>translatione</span> <span class='ocrx_word' id='word_1_192' title='bbox 469 2744 653 2827; x_wconf 88' lang='lat' dir='ltr'>specierum</span> <span class='ocrx_word' id='word_1_193' title='bbox 675 2744 815 2808; x_wconf 90' lang='lat' dir='ltr'>aliorum</span> <span class='ocrx_word' id='word_1_194' title='bbox 836 2744 1049 2821; x_wconf 87' lang='lat' dir='ltr'>sensibilium,</span> <span class='ocrx_word' id='word_1_195' title='bbox 1064 2754 1101 2807; x_wconf 92' lang='lat' dir='ltr'>ut</span> <span class='ocrx_word' id='word_1_196' title='bbox 1119 2745 1190 2807; x_wconf 93' lang='lat' dir='ltr'>soni</span> <span class='ocrx_word' id='word_1_197' title='bbox 1209 2756 1243 2809; x_wconf 92' lang='lat' dir='ltr'>et</span> <span class='ocrx_word' id='word_1_198' title='bbox 1266 2745 1385 2821; x_wconf 90' lang='lat' dir='ltr'>odoris,</span> <span class='ocrx_word' id='word_1_199' title='bbox 1398 2744 1464 2809; x_wconf 83' lang='lat' dir='ltr'>light</span> <span class='ocrx_word' id='word_1_200' title='bbox 1477 2743 1526 2793; x_wconf 79' lang='lat' dir='ltr'>and</span> 
     </span>
     <span class='ocr_line' id='line_1_22' title="bbox 234 2811 1554 2932; baseline 0.002 -22"><span class='ocrx_word' id='word_1_201' title='bbox 234 2869 337 2931; x_wconf 90' lang='lat' dir='ltr'>quam</span> <span class='ocrx_word' id='word_1_202' title='bbox 353 2847 434 2911; x_wconf 91' lang='lat' dir='ltr'>dicit</span> <span class='ocrx_word' id='word_1_203' title='bbox 449 2847 519 2910; x_wconf 87' lang='lat' dir='ltr'>fieri</span> <span class='ocrx_word' id='word_1_204' title='bbox 535 2848 569 2910; x_wconf 86' lang='lat' dir='ltr'>in</span> <span class='ocrx_word' id='word_1_205' title='bbox 584 2859 755 2929; x_wconf 85' lang='lat' dir='ltr'>tempore3</span> <span class='ocrx_word' id='word_1_206' title='bbox 777 2849 956 2913; x_wconf 88' lang='lat' dir='ltr'>dicendum</span> <span class='ocrx_word' id='word_1_207' title='bbox 977 2849 1068 2932; x_wconf 92' lang='lat' dir='ltr'>quod</span> <span class='ocrx_word' id='word_1_208' title='bbox 1089 2850 1152 2913; x_wconf 90' lang='lat' dir='ltr'>alia</span> <span class='ocrx_word' id='word_1_209' title='bbox 1175 2850 1258 2913; x_wconf 90' lang='lat' dir='ltr'>ratio</span> <span class='ocrx_word' id='word_1_210' title='bbox 1273 2857 1324 2912; x_wconf 88' lang='lat' dir='ltr'>est</span> <span class='ocrx_word' id='word_1_211' title='bbox 1342 2849 1385 2911; x_wconf 91' lang='lat' dir='ltr'>de</span> <span class='ocrx_word' id='word_1_212' title='bbox 1398 2811 1554 2926; x_wconf 46' lang='lat' dir='ltr'>sssuppdrprrsr</span> 
     </span>
     <span class='ocr_line' id='line_1_23' title="bbox 237 2942 1512 3035; baseline 0 -19"><span class='ocrx_word' id='word_1_213' title='bbox 237 2953 370 3026; x_wconf 92' lang='lat' dir='ltr'>lumine,</span> <span class='ocrx_word' id='word_1_214' title='bbox 391 2953 470 3033; x_wconf 92' lang='lat' dir='ltr'>quia</span> <span class='ocrx_word' id='word_1_215' title='bbox 493 2950 564 3033; x_wconf 86' lang='lat' dir='ltr'>ejus</span> <span class='ocrx_word' id='word_1_216' title='bbox 586 2952 749 3017; x_wconf 89' lang='lat' dir='ltr'>successio</span> <span class='ocrx_word' id='word_1_217' title='bbox 771 2952 809 3016; x_wconf 89' lang='lat' dir='ltr'>fit</span> <span class='ocrx_word' id='word_1_218' title='bbox 830 2953 864 3016; x_wconf 92' lang='lat' dir='ltr'>in</span> <span class='ocrx_word' id='word_1_219' title='bbox 888 2964 1038 3035; x_wconf 91' lang='lat' dir='ltr'>tempore</span> <span class='ocrx_word' id='word_1_220' title='bbox 1061 2954 1200 3019; x_wconf 89' lang='lat' dir='ltr'>breviori</span> <span class='ocrx_word' id='word_1_221' title='bbox 1223 2964 1258 3019; x_wconf 90' lang='lat' dir='ltr'>et</span> <span class='ocrx_word' id='word_1_222' title='bbox 1281 2954 1386 3035; x_wconf 88' lang='lat' dir='ltr'>magis</span> <span class='ocrx_word' id='word_1_223' title='bbox 1399 2942 1512 2992; x_wconf 53' lang='grc' dir='ltr'>ΜΕ*</span> 
     </span>
    </p>
   </div>
   <div class='ocr_carea' id='block_1_3' title="bbox 234 3008 1542 3140">
    <p class='ocr_par' dir='ltr' id='par_1_4' title="bbox 234 3008 1542 3140">
     <span class='ocr_line' id='line_1_24' title="bbox 234 3008 1542 3140; baseline -0.001 -19"><span class='ocrx_word' id='word_1_224' title='bbox 234 3055 414 3121; x_wconf 89' lang='lat' dir='ltr'>insensibili</span> <span class='ocrx_word' id='word_1_225' title='bbox 430 3067 566 3140; x_wconf 90' lang='lat' dir='ltr'>propter</span> <span class='ocrx_word' id='word_1_226' title='bbox 580 3057 652 3138; x_wconf 90' lang='lat' dir='ltr'>ejus</span> <span class='ocrx_word' id='word_1_227' title='bbox 666 3057 886 3121; x_wconf 88' lang='lat' dir='ltr'>subtilitatem</span> <span class='ocrx_word' id='word_1_228' title='bbox 898 3067 932 3121; x_wconf 89' lang='lat' dir='ltr'>et</span> <span class='ocrx_word' id='word_1_229' title='bbox 944 3068 1095 3122; x_wconf 84' lang='lat' dir='ltr'>naturam</span> <span class='ocrx_word' id='word_1_230' title='bbox 1109 3059 1215 3139; x_wconf 84' lang='lat' dir='ltr'>magis</span> <span class='ocrx_word' id='word_1_231' title='bbox 1225 3059 1385 3136; x_wconf 89' lang='lat' dir='ltr'>activam;</span> <span class='ocrx_word' id='word_1_232' title='bbox 1399 3008 1542 3137; x_wconf 55' lang='lat' dir='ltr'>llllillrlo</span> 
     </span>
    </p>
   </div>
   <div class='ocr_carea' id='block_1_4' title="bbox 236 3138 1530 3256">
    <p class='ocr_par' dir='ltr' id='par_1_5' title="bbox 236 3138 1530 3256">
     <span class='ocr_line' id='line_1_25' title="bbox 236 3138 1530 3256; baseline -0.005 -30"><span class='ocrx_word' id='word_1_233' title='bbox 236 3172 340 3243; x_wconf 91' lang='lat' dir='ltr'>atque</span> <span class='ocrx_word' id='word_1_234' title='bbox 355 3181 455 3224; x_wconf 92' lang='lat' dir='ltr'>sonus</span> <span class='ocrx_word' id='word_1_235' title='bbox 471 3159 508 3223; x_wconf 87' lang='lat' dir='ltr'>fit</span> <span class='ocrx_word' id='word_1_236' title='bbox 524 3180 599 3225; x_wconf 90' lang='lat' dir='ltr'>cum</span> <span class='ocrx_word' id='word_1_237' title='bbox 616 3171 711 3224; x_wconf 92' lang='lat' dir='ltr'>motu</span> <span class='ocrx_word' id='word_1_238' title='bbox 725 3161 810 3225; x_wconf 89' lang='lat' dir='ltr'>aeris</span> <span class='ocrx_word' id='word_1_239' title='bbox 825 3172 961 3245; x_wconf 88' lang='lat' dir='ltr'>propter</span> <span class='ocrx_word' id='word_1_240' title='bbox 975 3162 1217 3226; x_wconf 88' lang='lat' dir='ltr'>successionem</span> <span class='ocrx_word' id='word_1_241' title='bbox 1233 3162 1384 3244; x_wconf 89' lang='lat' dir='ltr'>propriae</span> <span class='ocrx_word' id='word_1_242' title='bbox 1397 3138 1530 3256; x_wconf 51' lang='grc' dir='ltr'>ξξὲοῖῑξη</span> 
     </span>
    </p>
   </div>
   <div class='ocr_carea' id='block_1_5' title="bbox 234 3264 1514 3766">
    <p class='ocr_par' dir='ltr' id='par_1_6' title="bbox 234 3264 1514 3766">
     <span class='ocr_line' id='line_1_26' title="bbox 235 3264 1514 3351; baseline 0.003 -21"><span class='ocrx_word' id='word_1_243' title='bbox 235 3265 434 3339; x_wconf 91' lang='lat' dir='ltr'>delationis;</span> <span class='ocrx_word' id='word_1_244' title='bbox 458 3274 492 3328; x_wconf 90' lang='lat' dir='ltr'>et</span> <span class='ocrx_word' id='word_1_245' title='bbox 509 3267 593 3329; x_wconf 93' lang='lat' dir='ltr'>odor</span> <span class='ocrx_word' id='word_1_246' title='bbox 613 3264 651 3330; x_wconf 90' lang='lat' dir='ltr'>fit</span> <span class='ocrx_word' id='word_1_247' title='bbox 671 3286 748 3329; x_wconf 90' lang='lat' dir='ltr'>cum</span> <span class='ocrx_word' id='word_1_248' title='bbox 767 3266 860 3329; x_wconf 84' lang='lat' dir='ltr'>fumo</span> <span class='ocrx_word' id='word_1_249' title='bbox 875 3266 1038 3349; x_wconf 89' lang='lat' dir='ltr'>corporali</span> <span class='ocrx_word' id='word_1_250' title='bbox 1058 3268 1231 3351; x_wconf 89' lang='lat' dir='ltr'>expirante</span> <span class='ocrx_word' id='word_1_251' title='bbox 1253 3276 1287 3331; x_wconf 89' lang='lat' dir='ltr'>et</span> <span class='ocrx_word' id='word_1_252' title='bbox 1309 3286 1385 3328; x_wconf 93' lang='lat' dir='ltr'>cum</span> <span class='ocrx_word' id='word_1_253' title='bbox 1399 3272 1514 3334; x_wconf 73' lang='lat' dir='ltr'>velocity.</span> 
     </span>
     <span class='ocr_line' id='line_1_27' title="bbox 234 3371 1386 3450; baseline -0.003 -14"><span class='ocrx_word' id='word_1_254' title='bbox 234 3371 435 3436; x_wconf 85' lang='lat' dir='ltr'>attractione</span> <span class='ocrx_word' id='word_1_255' title='bbox 450 3371 533 3433; x_wconf 91' lang='lat' dir='ltr'>aeris</span> <span class='ocrx_word' id='word_1_256' title='bbox 549 3392 570 3433; x_wconf 92' lang='lat' dir='ltr'>a</span> <span class='ocrx_word' id='word_1_257' title='bbox 586 3371 730 3447; x_wconf 90' lang='lat' dir='ltr'>naribus,</span> <span class='ocrx_word' id='word_1_258' title='bbox 746 3380 782 3434; x_wconf 90' lang='lat' dir='ltr'>ut</span> <span class='ocrx_word' id='word_1_259' title='bbox 798 3371 972 3435; x_wconf 90' lang='lat' dir='ltr'>Avicenna</span> <span class='ocrx_word' id='word_1_260' title='bbox 987 3371 1068 3434; x_wconf 91' lang='lat' dir='ltr'>dicit</span> <span class='ocrx_word' id='word_1_261' title='bbox 1084 3371 1182 3435; x_wconf 85' lang='lat' dir='ltr'>tertio</span> <span class='ocrx_word' id='word_1_262' title='bbox 1197 3372 1240 3435; x_wconf 90' lang='lat' dir='ltr'>de</span> <span class='ocrx_word' id='word_1_263' title='bbox 1252 3371 1386 3450; x_wconf 86' lang='lat' dir='ltr'>Anima,</span> 
     </span>
     <span class='ocr_line' id='line_1_28' title="bbox 236 3474 1387 3556; baseline 0 -17"><span class='ocrx_word' id='word_1_264' title='bbox 236 3486 269 3539; x_wconf 88' lang='lat' dir='ltr'>et</span> <span class='ocrx_word' id='word_1_265' title='bbox 285 3476 332 3538; x_wconf 90' lang='lat' dir='ltr'>ita</span> <span class='ocrx_word' id='word_1_266' title='bbox 345 3474 544 3556; x_wconf 90' lang='lat' dir='ltr'>multiplices</span> <span class='ocrx_word' id='word_1_267' title='bbox 559 3485 671 3538; x_wconf 83' lang='lat' dir='ltr'>motus</span> <span class='ocrx_word' id='word_1_268' title='bbox 685 3474 771 3538; x_wconf 87' lang='lat' dir='ltr'>fiunt</span> <span class='ocrx_word' id='word_1_269' title='bbox 784 3477 871 3540; x_wconf 88' lang='lat' dir='ltr'>circa</span> <span class='ocrx_word' id='word_1_270' title='bbox 886 3496 1004 3539; x_wconf 88' lang='lat' dir='ltr'>sonum</span> <span class='ocrx_word' id='word_1_271' title='bbox 1021 3486 1054 3539; x_wconf 89' lang='lat' dir='ltr'>et</span> <span class='ocrx_word' id='word_1_272' title='bbox 1070 3476 1218 3553; x_wconf 89' lang='lat' dir='ltr'>odorem,</span> <span class='ocrx_word' id='word_1_273' title='bbox 1229 3476 1287 3539; x_wconf 89' lang='lat' dir='ltr'>sed</span> <span class='ocrx_word' id='word_1_274' title='bbox 1301 3496 1387 3539; x_wconf 88' lang='lat' dir='ltr'>unus</span> 
     </span>
     <span class='ocr_line' id='line_1_29' title="bbox 235 3576 1386 3663; baseline 0.002 -22"><span class='ocrx_word' id='word_1_275' title='bbox 235 3579 327 3641; x_wconf 91' lang='lat' dir='ltr'>solus</span> <span class='ocrx_word' id='word_1_276' title='bbox 349 3580 437 3642; x_wconf 90' lang='lat' dir='ltr'>circa</span> <span class='ocrx_word' id='word_1_277' title='bbox 456 3576 574 3654; x_wconf 88' lang='lat' dir='ltr'>lucem,</span> <span class='ocrx_word' id='word_1_278' title='bbox 590 3589 623 3642; x_wconf 88' lang='lat' dir='ltr'>et</span> <span class='ocrx_word' id='word_1_279' title='bbox 647 3579 776 3643; x_wconf 88' lang='lat' dir='ltr'>brevior</span> <span class='ocrx_word' id='word_1_280' title='bbox 798 3599 898 3661; x_wconf 90' lang='lat' dir='ltr'>quam</span> <span class='ocrx_word' id='word_1_281' title='bbox 921 3581 1007 3644; x_wconf 90' lang='lat' dir='ltr'>circa</span> <span class='ocrx_word' id='word_1_282' title='bbox 1028 3579 1121 3656; x_wconf 91' lang='lat' dir='ltr'>illos;</span> <span class='ocrx_word' id='word_1_283' title='bbox 1145 3589 1280 3663; x_wconf 91' lang='lat' dir='ltr'>propter</span> <span class='ocrx_word' id='word_1_284' title='bbox 1295 3581 1386 3661; x_wconf 91' lang='lat' dir='ltr'>quod</span> 
     </span>
     <span class='ocr_line' id='line_1_30' title="bbox 235 3682 1386 3766; baseline 0.003 -21"><span class='ocrx_word' id='word_1_285' title='bbox 235 3683 315 3746; x_wconf 89' lang='lat' dir='ltr'>dicit</span> <span class='ocrx_word' id='word_1_286' title='bbox 331 3683 420 3764; x_wconf 93' lang='lat' dir='ltr'>quod</span> <span class='ocrx_word' id='word_1_287' title='bbox 442 3682 505 3747; x_wconf 87' lang='lat' dir='ltr'>alia</span> <span class='ocrx_word' id='word_1_288' title='bbox 526 3684 609 3747; x_wconf 89' lang='lat' dir='ltr'>ratio</span> <span class='ocrx_word' id='word_1_289' title='bbox 631 3693 692 3762; x_wconf 85' lang='lat' dir='ltr'>est,</span> <span class='ocrx_word' id='word_1_290' title='bbox 707 3693 741 3748; x_wconf 91' lang='lat' dir='ltr'>et</span> <span class='ocrx_word' id='word_1_291' title='bbox 764 3704 830 3747; x_wconf 89' lang='lat' dir='ltr'>non</span> <span class='ocrx_word' id='word_1_292' title='bbox 849 3686 941 3766; x_wconf 92' lang='lat' dir='ltr'>quod</span> <span class='ocrx_word' id='word_1_293' title='bbox 959 3684 1018 3748; x_wconf 87' lang='lat' dir='ltr'>fiat</span> <span class='ocrx_word' id='word_1_294' title='bbox 1039 3686 1071 3747; x_wconf 93' lang='lat' dir='ltr'>in</span> <span class='ocrx_word' id='word_1_295' title='bbox 1096 3685 1229 3749; x_wconf 87' lang='lat' dir='ltr'>instanti</span> <span class='ocrx_word' id='word_1_296' title='bbox 1250 3685 1386 3749; x_wconf 89' lang='lat' dir='ltr'>omnino</span> 
     </span>
    </p>
   </div>
   <div class='ocr_carea' id='block_1_6' title="bbox 234 3861 1391 4712">
    <p class='ocr_par' dir='ltr' id='par_1_7' title="bbox 235 3861 1388 4239">
     <span class='ocr_line' id='line_1_31' title="bbox 269 3861 1388 3925; baseline 0.004 -16"><span class='ocrx_word' id='word_1_297' title='bbox 269 3861 278 3891; x_wconf 81' lang='lat'><strong>¹</strong></span> <span class='ocrx_word' id='word_1_298' title='bbox 294 3861 333 3909; x_wconf 80' lang='lat' dir='ltr'>De</span> <span class='ocrx_word' id='word_1_299' title='bbox 342 3861 450 3918; x_wconf 82' lang='lat' dir='ltr'>Anima,</span> <span class='ocrx_word' id='word_1_300' title='bbox 463 3861 505 3909; x_wconf 91' lang='lat' dir='ltr'>lib.</span> <span class='ocrx_word' id='word_1_301' title='bbox 519 3862 545 3910; x_wconf 93' lang='lat' dir='ltr'>ii.</span> <span class='ocrx_word' id='word_1_302' title='bbox 558 3877 614 3923; x_wconf 88' lang='lat' dir='ltr'>cap.</span> <span class='ocrx_word' id='word_1_303' title='bbox 627 3878 651 3923; x_wconf 64' lang='grc' dir='ltr'>Ἰ,</span> <span class='ocrx_word' id='word_1_304' title='bbox 663 3878 679 3923; x_wconf 82' lang='lat'><strong>3</strong></span> <span class='ocrx_word' id='word_1_305' title='bbox 693 3861 733 3911; x_wconf 75' lang='lat' dir='ltr'>nal</span> <span class='ocrx_word' id='word_1_306' title='bbox 745 3862 789 3910; x_wconf 72' lang='lat' dir='ltr'>oie</span> <span class='ocrx_word' id='word_1_307' title='bbox 806 3863 878 3925; x_wconf 68' lang='grc' dir='ltr'><strong><em>ὀρθῶς</em></strong></span> <span class='ocrx_word' id='word_1_308' title='bbox 895 3864 1065 3925; x_wconf 71' lang='grc' dir='ltr'>Ἐμπεδοκλῆς,</span> <span class='ocrx_word' id='word_1_309' title='bbox 1077 3864 1127 3913; x_wconf 75' lang='grc' dir='ltr'>οὐδ’</span> <span class='ocrx_word' id='word_1_310' title='bbox 1139 3862 1207 3913; x_wconf 74' lang='lat' dir='ltr'>eleas</span> <span class='ocrx_word' id='word_1_311' title='bbox 1222 3862 1299 3912; x_wconf 64' lang='lat' dir='ltr'>mor</span> <span class='ocrx_word' id='word_1_312' title='bbox 1312 3862 1388 3913; x_wconf 76' lang='grc' dir='ltr'><strong>οὕτως</strong></span> 
     </span>
     <span class='ocr_line' id='line_1_32' title="bbox 236 3938 1388 4005; baseline 0.003 -17"><span class='ocrx_word' id='word_1_313' title='bbox 236 3940 338 4003; x_wconf 70' lang='grc' dir='ltr'>εἴρηκεν,</span> <span class='ocrx_word' id='word_1_314' title='bbox 350 3941 380 3988; x_wconf 78' lang='grc' dir='ltr'>ὡς</span> <span class='ocrx_word' id='word_1_315' title='bbox 394 3942 530 4003; x_wconf 62' lang='grc' dir='ltr'><strong><em>φερομένου</em></strong></span> <span class='ocrx_word' id='word_1_316' title='bbox 547 3942 591 3989; x_wconf 80' lang='grc' dir='ltr'>τοῦ</span> <span class='ocrx_word' id='word_1_317' title='bbox 610 3938 691 4002; x_wconf 68' lang='grc' dir='ltr'><strong><em>φωτὸς</em></strong></span> <span class='ocrx_word' id='word_1_318' title='bbox 706 3941 746 3990; x_wconf 75' lang='lat' dir='ltr'>ml</span> <span class='ocrx_word' id='word_1_319' title='bbox 761 3940 894 4003; x_wconf 63' lang='grc' dir='ltr'><strong><em>γενομένου</em></strong></span> <span class='ocrx_word' id='word_1_320' title='bbox 910 3940 969 3992; x_wconf 77' lang='lat' dir='ltr'>rori</span> <span class='ocrx_word' id='word_1_321' title='bbox 986 3942 1076 4005; x_wconf 69' lang='grc' dir='ltr'>μεταξὺ</span> <span class='ocrx_word' id='word_1_322' title='bbox 1094 3944 1137 4003; x_wconf 78' lang='grc' dir='ltr'>τῆς</span> <span class='ocrx_word' id='word_1_323' title='bbox 1152 3943 1198 4004; x_wconf 72' lang='grc' dir='ltr'>γῆς</span> <span class='ocrx_word' id='word_1_324' title='bbox 1208 3940 1248 3990; x_wconf 69' lang='lat' dir='ltr'>ml</span> <span class='ocrx_word' id='word_1_325' title='bbox 1265 3942 1309 3990; x_wconf 77' lang='grc' dir='ltr'>τοῦ</span> <span class='ocrx_word' id='word_1_326' title='bbox 1325 3960 1388 4003; x_wconf 72' lang='grc' dir='ltr'>πεμ-</span> 
     </span>
     <span class='ocr_line' id='line_1_33' title="bbox 236 4018 1388 4085; baseline 0.002 -17"><span class='ocrx_word' id='word_1_327' title='bbox 236 4020 345 4079; x_wconf 58' lang='lat' dir='ltr'>(xmae,</span> <span class='ocrx_word' id='word_1_328' title='bbox 359 4019 422 4077; x_wconf 75' lang='grc' dir='ltr'>ἡμᾶς</span> <span class='ocrx_word' id='word_1_329' title='bbox 433 4018 460 4066; x_wconf 72' lang='grc' dir='ltr'>δὲ</span> <span class='ocrx_word' id='word_1_330' title='bbox 472 4018 642 4068; x_wconf 62' lang='lat' dir='ltr'>laedamur.</span> <span class='ocrx_word' id='word_1_331' title='bbox 675 4020 802 4069; x_wconf 78' lang='lat' dir='ltr'>Aristotle</span> <span class='ocrx_word' id='word_1_332' title='bbox 813 4021 864 4069; x_wconf 85' lang='lat' dir='ltr'>had</span> <span class='ocrx_word' id='word_1_333' title='bbox 880 4022 947 4071; x_wconf 89' lang='lat' dir='ltr'>been</span> <span class='ocrx_word' id='word_1_334' title='bbox 960 4022 1110 4085; x_wconf 81' lang='lat' dir='ltr'>explaining</span> <span class='ocrx_word' id='word_1_335' title='bbox 1126 4023 1181 4071; x_wconf 87' lang='lat' dir='ltr'>that</span> <span class='ocrx_word' id='word_1_336' title='bbox 1198 4022 1264 4084; x_wconf 87' lang='lat' dir='ltr'>light</span> <span class='ocrx_word' id='word_1_337' title='bbox 1274 4038 1329 4071; x_wconf 98' lang='lat' dir='ltr'>was</span> <span class='ocrx_word' id='word_1_338' title='bbox 1342 4029 1388 4070; x_wconf 88' lang='lat' dir='ltr'>not</span> 
     </span>
     <span class='ocr_line' id='line_1_34' title="bbox 235 4097 1388 4163; baseline 0.002 -16"><span class='ocrx_word' id='word_1_339' title='bbox 235 4115 251 4148; x_wconf 90' lang='lat' dir='ltr'>a</span> <span class='ocrx_word' id='word_1_340' title='bbox 262 4097 380 4159; x_wconf 66' lang='lat' dir='ltr'>desineres</span> <span class='ocrx_word' id='word_1_341' title='bbox 394 4099 503 4159; x_wconf 72' lang='lat' dir='ltr'>wrpons</span> <span class='ocrx_word' id='word_1_342' title='bbox 516 4098 577 4159; x_wconf 70' lang='grc' dir='ltr'>(οὐδ’</span> <span class='ocrx_word' id='word_1_343' title='bbox 586 4098 693 4161; x_wconf 67' lang='lat' dir='ltr'>devm)</span> <span class='ocrx_word' id='word_1_344' title='bbox 703 4098 816 4160; x_wconf 73' lang='grc' dir='ltr'><strong><em>σώματος</em></strong></span> <span class='ocrx_word' id='word_1_345' title='bbox 827 4100 943 4163; x_wconf 66' lang='grc' dir='ltr'>οὐδενός),</span> <span class='ocrx_word' id='word_1_346' title='bbox 954 4102 999 4149; x_wconf 84' lang='lat' dir='ltr'>but</span> <span class='ocrx_word' id='word_1_347' title='bbox 1010 4101 1055 4149; x_wconf 87' lang='lat' dir='ltr'>the</span> <span class='ocrx_word' id='word_1_348' title='bbox 1066 4100 1147 4149; x_wconf 84' lang='lat' dir='ltr'>active</span> <span class='ocrx_word' id='word_1_349' title='bbox 1159 4100 1293 4149; x_wconf 85' lang='lat' dir='ltr'>condition</span> <span class='ocrx_word' id='word_1_350' title='bbox 1305 4102 1335 4149; x_wconf 81' lang='lat' dir='ltr'>oi</span> <span class='ocrx_word' id='word_1_351' title='bbox 1342 4102 1388 4150; x_wconf 87' lang='lat' dir='ltr'>the</span> 
     </span>
     <span class='ocr_line' id='line_1_35' title="bbox 236 4174 691 4239; baseline 0.002 -14"><span class='ocrx_word' id='word_1_352' title='bbox 236 4178 347 4225; x_wconf 88' lang='lat' dir='ltr'>medium</span> <span class='ocrx_word' id='word_1_353' title='bbox 360 4174 479 4237; x_wconf 68' lang='grc' dir='ltr'>(ἐνέργεια</span> <span class='ocrx_word' id='word_1_354' title='bbox 490 4176 534 4225; x_wconf 82' lang='grc' dir='ltr'>τοῦ</span> <span class='ocrx_word' id='word_1_355' title='bbox 545 4178 691 4239; x_wconf 73' lang='grc' dir='ltr'>διαφανοῦς).</span> 
     </span>
    </p>

    <p class='ocr_par' dir='ltr' id='par_1_8' title="bbox 234 4254 1391 4712">
     <span class='ocr_line' id='line_1_36' title="bbox 268 4254 1387 4319; baseline 0.005 -18"><span class='ocrx_word' id='word_1_356' title='bbox 268 4254 278 4283; x_wconf 91' lang='lat'><strong>¹</strong></span> <span class='ocrx_word' id='word_1_357' title='bbox 294 4254 350 4301; x_wconf 86' lang='lat' dir='ltr'>The</span> <span class='ocrx_word' id='word_1_358' title='bbox 359 4270 469 4316; x_wconf 77' lang='lat' dir='ltr'>passage</span> <span class='ocrx_word' id='word_1_359' title='bbox 477 4254 592 4303; x_wconf 79' lang='lat' dir='ltr'>referred</span> <span class='ocrx_word' id='word_1_360' title='bbox 600 4262 628 4304; x_wconf 93' lang='lat' dir='ltr'>to</span> <span class='ocrx_word' id='word_1_361' title='bbox 637 4256 659 4304; x_wconf 86' lang='lat' dir='ltr'>is</span> <span class='ocrx_word' id='word_1_362' title='bbox 667 4256 694 4304; x_wconf 87' lang='lat' dir='ltr'>in</span> <span class='ocrx_word' id='word_1_363' title='bbox 703 4272 758 4319; x_wconf 84' lang='lat' dir='ltr'>cap.</span> <span class='ocrx_word' id='word_1_364' title='bbox 770 4257 802 4306; x_wconf 80' lang='grc' dir='ltr'>νί.</span> <span class='ocrx_word' id='word_1_365' title='bbox 837 4256 962 4306; x_wconf 78' lang='lat' dir='ltr'>Aristode</span> <span class='ocrx_word' id='word_1_366' title='bbox 973 4272 1113 4319; x_wconf 83' lang='lat' dir='ltr'>expresses</span> <span class='ocrx_word' id='word_1_367' title='bbox 1125 4256 1231 4306; x_wconf 80' lang='lat' dir='ltr'>himself</span> <span class='ocrx_word' id='word_1_368' title='bbox 1239 4258 1265 4305; x_wconf 91' lang='lat' dir='ltr'>in</span> <span class='ocrx_word' id='word_1_369' title='bbox 1277 4273 1293 4305; x_wconf 90' lang='lat' dir='ltr'>a</span> <span class='ocrx_word' id='word_1_370' title='bbox 1304 4272 1387 4307; x_wconf 87' lang='lat' dir='ltr'>some·</span> 
     </span>
     <span class='ocr_line' id='line_1_37' title="bbox 234 4333 1387 4397; baseline 0.003 -16"><span class='ocrx_word' id='word_1_371' title='bbox 234 4334 307 4382; x_wconf 90' lang='lat' dir='ltr'>what</span> <span class='ocrx_word' id='word_1_372' title='bbox 319 4333 460 4393; x_wconf 88' lang='lat' dir='ltr'>hesitating</span> <span class='ocrx_word' id='word_1_373' title='bbox 471 4348 532 4395; x_wconf 83' lang='lat' dir='ltr'>way</span> <span class='ocrx_word' id='word_1_374' title='bbox 538 4348 569 4381; x_wconf 87' lang='lat' dir='ltr'>as</span> <span class='ocrx_word' id='word_1_375' title='bbox 580 4341 609 4382; x_wconf 89' lang='lat' dir='ltr'>to</span> <span class='ocrx_word' id='word_1_376' title='bbox 619 4334 665 4382; x_wconf 86' lang='lat' dir='ltr'>the</span> <span class='ocrx_word' id='word_1_377' title='bbox 676 4336 838 4397; x_wconf 79' lang='lat' dir='ltr'>compadson</span> <span class='ocrx_word' id='word_1_378' title='bbox 850 4335 880 4383; x_wconf 83' lang='lat' dir='ltr'>oi</span> <span class='ocrx_word' id='word_1_379' title='bbox 888 4335 952 4396; x_wconf 85' lang='lat' dir='ltr'>light</span> <span class='ocrx_word' id='word_1_380' title='bbox 963 4336 1028 4385; x_wconf 88' lang='lat' dir='ltr'>with</span> <span class='ocrx_word' id='word_1_381' title='bbox 1040 4336 1124 4385; x_wconf 86' lang='lat' dir='ltr'>sound</span> <span class='ocrx_word' id='word_1_382' title='bbox 1136 4337 1162 4384; x_wconf 90' lang='lat' dir='ltr'>in</span> <span class='ocrx_word' id='word_1_383' title='bbox 1174 4343 1277 4397; x_wconf 83' lang='lat' dir='ltr'>respect</span> <span class='ocrx_word' id='word_1_384' title='bbox 1288 4336 1319 4384; x_wconf 84' lang='lat' dir='ltr'>oi</span> <span class='ocrx_word' id='word_1_385' title='bbox 1326 4336 1387 4386; x_wconf 85' lang='lat' dir='ltr'>time</span> 
     </span>
     <span class='ocr_line' id='line_1_38' title="bbox 236 4412 1389 4475; baseline 0.002 -14"><span class='ocrx_word' id='word_1_386' title='bbox 236 4413 360 4473; x_wconf 86' lang='lat' dir='ltr'>occupied</span> <span class='ocrx_word' id='word_1_387' title='bbox 373 4412 399 4459; x_wconf 92' lang='lat' dir='ltr'>in</span> <span class='ocrx_word' id='word_1_388' title='bbox 411 4412 510 4460; x_wconf 78' lang='lat' dir='ltr'>transit</span> <span class='ocrx_word' id='word_1_389' title='bbox 545 4412 588 4460; x_wconf 92' lang='lat' dir='ltr'>On</span> <span class='ocrx_word' id='word_1_390' title='bbox 600 4413 644 4461; x_wconf 87' lang='lat' dir='ltr'>the</span> <span class='ocrx_word' id='word_1_391' title='bbox 654 4413 743 4461; x_wconf 85' lang='lat' dir='ltr'>whole</span> <span class='ocrx_word' id='word_1_392' title='bbox 760 4414 794 4463; x_wconf 90' lang='lat' dir='ltr'>he</span> <span class='ocrx_word' id='word_1_393' title='bbox 805 4414 880 4462; x_wconf 88' lang='lat' dir='ltr'>leans</span> <span class='ocrx_word' id='word_1_394' title='bbox 895 4414 1009 4463; x_wconf 87' lang='lat' dir='ltr'>towards</span> <span class='ocrx_word' id='word_1_395' title='bbox 1026 4416 1070 4463; x_wconf 84' lang='lat' dir='ltr'>the</span> <span class='ocrx_word' id='word_1_396' title='bbox 1081 4414 1150 4462; x_wconf 86' lang='lat' dir='ltr'>view</span> <span class='ocrx_word' id='word_1_397' title='bbox 1161 4414 1216 4463; x_wconf 84' lang='lat' dir='ltr'>that</span> <span class='ocrx_word' id='word_1_398' title='bbox 1232 4414 1297 4475; x_wconf 88' lang='lat' dir='ltr'>light</span> <span class='ocrx_word' id='word_1_399' title='bbox 1308 4415 1330 4463; x_wconf 86' lang='lat' dir='ltr'>is</span> <span class='ocrx_word' id='word_1_400' title='bbox 1342 4422 1389 4463; x_wconf 89' lang='lat' dir='ltr'>not</span> 
     </span>
     <span class='ocr_line' id='line_1_39' title="bbox 236 4489 1389 4555; baseline 0 -14"><span class='ocrx_word' id='word_1_401' title='bbox 236 4500 264 4541; x_wconf 84' lang='lat' dir='ltr'>to</span> <span class='ocrx_word' id='word_1_402' title='bbox 275 4492 308 4539; x_wconf 89' lang='lat' dir='ltr'>be</span> <span class='ocrx_word' id='word_1_403' title='bbox 320 4490 446 4552; x_wconf 77' lang='lat' dir='ltr'>regarded</span> <span class='ocrx_word' id='word_1_404' title='bbox 457 4507 486 4539; x_wconf 87' lang='lat' dir='ltr'>as</span> <span class='ocrx_word' id='word_1_405' title='bbox 498 4507 514 4539; x_wconf 87' lang='lat' dir='ltr'>a</span> <span class='ocrx_word' id='word_1_406' title='bbox 525 4492 631 4539; x_wconf 84' lang='lat' dir='ltr'>motion.</span> <span class='ocrx_word' id='word_1_407' title='bbox 652 4492 711 4553; x_wconf 71' lang='lat' dir='ltr'>ssepi</span> <span class='ocrx_word' id='word_1_408' title='bbox 722 4492 767 4540; x_wconf 73' lang='grc' dir='ltr'>τοῦ</span> <span class='ocrx_word' id='word_1_409' title='bbox 778 4490 858 4555; x_wconf 67' lang='grc' dir='ltr'><strong><em>φωτὸς</em></strong></span> <span class='ocrx_word' id='word_1_410' title='bbox 868 4490 945 4541; x_wconf 72' lang='grc' dir='ltr'><strong>ἄλλος</strong></span> <span class='ocrx_word' id='word_1_411' title='bbox 953 4492 1035 4555; x_wconf 71' lang='grc' dir='ltr'>λόγος·</span> <span class='ocrx_word' id='word_1_412' title='bbox 1047 4493 1082 4554; x_wconf 72' lang='grc' dir='ltr'>τῷ</span> <span class='ocrx_word' id='word_1_413' title='bbox 1094 4489 1154 4540; x_wconf 70' lang='grc' dir='ltr'>εἶναι</span> <span class='ocrx_word' id='word_1_414' title='bbox 1162 4492 1210 4554; x_wconf 61' lang='grc' dir='ltr'>γάρ</span> <span class='ocrx_word' id='word_1_415' title='bbox 1220 4510 1243 4539; x_wconf 84' lang='grc' dir='ltr'>τι</span> <span class='ocrx_word' id='word_1_416' title='bbox 1251 4492 1300 4553; x_wconf 74' lang='grc' dir='ltr'>φῶς</span> <span class='ocrx_word' id='word_1_417' title='bbox 1312 4492 1389 4554; x_wconf 65' lang='grc' dir='ltr'><strong><em>ἐστίν,</em></strong></span> 
     </span>
     <span class='ocr_line' id='line_1_40' title="bbox 235 4567 1391 4635; baseline 0.003 -18"><span class='ocrx_word' id='word_1_418' title='bbox 235 4567 295 4617; x_wconf 72' lang='grc' dir='ltr'>ἀλλ’</span> <span class='ocrx_word' id='word_1_419' title='bbox 306 4570 335 4617; x_wconf 74' lang='grc' dir='ltr'>οὔ</span> <span class='ocrx_word' id='word_1_420' title='bbox 346 4567 438 4630; x_wconf 75' lang='grc' dir='ltr'><strong><em>κίνησίς</em></strong></span> <span class='ocrx_word' id='word_1_421' title='bbox 448 4586 503 4620; x_wconf 75' lang='grc' dir='ltr'>τις.</span> <span class='ocrx_word' id='word_1_422' title='bbox 517 4606 524 4620; x_wconf 92' lang='grc'><strong>.</strong></span> <span class='ocrx_word' id='word_1_423' title='bbox 536 4605 542 4616; x_wconf 95' lang='grc'><em>.</em></span> <span class='ocrx_word' id='word_1_424' title='bbox 556 4568 664 4633; x_wconf 73' lang='grc' dir='ltr'>εὐλόγως</span> <span class='ocrx_word' id='word_1_425' title='bbox 680 4568 701 4618; x_wconf 81' lang='grc' dir='ltr'>δ’</span> <span class='ocrx_word' id='word_1_426' title='bbox 718 4568 752 4619; x_wconf 69' lang='grc' dir='ltr'>ὧν</span> <span class='ocrx_word' id='word_1_427' title='bbox 765 4569 818 4618; x_wconf 76' lang='lat' dir='ltr'>leel</span> <span class='ocrx_word' id='word_1_428' title='bbox 833 4568 924 4632; x_wconf 73' lang='grc' dir='ltr'>μεταξὺ</span> <span class='ocrx_word' id='word_1_429' title='bbox 940 4569 985 4619; x_wconf 80' lang='grc' dir='ltr'>τοῦ</span> <span class='ocrx_word' id='word_1_430' title='bbox 1001 4568 1166 4635; x_wconf 70' lang='grc' dir='ltr'>αἱσθητηρίον,</span> <span class='ocrx_word' id='word_1_431' title='bbox 1178 4571 1227 4634; x_wconf 72' lang='grc' dir='ltr'>οὐχ</span> <span class='ocrx_word' id='word_1_432' title='bbox 1243 4568 1294 4631; x_wconf 72' lang='grc' dir='ltr'>ἅμα</span> <span class='ocrx_word' id='word_1_433' title='bbox 1311 4570 1391 4621; x_wconf 72' lang='grc' dir='ltr'><strong><em>πάντα</em></strong></span> 
     </span>
     <span class='ocr_line' id='line_1_41' title="bbox 236 4645 854 4712; baseline 0.003 -15"><span class='ocrx_word' id='word_1_434' title='bbox 236 4645 336 4711; x_wconf 67' lang='grc' dir='ltr'>πάσχει,</span> <span class='ocrx_word' id='word_1_435' title='bbox 347 4647 413 4709; x_wconf 69' lang='grc' dir='ltr'>πλὴν</span> <span class='ocrx_word' id='word_1_436' title='bbox 424 4646 463 4697; x_wconf 65' lang='lat' dir='ltr'>tvl</span> <span class='ocrx_word' id='word_1_437' title='bbox 474 4648 519 4697; x_wconf 76' lang='lat' dir='ltr'>rori</span> <span class='ocrx_word' id='word_1_438' title='bbox 529 4646 618 4712; x_wconf 68' lang='grc' dir='ltr'>φανός,</span> <span class='ocrx_word' id='word_1_439' title='bbox 629 4647 669 4698; x_wconf 78' lang='lat' dir='ltr'>tut</span> <span class='ocrx_word' id='word_1_440' title='bbox 680 4646 710 4698; x_wconf 73' lang='grc' dir='ltr'>τὸ</span> <span class='ocrx_word' id='word_1_441' title='bbox 721 4648 854 4712; x_wconf 64' lang='grc' dir='ltr'><strong><em>ἀρημένον.</em></strong></span> 
     </span>
    </p>
   </div>
   <div class='ocr_carea' id='block_1_7' title="bbox 0 0 1782 5359">
    <p class='ocr_par' dir='ltr' id='par_1_9' title="bbox 0 0 1782 5359">
     <span class='ocr_line' id='line_1_42' title="bbox 0 0 1782 5359; baseline 0 0"><span class='ocrx_word' id='word_1_442' title='bbox 0 0 1782 5359; x_wconf 95' lang='lat' dir='ltr'> </span> 
     </span>
    </p>
   </div>
  </div>
 </body>
</html>
