3542 5359
414 651 741 712 PERSPECYIVAE
765 652 879 711 PARS
904 652 1067 710 PRIMA:
1099 651 1211 712 DISY.
1241 653 1291 712 VI.
1393 666 1433 729 37

275 814 405 899 species
427 816 571 899 partium
594 816 640 879 rei
658 816 750 880 visae
772 824 1048 898 quantaecunque
1070 824 1208 898 possunt
1231 815 1374 880 ordinari
1398 816 1432 879 in

275 920 452 1003 superficie
494 920 642 1005 glacialis
687 931 824 1003 propter
870 920 1133 985 divisibilitatem
1405 968 1431 1029 9

274 1025 476 1106 quantitatis
501 1045 589 1107 quae
614 1025 708 1089 vadit
734 1026 766 1089 in
791 1024 968 1103 infinitum,
990 1034 1025 1088 et
1047 1044 1134 1107 quae

273 1130 372 1213 ponit
403 1140 454 1193 tot
483 1139 594 1211 partes
625 1130 657 1192 in
688 1150 792 1212 parvo
821 1150 960 1213 corpore
985 1137 1067 1212 quot
1100 1128 1134 1190 in

274 1254 412 1317 magno,
437 1254 503 1297 non
529 1234 650 1297 accidit
674 1233 823 1298 confusio
846 1233 983 1316 quando
1006 1233 1133 1315 species

274 1356 402 1419 magna
417 1338 509 1401 venit
524 1337 566 1401 ad
583 1358 718 1419 parvam
737 1337 945 1421 superficiem
960 1335 1119 1421 glacialis.

707 1891 933 1957 Camrunuu
958 1886 1003 1956 ΙΙ.

319 2082 360 2145 In
390 2103 461 2166 quo
497 2092 675 2146 evacuatur
704 2082 853 2147 confusio
890 2082 1036 2147 secunda
1066 2090 1203 2165 propter
1237 2102 1433 2145 concursum

271 2188 444 2250 radiorum
460 2186 697 2253 declinantium
712 2206 788 2251 cum
804 2186 1139 2272 perpendicularibus.

320 2356 500 2422 Caeterum
512 2367 644 2442 oportet
659 2360 750 2441 quod
766 2358 965 2423 excludatur
973 2360 1038 2422 alia
1053 2357 1203 2423 confusio
1217 2378 1304 2441 quae
1319 2368 1433 2440 potest
1446 2384 1501 2432 The

274 2460 359 2545 tingi
374 2462 517 2527 aliunde
561 2463 650 2526 Nam
668 2484 689 2527 a
711 2462 861 2545 qualibet
879 2472 974 2546 parte
988 2463 1034 2525 rei
1049 2463 1140 2526 visae
1161 2471 1285 2526 exeunt
1305 2464 1433 2545 species
1445 2449 1553 2565 fffiqffi

275 2564 437 2640 infinitae,
462 2566 555 2630 utin
578 2564 728 2650 legibus¹
753 2565 1038 2648 multiplicationis
1060 2565 1212 2630 habitum
1234 2577 1294 2630 est.
1340 2566 1432 2649 Ergo
1444 2532 1593 2632 nellnlimt

274 2680 358 2733 tunc
388 2670 430 2733 ad
453 2669 637 2753 quamlibet
659 2680 789 2754 partem
810 2670 960 2754 glacialis
982 2671 1074 2734 venit
1099 2672 1226 2753 species
1248 2691 1269 2733 a
1294 2679 1367 2734 tota
1389 2647 1543 2777 reffigr

274 2785 312 2837 et
333 2773 483 2857 singulae
508 2776 704 2857 pyramides,
726 2795 867 2858 quarum
890 2776 964 2839 coni
983 2785 1061 2838 sunt
1081 2774 1116 2836 in
1135 2774 1284 2857 quolibet
1306 2784 1432 2857 puncto
1445 2778 1552 2856 forceps

276 2878 367 2943 oculi
389 2888 424 2941 et
446 2899 586 2945 corneae
607 2890 642 2945 et
662 2880 829 2943 foraminis
846 2900 958 2956 ureae,
981 2889 1017 2943 et
1038 2878 1127 2941 basis
1149 2877 1298 2941 omnium
1313 2886 1364 2939 est
1380 2898 1433 2941 res
1442 2843 1486 2893 ψ’
1496 2844 1584 2895 ‘'¹¹²⁰‘’

274 2982 356 3047 visa.
399 2982 445 3046 Et
467 2983 544 3047 ideo
565 2982 705 3066 quilibet
728 2993 871 3066 punctus
900 3003 1039 3047 corneae
1067 2993 1102 3047 et
1131 2981 1299 3045 foraminis
1328 3002 1432 3045 uveae

274 3086 416 3151 habebit
438 3090 566 3170 species
588 3089 737 3151 omnium
757 3089 904 3170 partium
925 3087 1079 3151 confusas
1105 3088 1139 3150 in
1162 3106 1217 3162 sc3
1247 3106 1350 3168 quare
1374 3085 1431 3151 fiet

270 3192 438 3275 judicium
453 3191 635 3256 confusum.
672 3192 743 3257 Nec
757 3194 936 3256 dicendum
952 3201 1013 3270 est,
1027 3193 1118 3274 quod
1135 3189 1273 3275 quilibet
1288 3200 1432 3273 punctus

273 3295 363 3359 oculi
382 3305 434 3357 est
456 3295 629 3359 divisibilis
652 3295 685 3359 in
705 3295 880 3370 infinitum,
897 3306 935 3359 ut
955 3284 1113 3360 cadamus
1135 3296 1168 3357 in
1187 3293 1430 3357 cavillationem

274 3399 429 3483 priorem.
475 3397 641 3481 Quoniam
665 3419 727 3462 nos
748 3400 801 3463 hic
823 3400 1003 3482 accipimus
1024 3410 1185 3482 punctum
1209 3397 1358 3481 pupillae
1377 3397 1431 3461 vel

273 3514 404 3587 partem
430 3523 492 3586 pro
516 3503 651 3566 minimo
681 3502 828 3567 sensibili
855 3504 888 3566 in
915 3504 1077 3568 divisione
1102 3504 1246 3586 partium
1273 3501 1431 3587 pupillae,

271 3628 343 3689 qua
373 3607 536 3672 divisione
563 3608 619 3670 hic
648 3607 772 3669 utimur
802 3608 835 3669 in
866 3608 1079 3672 distinctione
1113 3609 1257 3691 partium
1292 3607 1430 3670 membri

271 3712 447 3776 sentientis
469 3712 650 3776 secundum
673 3712 868 3775 divisionem
888 3713 1034 3796 partium
1055 3712 1099 3775 rei
1118 3712 1218 3775 visae.
1264 3711 1310 3774 Et
1331 3730 1430 3795 prop-

271 3830 367 3882 terea
392 3816 528 3880 exclusa
554 3814 617 3880 hac
642 3816 851 3880 cavillatione
883 3836 1061 3899 possumus
1090 3816 1208 3892 dicere,
1231 3815 1323 3897 quod
1351 3814 1431 3879 licet

271 3921 437 3985 veraciter
457 3922 501 3983 ad
525 3939 658 3984 omnem
682 3930 843 4004 punctum
867 3921 956 3983 oculi
982 3930 1016 3983 et
1038 3940 1176 3983 corneae
1195 3921 1305 3983 veniat
1327 3940 1430 3983 conus

272 4027 374 4089 unius
397 4026 580 4108 pyramidis
602 4046 624 4089 a
641 4036 713 4089 tota
733 4045 776 4102 re,
798 4035 831 4089 et
853 4026 944 4107 quod
967 4026 1095 4107 species
1116 4026 1263 4088 omnium
1286 4026 1431 4107 partium

270 4130 340 4194 sint
365 4131 410 4194 ibi
435 4131 572 4207 mixtae,
595 4141 707 4195 tamen
732 4131 775 4194 ad
794 4150 898 4192 unum
921 4140 1084 4213 punctum
1106 4129 1193 4193 oculi
1215 4129 1269 4192 vel
1291 4148 1432 4192 corneae

271 4246 307 4299 et
332 4233 506 4298 foraminis
532 4254 634 4299 uveae
663 4253 730 4297 non
756 4235 849 4298 venit
875 4234 1002 4319 species
1031 4233 1346 4317 perpendiculariter
1371 4233 1431 4295 nisi

270 4339 317 4403 ab
333 4359 400 4403 uno
415 4350 543 4422 puncto
558 4339 603 4402 rei
618 4338 718 4413 visae,
734 4340 887 4421 quamvis
901 4341 945 4403 ad
960 4341 1103 4403 eundem
1119 4347 1280 4421 punctum
1296 4336 1432 4401 veniant

271 4442 400 4527 species
422 4440 569 4506 infinitae
587 4442 792 4507 declinantes
812 4443 856 4507 ad
876 4441 1018 4525 angulos
1042 4441 1240 4525 inaequales.
1286 4440 1332 4503 Et
1354 4439 1431 4505 ideo

271 4566 350 4611 cum
374 4567 497 4631 corpus
523 4546 610 4611 oculi
634 4546 678 4613 sit
704 4547 838 4613 densius
866 4567 950 4621 aere,
974 4556 1107 4631 oportet
1130 4544 1313 4608 secundum
1338 4542 1431 4628 leges

304 4719 482 4783 ¹speciebus,
493 4720 519 4780 J.
554 4718 611 4769 The
624 4720 732 4783 reading
745 4720 774 4770 of
783 4720 823 4779 0.,
836 4718 944 4784 legibus,
958 4719 1082 4769 isbetter.
1116 4717 1157 4768 Cf.
1168 4716 1219 4767 vol.
1230 4717 1246 4765 i.
1258 4731 1282 4779 p.
1299 4730 1353 4776 117.
