3542 5359
385 626 426 687 68
610 628 765 688 OPERIS
789 628 977 699 MAJORIS
1002 628 1116 689 PARS
1144 629 1316 704 QUINTA.

791 942 1018 1009 Cnerrunun
1047 940 1131 1007 111¹.

539 1115 639 1199 Quod
655 1116 781 1200 species
796 1116 884 1181 visus
901 1126 935 1180 et
949 1116 1085 1181 visibilis
1100 1114 1158 1180 fiat
1173 1116 1205 1180 in
1221 1127 1382 1199 ternpore.

221 1278 333 1327 Viewos
432 1270 499 1338 Sed
523 1274 576 1336 hic
599 1274 702 1337 oritur
724 1272 890 1337 dubitatio
920 1272 1068 1337 maxima
1097 1272 1184 1336 circa
1212 1273 1357 1355 speciem
1386 1270 1476 1335 visus
1505 1280 1539 1333 et

218 1344 341 1459 mile
386 1376 529 1453 visibilis,
552 1398 595 1441 an
618 1376 698 1441 fiant
721 1378 834 1443 subito
856 1388 891 1442 et
913 1378 946 1440 in
969 1377 1117 1454 instanti,
1141 1398 1183 1440 an
1209 1377 1290 1442 fiant
1313 1378 1346 1441 in
1369 1385 1539 1457 tempore;

218 1474 365 1563 tinellum
387 1492 421 1545 et
451 1482 478 1545 si
508 1482 540 1545 in
571 1492 731 1563 tempore,
762 1504 806 1546 an
836 1482 869 1545 in
901 1492 1052 1564 tempore
1080 1481 1225 1546 sensibili
1261 1492 1294 1546 et
1325 1478 1538 1565 perceptibili,

218 1549 322 1657 ml,
387 1583 439 1649 vel
461 1583 574 1650 non²i
620 1586 747 1650 Nititur
774 1594 889 1651 autem
916 1585 1083 1651 Alkindus
1109 1587 1285 1650 ostendere
1314 1587 1347 1649 in
1369 1585 1453 1649 libro
1480 1605 1539 1647 suo

218 1688 342 1788 gfff
387 1689 430 1752 de
452 1689 665 1771 Aspectibus,
690 1692 781 1773 quod
817 1690 928 1754 radius
958 1699 1166 1772 pertranseat
1188 1690 1220 1752 in
1244 1690 1377 1753 instanti
1406 1688 1539 1752 omnino

220 1804 293 1866 light.
388 1793 582 1872 indivisibili,
609 1805 643 1859 et
665 1795 760 1859 affert
782 1796 945 1860 rationem
973 1796 1054 1859 satis
1083 1794 1239 1858 curialem
1269 1805 1303 1859 et
1326 1791 1540 1877 probabilem,

387 1919 461 1962 cum
478 1899 575 1963 dicit:
600 1899 636 1963 Si
658 1899 691 1963 in
714 1909 865 1981 tempore
885 1900 996 1982 aliquo
1020 1900 1158 1980 species,
1174 1908 1211 1961 ut
1232 1898 1290 1962 lux
1309 1897 1387 1962 solis
1405 1899 1539 1979 quando

387 2004 497 2078 oritur,
522 2001 581 2066 fiat
603 2004 635 2067 in
658 2005 765 2085 prima
788 2014 882 2088 parte
906 2005 999 2079 aeris,
1021 2013 1101 2067 tunc
1123 2004 1151 2065 si
1174 2002 1254 2068 illud
1277 2012 1409 2083 tempus
1432 2002 1539 2083 dupli-

388 2116 516 2171 caretur
543 2108 574 2171 in
599 2109 744 2172 secunda
774 2118 867 2192 parte
895 2107 1037 2191 aequali,
1061 2115 1094 2171 et
1118 2107 1152 2170 in
1181 2108 1281 2171 tertia
1312 2105 1539 2189 triplicaretur,

388 2222 422 2275 et
436 2212 483 2277 sic
499 2213 632 2294 quando
647 2213 776 2277 veniret
793 2213 837 2277 ad
860 2212 1023 2289 occidens,
1039 2212 1132 2276 fieret
1154 2232 1255 2275 unum
1278 2220 1412 2294 tempus
1428 2210 1537 2273 multi·

332 2384 336 2392 ,
389 2315 469 2398 plex
488 2316 521 2379 in
542 2336 664 2399 magna
686 2317 901 2399 proportione
921 2318 963 2380 ad
986 2316 1128 2401 primum
1151 2326 1303 2398 tempus;
1333 2324 1369 2380 et
1387 2316 1538 2399 quamvis

388 2421 528 2504 primum
551 2430 637 2485 esset
658 2419 854 2496 insensibile,
875 2421 963 2485 istud
985 2432 1097 2485 tamen
1118 2429 1250 2503 tempus
1274 2427 1383 2484 totum
1403 2430 1539 2502 propter

387 2524 436 2586 sui
460 2526 723 2606 magnitudinem
745 2526 839 2608 quasi
861 2524 1153 2607 incomparabilem
1170 2535 1322 2607 respectu
1343 2524 1439 2605 primi
1455 2533 1537 2588 tem-

388 2628 479 2711 poris
500 2629 561 2691 erit
583 2629 745 2693 sensibile.
789 2630 834 2693 Et
855 2626 1054 2695 Aristoteles
1075 2630 1155 2694 dicit
1175 2629 1321 2693 secundo
1345 2629 1388 2692 de
1402 2627 1537 2702 Anima,

388 2734 479 2815 quod
502 2732 578 2798 licet
601 2733 633 2796 in
657 2755 758 2817 parva
782 2733 941 2799 distantia
970 2742 1085 2815 posset
1107 2753 1239 2798 sensum
1263 2742 1413 2795 nostrum
1436 2732 1538 2796 latere

387 2836 467 2901 lucis
486 2837 724 2920 multiplicatio
742 2859 810 2902 non
825 2849 938 2904 tamen
953 2839 987 2902 in
1002 2848 1097 2902 tanta
1112 2858 1198 2922 quae
1216 2832 1367 2901 est'inter
1381 2837 1488 2901 oriens
1505 2848 1539 2902 et

389 2942 541 3006 occidens
554 2942 575 3006 ³.
621 2943 712 3027 Ergo
736 2943 763 3005 si
785 2944 817 3005 in
841 2954 994 3025 tempore
1013 2941 1107 3007 fieret
1130 2942 1250 3024 aliquo,
1271 2940 1333 3005 hoc
1352 2951 1438 3006 esset
1462 2962 1537 3023 per·

388 3045 542 3128 ceptibile
556 3067 652 3110 sensu
665 3068 673 3125 ;
691 3047 751 3110 sed
766 3068 833 3111 non
848 3048 1055 3130 percipimus.
1094 3046 1187 3129 Ergo
1200 3065 1264 3109 non
1275 3043 1330 3108 fiet
1342 3045 1375 3108 in
1387 3055 1538 3129 ternpore

388 3150 447 3211 sed
470 3150 588 3212 subito
634 3150 682 3214 Et
704 3148 903 3215 Aristoteles
924 3152 1004 3216 dicit
1026 3151 1113 3215 libro
1134 3153 1177 3214 de
1203 3149 1309 3214 Sensu
1336 3158 1369 3212 et
1396 3148 1538 3214 Sensato

387 3254 478 3335 quod
495 3255 536 3318 de
552 3253 673 3319 lumine
689 3254 753 3318 alia
768 3254 871 3321 ratio*
887 3265 938 3319 est
952 3278 1052 3340 quam
1070 3258 1113 3320 de
1130 3256 1201 3320 aliis
1217 3253 1436 3332 sensibilibus,
1447 3263 1480 3317 et
1496 3255 1538 3318 de

420 3401 428 3429 ¹
443 3401 506 3451 This
527 3403 626 3464 subiect
646 3405 668 3453 is
687 3404 743 3453 also
762 3404 899 3454 discussed
919 3406 947 3454 in
963 3406 1003 3454 De
1017 3406 1092 3456 Mur.
1109 3405 1178 3468 Spar.
1190 3406 1222 3456 iv.
1236 3420 1292 3466 cap.
1306 3419 1331 3465 3.
1364 3403 1421 3452 The
1433 3412 1538 3465 present

389 3480 494 3542 chapter
516 3483 567 3529 and
590 3483 646 3531 that
668 3482 755 3532 which
778 3483 880 3533 follows
902 3501 948 3534 ατο
970 3485 1096 3547 specially
1117 3484 1272 3545 interesting
1295 3498 1324 3532 as
1349 3483 1471 3544 showing
1493 3484 1538 3531 the

387 3560 566 3622 independent
586 3576 693 3610 manner
710 3562 736 3609 in
753 3562 842 3611 which
861 3563 951 3611 Bacon
969 3563 1099 3612 criticized
1119 3562 1160 3611 his
1180 3562 1342 3620 authorities,
1359 3561 1484 3610 Aristode
1502 3562 1538 3610 in·

386 3638 486 3699 cluded,
500 3638 580 3687 while
592 3638 716 3701 allowing
729 3641 779 3689 due
791 3642 890 3703 weight
907 3649 934 3690 to
951 3642 1021 3691 their
1035 3641 1184 3702 objections.
1219 3640 1263 3688 He
1280 3640 1393 3689 dissents
1410 3639 1475 3688 from
1493 3641 1538 3689 the

387 3716 537 3766 conclusion
554 3717 585 3765 oi
598 3718 723 3767 Aristotle
740 3721 791 3767 and
808 3719 916 3769 Alkindi
932 3720 988 3769 that
1004 3721 1048 3769 the
1065 3720 1235 3783 propagation
1252 3720 1282 3767 ol
1294 3718 1359 3781 light
1369 3734 1425 3768 was
1442 3720 1538 3767 instan-

386 3802 504 3844 taneous.
540 3795 583 3844 He
595 3797 687 3858 adopts
698 3798 743 3846 the
760 3798 911 3847 conclusion
926 3799 956 3847 oi
968 3799 1096 3859 Alhazen,
1113 3799 1192 3847 while
1203 3798 1353 3859 explaining
1363 3798 1418 3846 that
1429 3812 1502 3847 sorne
1513 3797 1543 3846 os

386 3871 525 3922 Alhazen's
537 3890 644 3923 reasons
655 3876 695 3924 ior
707 3876 726 3925 it
737 3892 809 3925 were
820 3877 958 3927 fallacious.
994 3876 1104 3927 Bacon's
1115 3892 1176 3926 own
1189 3877 1328 3938 ressoning
1338 3892 1372 3923 on
1384 3876 1429 3925 the
1441 3877 1539 3937 subject

387 3952 409 4000 is
422 3952 578 4001 remarkable
590 3967 619 4001 as
630 3970 664 4002 an
676 3954 842 4017 anticipation
855 3956 885 4005 os
895 3956 939 4005 the
952 3956 1089 4018 discovery
1101 3956 1175 4004 made
1187 3956 1222 4017 by
1235 3955 1349 4003 Roemer
1360 3955 1386 4003 in
1400 3956 1471 4016 1675.

420 4030 429 4059 ¹
448 4031 477 4079 lu
491 4030 645 4081 Combach's
656 4034 754 4082 edition
763 4050 805 4083 we
813 4033 866 4083 find
878 4034 924 4083 the
931 4035 1020 4083 words
1031 4034 1120 4095 ‘Quae
1133 4034 1193 4083 licet
1204 4034 1231 4082 in
1240 4040 1347 4082 tractatu
1357 4034 1391 4081 de
1402 4032 1539 4094 speciebus

386 4110 464 4159 hsbet
477 4111 510 4159 ad
524 4110 630 4173 plenum
646 4112 810 4161 determinari
825 4113 867 4162 hic
879 4120 966 4162 tamen
981 4113 1112 4174 tangenda
1126 4119 1168 4163 est
1183 4120 1209 4161 et
1224 4112 1390 4173 exponenda,
1403 4118 1431 4160 ut
1447 4112 1540 4159 sufficit

363 4196 365 4203 '
385 4189 445 4237 huic
462 4188 539 4239 loco'
573 4189 643 4253 This,
657 4190 708 4238 lilre
725 4190 802 4239 other
818 4191 915 4239 similar
931 4206 1062 4253 passages,
1076 4206 1132 4240 was
1149 4190 1274 4253 probably
1291 4190 1406 4238 inserted
1422 4189 1449 4237 in
1466 4203 1539 4238 some

385 4268 490 4316 version
502 4267 584 4317 nithe
595 4268 748 4329 Pmpecsva
759 4268 918 4331 subsequent
930 4276 956 4317 to
968 4270 1023 4318 that
1035 4267 1065 4316 oi
1075 4270 1145 4330 1²⁶1·

419 4345 429 4373 ³
445 4346 485 4395 De
494 4346 603 4405 Anima,
615 4346 640 4395 ii.
649 4362 704 4409 cap.
715 4361 739 4408 7,
750 4350 788 4408 §3
806 4346 833 4394 lv
843 4348 919 4411 μικρᾷ
934 4345 981 4407 μὶν
996 4343 1044 4411 γὰρ
1060 4344 1206 4408 διαστήματι
1223 4343 1295 4395 λάθοι
1311 4343 1351 4406 ἄν,
1366 4343 1408 4393 dr'
1419 4343 1541 4406 ἀνατολῆς

385 4422 407 4471 δ’
417 4422 455 4472 tri
466 4422 559 4483 δυσμὰς
569 4422 598 4472 τὸ
610 4423 739 4473 λανθάνειν
749 4422 814 4487 μέγα
824 4422 881 4473 λίαν
892 4422 922 4472 τὸ
933 4422 1031 4487 αἴτημα.

417 4502 427 4531 ⁴
444 4502 483 4552 De
493 4502 587 4563 Sensu,
599 4518 655 4566 cap.
667 4504 684 4551 6
695 4500 747 4564 sepi
758 4500 784 4551 tt
796 4501 841 4551 τοῦ
851 4500 932 4564 φατὸς
944 4499 1023 4552 ἄλλω
1037 4499 1119 4566 λόγω,
1132 4505 1179 4553 &c
1213 4502 1270 4553 The
1286 4502 1435 4552 distinction
1449 4503 1538 4551 drawn

385 4582 449 4630 here
460 4582 496 4643 by
507 4582 631 4631 Aristotle
642 4582 762 4631 beween
774 4581 858 4630 vision
869 4581 921 4629 and
934 4580 978 4630 the
994 4581 1071 4630 other
1082 4596 1176 4630 sensas
1191 4596 1278 4632 seems
1294 4581 1386 4645 hardly
1397 4582 1540 4631 consistent

384 4659 448 4709 with
461 4660 537 4709 other
548 4674 673 4723 passages
683 4660 710 4709 in
721 4660 808 4710 which
820 4659 854 4709 he
865 4659 961 4721 speaks
972 4660 1003 4709 oi
1009 4660 1074 4722 light
1085 4676 1115 4710 as
1125 4659 1218 4724 κίνησίς
1229 4678 1272 4714 τις.
