3542 5359
397 577 591 637 MORALIS
614 577 909 637 PHILOSOPHJA
922 599 932 634 .·
967 579 1080 638 PARS
1108 579 1272 639 TERTIA.
1350 595 1407 656 321

261 739 342 806 libet
368 741 454 805 ferae
484 741 653 824 pabulum,
679 742 853 826 cujuslibet
879 744 1015 808 victima
1044 791 1050 804 .
1076 791 1084 806 .
1110 789 1117 805 .
1145 744 1275 828 frigoris
1301 754 1412 810 aestus

261 843 383 909 laboris
400 844 632 928 impatiens...
645 847 741 912 Odor
753 847 799 910 illi
808 868 973 930 saporque
982 857 1016 911 et
1025 847 1186 913 lassitudo
1197 860 1230 913 et
1239 849 1350 934 vigilia
1363 893 1370 910 .
1383 899 1390 912 .
1405 895 1412 908 .

261 959 295 1014 et
315 950 417 1030 cibus,
432 961 466 1014 et
489 952 561 1015 sine
579 952 701 1036 quibus
721 953 831 1016 vivere
848 973 915 1016 non
938 961 1056 1034 potest,
1072 950 1240 1017 mortifera
1259 964 1385 1018 sunt..
1404 1000 1412 1014 .

261 1073 327 1117 non
342 1075 442 1118 omne
461 1053 592 1120 coelum
611 1054 728 1135 ferens,
746 1076 909 1139 aquarum
928 1057 1131 1122 novitatibus
1151 1053 1328 1146 [flatuque]
1345 1077 1412 1122 non

261 1157 430 1223 familiaris
455 1181 556 1224 aurae
582 1170 615 1225 et
642 1161 843 1226 tenuissimis
868 1162 977 1226 causis
1005 1161 1211 1238 morbidum3
1236 1213 1243 1228 .
1270 1211 1278 1226 .
1303 1211 1310 1227 .
1335 1183 1410 1228 cum

261 1262 392 1326 interim
409 1275 552 1346 quantos
567 1264 731 1329 tumultus
738 1264 802 1330 hoc
818 1276 888 1330 tam
905 1275 1134 1348 contemptum
1144 1266 1265 1331 animal
1279 1267 1411 1330 movetl

262 1366 296 1428 in
319 1377 460 1449 quantas
481 1370 698 1451 cogitationes
719 1369 860 1434 oblitum
883 1370 1083 1434 conditionis
1107 1391 1185 1434 suae
1208 1371 1319 1435 venitl
1346 1371 1412 1434 lm·

262 1472 415 1534 mortalia
433 1482 567 1536 aeterna
585 1473 714 1538 volutat
736 1474 859 1552 animo,
877 1486 912 1538 et
930 1475 962 1537 in
986 1485 1125 1558 nepotes
1146 1485 1413 1559 pronepotesque

262 1575 416 1656 disponit,
432 1596 507 1639 cum
524 1578 650 1642 interim
675 1579 775 1662 longa
795 1588 971 1642 conantem
990 1599 1065 1642 eum
1090 1599 1177 1643 mors
1196 1578 1363 1662 opprimit,
1378 1589 1413 1643 et

263 1677 326 1741 hoc
341 1680 432 1760 quod
447 1692 599 1745 senectus
614 1692 760 1760 vocatur,
776 1683 1049 1765 paucissimorum
1064 1681 1218 1747 circuitus
1232 1680 1412 1747 annorum'

307 1782 419 1846 ‘Nulli
436 1783 503 1848 fere
518 1807 641 1868 magna
651 1788 740 1851 bona
754 1798 788 1851 et
801 1788 955 1850 diuturna
968 1787 1175 1870 contingunt.
1221 1787 1299 1851 Non
1315 1789 1412 1852 durat
1427 1802 1468 1852 Ad
1480 1801 1547 1850 Mar-

262 1907 323 1949 nec
338 1888 381 1952 ad
398 1888 551 1953 ultimum
566 1892 637 1954 exit
653 1891 716 1955 nisi
730 1890 819 1954 lenta
834 1888 991 1955 felicitas!
1426 1884 1533 1999 ἓζωη

308 1992 353 2055 Et
377 1993 474 2057 infert
498 1997 656 2079 exempla
682 1996 863 2078 patientiae
886 1996 918 2058 in
944 1995 1119 2060 amissione
1143 1995 1294 2060 filiorum.
1341 1995 1413 2059 ‘Ne
1426 2009 1489 2073 cap.
1504 2022 1541 2070 ¹3·

263 2097 363 2159 nimis
383 2098 566 2163 admiretur
584 2099 722 2166 Graecia
747 2099 838 2163 illum
863 2108 994 2181 patrem
1017 2100 1085 2182 qui,
1100 2101 1132 2163 in
1157 2101 1229 2182 ipso
1253 2099 1411 2164 sacrificio

262 2201 413 2264 nuntiata
428 2202 486 2265 filii
504 2215 618 2283 morte,
630 2204 798 2269 tibicinem
814 2214 947 2267 tantum
963 2214 1073 2267 tacere
1085 2203 1191 2285 jussit,
1208 2212 1241 2267 et
1257 2224 1411 2268 coronam

262 2305 363 2384 capiti
382 2307 538 2386 detraxit,
553 2317 683 2372 caetera
695 2308 756 2371 rite
771 2307 918 2391 perfecit.
964 2306 1122 2370 Pulvillus
1135 2307 1243 2372 effecit
1258 2307 1411 2390 pontifex

263 2407 315 2470 cui
340 2407 543 2491 Capitolium
566 2412 732 2475 dedicanti
760 2432 848 2476 mors
879 2409 936 2474 filii
970 2413 1120 2477 nuntiata
1146 2422 1206 2483 est,
1230 2432 1332 2495 quam
1359 2412 1413 2476 ille

263 2515 440 2579 exaudisse
451 2514 670 2581 dissimulavit
681 2526 715 2580 et
729 2514 908 2581 solemnia¹
922 2517 1020 2580 verba
1032 2517 1192 2598 concepit,
1204 2518 1329 2598 gemitu
1346 2536 1413 2580 non

263 2615 524 2701 interrumpente
543 2618 781 2700 precationem'

306 2722 481 2787 ‘Cornelia
517 2724 682 2806 Scipionis
720 2723 797 2802 filia,
829 2723 1055 2788 Gracchorum
1088 2732 1201 2800 mater,
1237 2725 1411 2788 duodecim
1425 2736 1488 2800 Cap.
1504 2734 1541 2784 16.

263 2838 378 2908 partus
405 2829 546 2893 totidem
574 2827 743 2892 funeribus
763 2829 953 2910 recognovit
973 2875 978 2885 .
997 2825 1224 2901 ..Gracchos
1246 2848 1330 2909 quos
1356 2829 1412 2910 qui

265 2930 370 2995 bonos
383 2930 472 2996 viros
488 2933 654 3016 negaverit
669 2951 809 3015 magnos
828 2929 994 3009 fatebitur,
1009 2941 1043 2993 et
1063 2931 1189 2995 occisos
1207 2932 1290 2996 vidit
1309 2943 1415 2997 mater

264 3046 298 3099 et
322 3035 509 3119 insepultos.
556 3035 814 3101 Consolantibus
841 3046 952 3099 tamen
975 3035 1197 3116 miseramque
1218 3035 1414 3111 dicentibus

262 3136 497 3221 “Nunquam'’
506 3139 807 3221 inquit“infelicem
817 3138 990 3201 medicam
1000 3157 1084 3219 quae
1094 3135 1261 3203 Gracchos
1271 3136 1413 3221 peperi.”

265 3243 405 3308 Octavia
418 3251 453 3306 et
468 3243 562 3307 Livia
572 3240 593 3320 ²,
609 3241 712 3308 altera
727 3263 821 3306 soror
835 3241 993 3324 Augusti,
1005 3240 1108 3306 altera
1128 3263 1223 3322 uxor,
1234 3243 1414 3307 amiserunt

265 3347 351 3412 filios
373 3349 458 3412 duos
484 3347 630 3429 juvenes,
654 3355 793 3428 utraque
822 3367 882 3429 spe
907 3345 1006 3408 futuri
1038 3347 1194 3429 principis
1223 3358 1313 3411 certa
1339 3395 1346 3409 .
1376 3395 1413 3410 ..

265 3451 408 3515 Octavia
430 3451 536 3515 nullas
553 3451 688 3515 admisit
710 3471 809 3514 voces
824 3499 832 3514 .
848 3499 856 3513 .
872 3500 880 3514 .
897 3449 991 3514 Talis
1010 3469 1218 3530 peromnem
1234 3453 1336 3515 vitam
1353 3451 1414 3516 fuit

265 3554 371 3638 qualis
388 3557 420 3618 in
432 3553 546 3619 funere
562 3601 569 3615 .
586 3602 593 3616 .
611 3601 618 3616 .
634 3556 809 3618 secundam
824 3555 1000 3617 orbitatem
1011 3553 1164 3634 judicans
1176 3556 1325 3619 lacrimas
1339 3557 1413 3618 mit-

265 3668 335 3723 tere
350 3659 476 3722 nullam
500 3659 677 3741 imaginem
697 3658 754 3721 filii
772 3659 934 3722 carissimi
954 3659 1070 3736 voluit,
1086 3657 1210 3722 nullam
1227 3660 1289 3723 sibi
1310 3661 1353 3723 de
1374 3679 1415 3724 eo

264 3762 335 3827 fieri
351 3763 554 3825 mentionem
571 3809 578 3825 .
595 3811 603 3826 .
620 3811 627 3826 .
645 3762 741 3826 Livia
756 3782 815 3824 nec
832 3762 907 3842 plus
922 3761 1028 3826 doluit
1044 3783 1144 3844 quam
1161 3774 1218 3827 aut
1239 3763 1413 3828 honestum

159 3941 162 3944 ⁴
264 3876 335 3932 erat
356 3866 488 3931 Caesari
503 3877 561 3930 aut
581 3885 725 3947 aequum
749 3867 855 3930 matri.
902 3866 980 3928 Non
995 3867 1094 3930 desiit
1110 3865 1167 3929 lilii
1183 3868 1233 3930 sui
1249 3867 1414 3931 celebrare

263 3991 397 4050 nomen,
419 3970 614 4053 nunquam³
636 3969 787 4051 privatim
811 3967 1010 4052 publiceque
1033 3981 1286 4052 repraesentare,
1313 3971 1413 4034 liben-

263 4076 392 4140 tissime
406 4076 448 4138 de
463 4074 520 4139 illo
535 4074 626 4158 loqui
643 4075 684 4138 de
699 4072 757 4136 illo
770 4071 902 4137 audire.’

309 4178 428 4243 ‘Plena
444 4188 477 4243 et
493 4178 612 4244 infesta
625 4178 725 4241 variis
739 4176 869 4240 casibus
884 4177 954 4240 vita
974 4187 1033 4256 est,
1047 4199 1067 4242 a
1083 4178 1202 4262 quibus
1218 4178 1298 4242 nulli
1314 4179 1413 4264 longa
1425 4187 1489 4254 Cap.
1504 4187 1541 4237 16.

298 4385 307 4414 ¹
321 4384 398 4432 After
406 4381 531 4432 solemnia
540 4381 642 4431 Seneca
653 4382 700 4430 has
711 4380 756 4430 the
764 4381 854 4430 words
863 4381 996 4443 pontificia
1007 4384 1120 4431 carmina
1130 4383 1216 4432 which
1226 4383 1314 4432 Bacon
1328 4385 1410 4435 omits

266 4463 296 4512 ln
308 4463 352 4511 the
365 4469 491 4510 sentence
502 4461 558 4510 that
570 4461 679 4520 follows,
693 4461 728 4508 he
738 4461 786 4508 bas
796 4460 902 4522 slightly
914 4461 1013 4509 altered
1026 4459 1149 4510 Seneca’s
1161 4463 1346 4511 construction

296 4539 306 4568 ¹
321 4540 385 4589 This
396 4554 506 4601 passage
518 4539 540 4587 is
551 4539 628 4587 taken
640 4547 685 4587 out
697 4537 726 4586 of
734 4538 766 4586 its
778 4539 856 4586 order
868 4538 932 4587 from
946 4554 1001 4601 oap.
1016 4539 1093 4587 nand
1105 4554 1121 4600 3
1132 4538 1162 4588 of
1170 4540 1214 4588 the
1222 4539 1271 4586 Ad
1280 4539 1414 4591 Martiam.

296 4619 306 4646 ⁸
324 4619 426 4667 Seneca
437 4619 494 4677 has,
507 4617 616 4683 “ubique
628 4618 698 4666 illum
709 4617 758 4664 sibi
770 4615 909 4679 privatim,’
920 4623 968 4666 etc.

307 4711 388 4760 VOL.
405 4711 443 4760 11.
827 4709 850 4757 Y
