3542 5359
360 577 423 622 210
599 562 755 623 OPERIS
778 561 969 634 MAJORIS
992 561 1109 621 PARS
1132 562 1281 623 SEXTA.

361 727 494 812 plantis,
511 747 593 810 quas
609 726 802 809 neglexerat
822 747 954 810 ungere,
970 727 1096 808 recepit
1113 727 1367 807 corruptionem,
1384 737 1419 791 et
1440 728 1516 792 ideo

362 832 439 914 quia
469 852 600 915 semper
628 831 792 914 equitavit.
840 832 885 896 Et
915 840 1032 896 auctor
1060 831 1153 895 istius
1183 832 1256 896 libri
1285 841 1426 897 testatus
1455 842 1514 910 est,

362 937 452 1018 quod
469 935 637 1000 hominem
653 936 778 1000 videret
799 945 833 1000 et
854 955 930 998 cum
951 956 992 999 eo
1014 934 1145 999 locutus
1159 935 1275 1013 luerat,
1290 937 1346 1019 qui
1368 936 1515 1018 pluribus

362 1059 522 1104 annorum
539 1040 734 1103 centenariis
747 1039 887 1112 vixerat,
900 1038 1043 1122 eoquod
1060 1040 1258 1104 medicinam
1274 1061 1294 1104 a
1309 1039 1514 1122 sapientibus

362 1163 484 1228 magno
503 1146 570 1229 regi
591 1153 742 1227 paratam
763 1143 952 1227 desperanti
974 1163 1034 1226 pro
1054 1143 1162 1226 seipso
1183 1154 1217 1208 et
1234 1143 1358 1208 volenti
1379 1143 1515 1209 indocto

360 1247 486 1311 homini
505 1250 647 1332 probare
663 1247 872 1325 medicinam,
882 1247 1005 1331 recepit
1021 1267 1106 1310 eam.
1139 1247 1185 1312 Et
1197 1248 1244 1310 sic
1256 1247 1454 1332 prolongata
1463 1257 1514 1312 est

359 1353 427 1416 vita
447 1351 600 1432 hominis,
624 1362 659 1417 et
684 1371 705 1416 a
730 1372 862 1416 summo
889 1350 1049 1435 pontifice
1079 1351 1165 1415 illius
1195 1353 1354 1436 temporis
1378 1360 1413 1416 et
1442 1351 1514 1415 aliis

359 1455 475 1520 habuit
498 1457 623 1520 litteras
646 1454 788 1520 bullatas
811 1456 939 1520 dehac
962 1454 1110 1520 veritate.

192 1569 347 1634 ingrediens
405 1559 451 1623 Et
472 1560 549 1623 ideo
571 1560 650 1624 dicit
673 1560 957 1642 experimentator
979 1560 1086 1622 bonus
1110 1558 1142 1622 in
1163 1559 1246 1622 libro
1271 1560 1314 1622 de
1338 1559 1514 1642 Regimine

192 1635 270 1686 ΟΜ
292 1739 299 1752 ,
361 1662 496 1741 Senum,
512 1665 601 1747 quod
626 1665 652 1728 si
673 1663 752 1728 illud
772 1664 862 1748 quod
888 1672 938 1727 est
959 1664 992 1726 in
1012 1673 1131 1747 quarto
1150 1665 1255 1746 gradu
1277 1674 1513 1747 temperatum,

360 1779 393 1833 et
416 1769 507 1852 quod
534 1777 627 1834 natat
653 1769 685 1831 in
713 1769 805 1846 mari,
827 1779 862 1833 et
884 1768 975 1852 quod
1000 1778 1174 1849 vegetatur
1199 1768 1230 1831 in
1257 1787 1342 1845 aere,
1363 1778 1397 1832 et
1421 1770 1510 1852 quod

357 1863 380 1935 a
401 1873 483 1936 mari
502 1873 679 1955 projicitur,
702 1883 736 1937 et
757 1873 873 1955 planta
893 1873 1016 1949 Indiae,
1038 1883 1072 1936 et
1092 1871 1182 1953 quod
1207 1882 1258 1937 est
1281 1872 1312 1936 in
1333 1873 1512 1937 visceribus

358 1977 511 2042 animalis
526 1976 646 2060 longae
660 1978 757 2056 vitae,
766 1987 800 2040 et
815 1977 883 2040 duo
899 1978 1047 2058 repentia
1062 1995 1149 2058 quae
1164 1987 1242 2040 sunt
1257 1997 1333 2041 esca
1345 1977 1511 2058 Tyrorum

358 2089 393 2145 et
410 2081 627 2164 Aethiopum,
643 2090 920 2164 praepararentur
935 2090 970 2144 et
991 2080 1237 2157 adhiberentur,
1257 2091 1295 2145 ut
1316 2091 1457 2162 oportet,
1477 2092 1511 2146 et

358 2186 483 2248 minera
509 2185 629 2249 nobilis
650 2185 799 2249 animalis
822 2187 964 2263 adesset,
986 2183 1126 2249 multum
1151 2193 1264 2266 posset
1282 2185 1351 2247 vita
1368 2183 1511 2249 hominis

357 2288 554 2372 prolongari,
585 2300 619 2353 et
656 2289 827 2371 passiones
869 2289 1051 2352 senectutis
1085 2297 1119 2351 et
1157 2289 1239 2352 senii
1278 2289 1437 2353 retardari
1476 2299 1509 2353 et

358 2391 507 2472 mitigari.
554 2391 656 2475 Quod
685 2412 764 2456 vero
794 2403 845 2456 est
876 2392 911 2454 in
933 2403 1054 2474 quarto
1078 2393 1183 2476 gradu
1215 2400 1436 2474 temperatum
1460 2401 1511 2457 est

357 2514 484 2568 aurum,
515 2499 695 2561 secundum
726 2496 815 2580 quod
852 2497 974 2561 dicitur
1005 2498 1038 2559 in
1072 2497 1157 2560 libro
1191 2497 1233 2560 de
1268 2493 1444 2578 Spiritibus
1476 2507 1510 2562 et

357 2599 571 2684 Corporibus,
593 2602 684 2685 quod
700 2611 749 2665 est
776 2603 924 2665 maxime
951 2602 1096 2666 amicum
1124 2612 1261 2666 naturae
1283 2601 1368 2665 inter
1390 2602 1509 2666 omnia.

356 2703 402 2770 Et
414 2706 440 2768 si
452 2726 511 2789 per
522 2706 762 2787 experientiam
775 2715 900 2770 certam
913 2705 1006 2769 fieret
1018 2706 1186 2787 optimum
1203 2707 1295 2787 quod
1304 2715 1415 2787 potest
1429 2727 1511 2784 esse,

354 2809 407 2872 vel
422 2809 540 2874 saltem
559 2810 658 2893 longe
678 2810 795 2874 melius
810 2830 912 2892 quam
934 2820 1053 2874 natura
1074 2818 1108 2873 et
1127 2830 1180 2873 ars
1199 2809 1355 2873 alkimiae
1370 2818 1510 2892 possunt

355 2912 470 2988 facere,
482 2917 568 2979 sicut
584 2917 645 2980 luit
659 2937 719 2979 vas
730 2916 820 2998 quod
837 2915 979 2978 rusticus
995 2914 1128 2987 invenit,
1145 2924 1179 2978 et
1193 2914 1413 2978 resolveretur
1427 2914 1507 2977 illud

355 3017 387 3078 in
410 3039 531 3102 aquam
554 3019 687 3102 qualem
717 3019 803 3082 bibit
833 3018 1008 3096 bubulcus,
1031 3026 1110 3082 tunc
1133 3019 1251 3082 miram
1281 3018 1508 3101 operationem

354 3120 475 3186 laceret
498 3124 529 3186 in
554 3143 675 3204 corpus
701 3122 854 3186 hominis.
901 3122 947 3186 Et
970 3123 997 3186 si
1017 3121 1168 3205 jungitur
1189 3121 1270 3186 illud
1300 3124 1391 3206 quod
1415 3131 1510 3186 natat

354 3224 388 3287 in
419 3226 511 3301 mari,
535 3227 701 3303 videlicet,
732 3225 921 3307 margarita,
945 3246 1033 3308 quae
1056 3236 1107 3289 est
1138 3246 1188 3290 res
1219 3225 1359 3289 multum
1390 3227 1509 3292 efficax

353 3329 396 3392 ad
432 3329 519 3393 vitae
554 3331 846 3402 conservationem,
879 3350 918 3395 ac
954 3331 1055 3393 etiam
1093 3331 1236 3394 addatur
1271 3350 1324 3393 res
1353 3351 1440 3414 quae
1475 3333 1508 3394 in

354 3453 429 3497 aere
449 3444 632 3516 vegetatur,
649 3444 683 3497 et
706 3445 756 3496 est
778 3433 903 3508 anthus,
919 3441 953 3497 et
974 3444 1026 3498 est
1049 3433 1110 3498 flos
1133 3434 1215 3498 roris
1237 3434 1361 3511 marini,
1380 3436 1437 3518 qui
1460 3435 1508 3497 in-

353 3537 517 3601 effabilem
543 3538 644 3602 habet
666 3538 823 3602 virtutem
849 3548 965 3602 contra
991 3538 1177 3620 passionem
1203 3539 1392 3603 senectutis.
1437 3538 1508 3603 Sed

352 3643 442 3722 quod
459 3642 591 3724 ponitur
607 3643 640 3704 in
656 3641 834 3705 electuario
853 3640 1008 3706 dianthos
1030 3663 1096 3704 nou
1118 3653 1170 3706 est
1192 3642 1263 3718 flos,
1278 3642 1336 3706 sed
1360 3644 1506 3707 mixtum

351 3764 395 3807 ex
425 3744 513 3809 loliis
543 3755 577 3809 et
607 3745 797 3828 fragmentis
827 3746 955 3810 arbusti
985 3755 1019 3810 et
1045 3765 1163 3828 parum
1193 3749 1237 3811 de
1266 3745 1353 3810 flore
1401 3747 1507 3811 Purus

352 3849 439 3912 enim
455 3848 516 3912 flos
532 3850 565 3912 in
587 3859 738 3934 tempore
760 3871 821 3914 suo
843 3849 946 3914 debet
968 3849 1090 3932 colligi,
1106 3858 1140 3914 et
1162 3850 1274 3915 multis
1297 3852 1406 3914 modis
1428 3871 1505 3915 con-

351 3953 449 4036 tingit
475 3954 523 4016 uti
553 3974 594 4017 eo
623 3965 693 4018 tam
722 3954 755 4017 in
782 3954 865 4018 cibis
889 3974 990 4037 quam
1023 3955 1055 4016 in
1084 3952 1217 4036 potibus
1248 3963 1281 4018 et
1311 3954 1505 4020 electuariis

350 4055 483 4139 Quibus
504 4059 697 4122 addendum
723 4059 878 4141 estquod
897 4078 917 4120 a
937 4058 1017 4121 mari
1041 4058 1211 4142 projicitur
1226 4071 1259 4123 et
1282 4068 1333 4123 est
1355 4059 1473 4124 ambra
1483 4059 1506 4136 ¹,

349 4180 435 4243 quae
450 4171 499 4226 est
514 4183 646 4246 sperma
661 4172 764 4238 cetae,
779 4183 831 4225 res
848 4161 950 4226 mirae
964 4162 1094 4225 virtutis
1110 4163 1142 4225 in
1159 4161 1220 4227 hac
1237 4173 1340 4245 parte.
1387 4163 1506 4228 Planta

350 4264 464 4329 Indiae
482 4267 534 4329 his
553 4278 605 4331 est
626 4264 812 4338 conformis,
829 4276 863 4329 et
885 4276 938 4330 est
960 4267 1086 4330 bonum
1109 4266 1235 4348 lignum
1256 4266 1357 4345 aloes,
1372 4287 1504 4346 novum,

349 4387 414 4432 non
444 4369 706 4453 sophisticatum.
761 4368 890 4452 Quibus
924 4369 1111 4435 annectitur
1137 4371 1227 4452 quod
1255 4380 1307 4436 est
1340 4371 1374 4434 in
1405 4374 1505 4437 corde

610 4592 619 4621 ²
638 4591 690 4641 Not
702 4592 801 4655 arubra,
814 4607 844 4642 as
856 4593 881 4641 in
893 4592 919 4654 J.
956 4593 979 4642 lt
990 4593 1013 4642 is
1024 4593 1175 4656 ambergris.
