3542 5359
381 623 442 705 436
646 623 982 684 MULTIPLICATIO
1007 624 1263 685 SPECIERUM.

381 798 459 871 post
474 788 564 872 quod
584 789 628 854 sit
647 789 871 872 corruptibilis
895 799 930 852 et
950 790 1040 871 quod
1060 789 1291 872 corrumpitur.
1336 790 1383 853 Et
1400 790 1427 854 si
1450 810 1536 854 nun·

381 913 483 976 quam
501 904 736 977 corrumpatur,
750 893 802 958 vel
827 894 941 958 statim
963 893 1016 956 vel
1038 895 1141 972 tarde,
1165 915 1232 957 non
1252 904 1480 975 corrumpetur
1504 894 1536 958 in

383 1001 567 1082 potentiam
591 998 757 1075 materiae,
772 997 830 1062 sed
853 999 887 1062 in
909 998 1000 1074 nihil,
1024 1009 1061 1062 ut
1083 1000 1210 1063 dictum
1232 1009 1291 1076 est,
1315 1008 1348 1062 et
1371 1009 1450 1063 tunc
1473 999 1536 1062 fuit

382 1102 471 1167 sacta
501 1104 544 1166 de
566 1102 671 1166 nihilo
693 1111 728 1166 et
750 1111 868 1177 creata,
893 1104 984 1184 quod
1009 1113 1058 1166 est
1089 1102 1299 1186 impossibile.
1346 1103 1418 1166 Nec
1444 1104 1536 1167 cadit

380 1217 531 1272 creatura
544 1208 578 1270 in
593 1207 672 1270 nihil
688 1218 824 1291 propter
838 1206 903 1269 hoc
919 1206 1010 1290 quod
1022 1226 1043 1270 a
1055 1206 1213 1272 Creatore
1228 1208 1420 1272 continente
1433 1227 1534 1271 manu

381 1319 534 1390 tenetur;
555 1313 769 1395 derogaretur
783 1310 871 1375 enim
893 1309 1046 1376 infinitati
1068 1312 1227 1376 bonitatis
1246 1322 1280 1376 et
1301 1312 1485 1395 sapientiae
1501 1322 1535 1375 et

381 1417 549 1500 potentiae
566 1415 741 1480 Creatoris.
788 1416 874 1480 Item
891 1436 941 1478 res
956 1436 1058 1497 agens
1082 1437 1140 1498 per
1160 1417 1388 1480 necessitatem
1409 1426 1444 1478 et
1463 1415 1536 1479 sine

381 1521 617 1584 deliberatione
638 1521 708 1602 agit
731 1519 958 1597 uniformiter;
982 1540 1062 1602 ergo
1082 1540 1183 1602 agens
1204 1522 1324 1584 eodem
1343 1520 1443 1584 modo
1462 1519 1536 1601 agit

381 1625 414 1688 in
438 1624 590 1689 faciendo
611 1624 756 1706 speciem
779 1634 813 1689 et
836 1625 990 1689 eflectum
1021 1645 1260 1707 quemcunque,
1290 1634 1451 1706 quantum
1484 1635 1536 1688 est

379 1749 401 1792 a
415 1739 510 1811 parte
523 1748 594 1792 sua.
639 1728 724 1794 Cum
740 1729 840 1811 igitur
854 1750 875 1792 a
890 1737 985 1809 parte
1002 1729 1162 1792 materiae
1185 1729 1370 1813 recipientis
1395 1748 1461 1792 non
1481 1739 1534 1793 est

378 1833 551 1898 diversitas
573 1834 651 1917 quia
672 1833 772 1897 etiam
795 1831 967 1896 uniformis
990 1843 1050 1906 est,
1075 1833 1286 1898 manifestum
1310 1842 1361 1898 est
1382 1834 1531 1916 speciem

379 1938 449 2002 fieri
479 1938 523 2000 ab
559 1947 686 2021 agente,
717 1939 803 2001 sicut
839 1937 941 2001 alium
973 1937 1136 2013 effectum,
1167 1947 1201 2002 et
1233 1939 1280 2002 ita
1309 1939 1353 2001 de
1382 1939 1535 2020 potentia

381 2043 546 2106 materiae.

213 2155 306 2204 Aetion
319 2154 341 2204 is
424 2147 638 2230 Quapropter
656 2167 733 2209 cum
756 2146 838 2210 haec
861 2147 973 2209 omnia
996 2147 1265 2211 inconvenientia
1285 2157 1469 2228 sequuntur
1489 2167 1534 2210 ex

212 2221 368 2334 pppagnted
382 2250 454 2329 hoc,
466 2252 556 2332 quod
571 2250 691 2314 dicitur
702 2251 792 2333 quod
809 2251 937 2331 species
953 2269 1020 2313 non
1037 2251 1080 2314 de
1095 2251 1245 2334 potentia
1261 2251 1417 2314 materiae
1433 2271 1536 2333 gene·

211 2351 318 2465 pamella
329 2361 356 2401 10
379 2365 477 2430 ratur,
489 2354 643 2438 oportet¹
657 2355 746 2436 quod
762 2355 810 2418 sic
825 2355 884 2418 fiat
902 2353 973 2434 ejus
988 2355 1168 2436 generatio.
1200 2355 1246 2418 Et
1257 2356 1298 2418 ad
1310 2355 1534 2437 objectionem

211 2425 291 2478 pm
302 2435 324 2468 e.
379 2479 590 2523 communem
605 2459 872 2541 respondendum
889 2469 948 2536 est,
963 2458 1089 2524 scilicet
1106 2459 1195 2540 quod
1217 2479 1320 2540 agens
1345 2479 1410 2522 non
1431 2460 1535 2525 debet

381 2583 453 2627 esse
468 2564 500 2625 in
517 2563 682 2645 profundo
694 2562 851 2644 patientis
867 2582 975 2644 neque
990 2564 1172 2627 secundum
1188 2562 1410 2627 substantiam
1427 2583 1535 2638 suam,

379 2687 486 2749 neque
505 2666 602 2730 aliter
621 2676 658 2730 ut
678 2667 721 2730 de
741 2667 891 2748 potentia
913 2666 1070 2747 profundi
1092 2667 1253 2731 educatur
1270 2667 1406 2748 aliquid.
1455 2665 1536 2730 Hoc

379 2772 466 2835 enim
489 2791 556 2834 non
576 2772 711 2853 requirit
733 2771 822 2834 actio
847 2770 1013 2849 naturalis,
1029 2791 1088 2834 nec
1112 2770 1312 2835 Aristoteles
1336 2771 1399 2836 hoc
1424 2772 1536 2834 deter-

379 2875 492 2955 minat,
506 2876 565 2939 sed
580 2875 688 2938 solum
704 2876 795 2956 quod
811 2876 895 2938 inter
910 2895 1012 2956 agens
1028 2886 1061 2939 et
1078 2874 1208 2956 patiens
1221 2874 1301 2938 nihil
1317 2875 1361 2938 sit
1374 2876 1535 2938 medium.

379 2980 474 3043 Tunc
490 2979 577 3042 enim
592 2980 779 3044 substantia
793 2979 923 3060 agentis
942 2979 1050 3042 activa
1066 2989 1206 3063 tangens
1231 2979 1301 3042 sine
1321 2980 1430 3042 medio
1453 2981 1536 3043 sub·

378 3084 535 3149 stantiam
559 3084 715 3166 patientis
737 3091 848 3165 potest
878 3103 922 3146 ex
945 3083 1066 3146 virtute
1097 3093 1130 3147 et
1153 3085 1304 3165 potentia
1333 3105 1392 3146 sua
1422 3086 1536 3147 activa

378 3199 600 3252 transmutare
611 3189 751 3270 primam
768 3196 896 3269 partem
907 3187 1063 3267 patientis
1074 3206 1174 3268 quam
1192 3189 1309 3272 tangit,
1318 3198 1351 3252 et
1367 3189 1536 3253 redundat

378 3292 467 3355 actio
481 3293 515 3354 in
535 3292 732 3374 profundum
749 3291 834 3355 illius
849 3291 963 3375 partis,
984 3293 1062 3375 quia
1081 3291 1137 3354 illa
1153 3311 1233 3374 pars
1254 3312 1320 3355 non
1343 3302 1393 3356 est
1416 3313 1536 3374 super-

378 3394 477 3472 ficies,
498 3396 557 3458 sed
581 3415 700 3478 corpus
717 3406 1012 3477 quantumcunque
1032 3395 1074 3460 sit
1094 3416 1206 3477 parva,
1225 3416 1285 3460 nec
1305 3396 1377 3460 sine
1394 3396 1542 3479 prosun.

379 3500 484 3562 ditate
506 3519 566 3562 sua
588 3508 700 3582 potest
721 3499 827 3580 accipi
850 3519 910 3562 nec
933 3498 1080 3581 intelligi,
1104 3509 1138 3565 et
1161 3499 1237 3564 ideo
1262 3520 1321 3562 nec
1351 3502 1443 3583 tangi
1469 3521 1536 3565 nec

378 3602 518 3667 alterari.
564 3602 631 3668 Sed
646 3602 701 3666 illa
716 3624 800 3686 pars,
816 3603 894 3668 licet
909 3605 1130 3685 quantitatem
1154 3604 1286 3682 habeat,
1302 3617 1336 3668 et
1355 3606 1400 3669 sit
1422 3608 1538 3670 maxi.

378 3729 470 3772 mum
505 3708 595 3791 quod
627 3718 736 3790 potest
773 3709 954 3771 secundum
994 3718 1144 3772 naturam
1183 3710 1328 3791 recipere
1364 3711 1537 3776 actionem

378 3814 514 3895 agentis,
531 3821 643 3876 tamen
662 3811 760 3875 valde
783 3811 951 3875 modicum
975 3821 1081 3875 estet
1105 3812 1301 3876 insensibile.
1348 3813 1533 3896 Postquam

378 3917 466 3980 enim
484 3937 588 3999 agens
608 3917 717 4000 tangit
740 3917 878 3998 patiens,
895 3925 929 3979 et
949 3936 1014 3979 non
1035 3915 1143 3980 solum
1163 3915 1371 3998 superficiem
1388 3919 1533 3992 nudam,

377 4022 436 4086 sed
460 4022 691 4098 substantiam,
714 4019 880 4083 mediante
907 4020 1088 4100 superficie,
1112 4030 1146 4083 et
1170 4020 1252 4084 haec
1276 4020 1463 4085 substantia
1486 4023 1543 4087 sit:

376 4144 504 4208 corpus,
519 4114 813 4206 quantumcunque
833 4124 875 4186 sit
898 4144 1007 4206 parva,
1023 4134 1057 4188 et
1080 4125 1156 4188 ideo
1177 4123 1303 4188 habens
1319 4125 1534 4208 profundum,

376 4231 452 4294 dico
484 4232 575 4311 quod
605 4249 707 4310 agens
729 4228 836 4310 tangit
860 4227 1060 4311 profundum
1083 4229 1210 4310 primae
1233 4229 1336 4310 partis
1366 4240 1532 4311 quantum

376 4332 576 4409 sufficit‚nec
592 4342 724 4415 oportet
743 4333 833 4414 quod
849 4332 942 4394 sitin
960 4331 1016 4395 illo
1033 4332 1205 4413 profundo,
1221 4353 1329 4414 neque
1343 4336 1532 4398 secundum

377 4437 607 4512 substantiam,
631 4456 739 4519 neque
768 4435 873 4499 aliter.
920 4435 965 4499 Et
988 4437 1035 4498 sic
1059 4435 1095 4499 fit
1120 4446 1193 4500 tota
1217 4437 1306 4500 actio
1329 4448 1471 4502 naturae
1495 4453 1533 4504 et

376 4543 548 4622 generatio
558 4541 735 4604 effectuum
752 4539 968 4617 naturalium;
984 4560 1044 4604 nec
1061 4541 1135 4622 plus
1151 4541 1331 4622 requiritur,
1342 4541 1400 4604 sed
1413 4563 1532 4608 verum

374 4643 537 4726 judicium
551 4667 558 4723 ;
581 4645 731 4728 quamvis
747 4645 847 4709 falsae
863 4645 1090 4727 imaginationi
1106 4643 1185 4708 nihil
1202 4645 1352 4708 sufficiat.

786 4761 795 4790 ¹
812 4769 923 4826 oportet,
937 4764 1011 4825 Reg„
1024 4764 1078 4825 sed,
1090 4763 1115 4823 J.
