3542 5359
425 608 487 686 536
687 606 1024 666 MULTIPLICATIO
1047 606 1310 665 SPECIERUM.

427 771 654 854 operationem
669 771 755 835 sicut
768 770 854 834 aliae
868 769 1165 853 perpendiculares,
1174 770 1258 851 quia
1269 769 1404 851 longior
1417 778 1463 831 eet
1475 784 1555 848 quan

427 875 554 938 multae
575 874 871 958 perpendiculares,
893 886 931 938 ut
953 884 1046 955 patet
1068 893 1113 936 ex
1135 872 1284 955 septima
1300 882 1336 936 et
1358 882 1472 937 octava
1489 868 1557 933 tertii

432 980 589 1043 Euclidis
634 978 795 1043 Similiter
808 998 885 1041 cum
906 976 1185 1060 perpendicularis
1205 998 1311 1059 super
1328 977 1483 1059 sphaerae
1497 992 1557 1035 con·

428 1086 606 1148 cavitatem
621 1084 666 1146 sit
677 1083 743 1160 illa,
752 1103 840 1165 quae
853 1082 975 1150 tranit
986 1102 1045 1164 per
1053 1092 1203 1145 centrum
1215 1084 1262 1145 ad
1271 1082 1416 1163 angulos
1430 1078 1559 1161 aequales

428 1208 529 1271 super
548 1206 762 1250 communem
784 1184 1005 1249 differentiam
1031 1206 1112 1248 suae
1133 1184 1324 1269 superficiei
1347 1194 1383 1248 et
1403 1178 1560 1267 superficiei

429 1292 551 1373 planae
588 1289 811 1371 contingentis
838 1291 1079 1353 concavitatem
1108 1289 1296 1370 sphaerae;
1328 1288 1476 1353 similiter
1500 1285 1561 1367 quia

428 1396 577 1460 continet
600 1394 741 1477 angulos
766 1394 922 1475 aequales
945 1413 1022 1455 cum
1045 1392 1200 1455 omnibus
1222 1394 1358 1456 circulis
1379 1411 1475 1474 super
1493 1390 1561 1452 iden

428 1511 590 1581 punctum
612 1497 861 1561 transeuntibus
890 1497 933 1558 ad
960 1498 1050 1577 quod
1074 1496 1360 1579 perpendicularis
1384 1496 1562 1565 terminatur,

428 1611 563 1683 oportet
576 1602 667 1684 quod
687 1602 732 1664 sit
747 1598 878 1683 longior
898 1599 972 1662 aliis
991 1620 1051 1682 per
1072 1601 1251 1682 septimam
1269 1612 1305 1663 et
1328 1610 1478 1664 octavam
1494 1595 1564 1661 tertii

430 1701 590 1777 Euclidis,
598 1712 634 1763 et
645 1701 720 1763 ideo
735 1720 801 1762 non
812 1709 946 1780 oportet
957 1701 1047 1781 quod
1063 1700 1190 1781 species
1202 1700 1356 1763 incidens
1368 1720 1465 1783 super
1474 1696 1564 1778 hujus

430 1801 523 1863 modi
546 1798 834 1882 perpendiculares
860 1797 961 1862 radat
984 1800 1031 1860 ita
1054 1797 1173 1861 fortem
1199 1801 1374 1863 actionem
1397 1801 1481 1863 sicut
1500 1796 1566 1859 aliae

430 1904 719 1987 perpendiculares
739 1922 840 1985 super
864 1904 1114 1965 convexitatem
1144 1902 1319 1985 sphaerae.
1368 1904 1415 1967 Et
1441 1922 1496 1986 per
1511 1899 1565 1982 jam

429 2009 522 2070 dicta
534 2008 579 2070 de
591 2007 740 2088 sphaera,
754 2013 848 2086 patet
861 2005 907 2068 de
921 2004 1077 2067 columna
1092 2006 1235 2067 rotunda
1249 2018 1286 2070 et
1301 2008 1486 2089 pyramide

265 2129 394 2177 remed
474 2110 611 2194 Species
624 2120 737 2172 autem
752 2110 886 2171 veniens
900 2128 1001 2190 super
1014 2106 1118 2171 lineas
1132 2108 1236 2171 habet
1252 2111 1529 2193 comparationem
1543 2106 1567 2167 in

264 2212 321 2256 ¹²5⁵
431 2215 635 2279 fortitudine
679 2214 769 2276 Nam
784 2211 889 2275 fracta
903 2224 954 2275 est
968 2212 1084 2275 sortior
1105 2232 1207 2293 quam
1226 2212 1368 2291 reflexa,
1383 2215 1461 2297 quia
1475 2212 1569 2275 fortior

264 2272 377 2372 iffi&
431 2322 524 2383 vadit
546 2321 580 2380 in
603 2328 732 2399 partem
757 2316 907 2378 incessus
930 2316 1021 2390 recti,
1047 2317 1126 2379 licet
1149 2338 1268 2399 parum
1298 2318 1347 2381 ab
1372 2340 1414 2382 eo
1438 2316 1570 2381 declinet

262 2390 404 2503 mm
434 2422 588 2486 Reflexio
621 2442 701 2485 vero
732 2420 826 2482 vadit
855 2420 889 2481 in
918 2420 1119 2482 contrarium
1149 2420 1228 2483 recti
1260 2422 1424 2500 incessus,
1453 2432 1485 2485 et
1512 2420 1571 2482 ideo

263 2521 415 2634 mm
434 2527 540 2608 magis
559 2525 714 2588 debilitat
735 2523 880 2604 speciem
902 2543 1004 2605 quam
1027 2523 1155 2586 fractio.
1200 2523 1270 2587 Sed
1294 2524 1418 2590 fractio
1437 2530 1573 2609 quaeest

264 2652 365 2764 ff?
434 2651 494 2713 per
507 2650 673 2693 recessum
688 2648 710 2690 a
723 2627 996 2709 perpendiculari,
1011 2646 1097 2708 quae
1112 2626 1231 2691 fractio
1248 2638 1284 2692 et
1307 2626 1574 2714 perpendicularis

265 2726 275 2762 1

266 2781 414 2829 ΝΜ
433 2744 560 2797 exeunt
586 2734 631 2795 ab
660 2734 778 2795 eodem
803 2740 940 2811 puncto,
963 2740 1014 2792 est
1036 2731 1176 2795 debilior
1196 2753 1301 2814 quam
1330 2736 1400 2799 ista
1421 2754 1506 2818 quae
1530 2752 1576 2813 ap

433 2840 635 2920 propinquat
650 2838 759 2900 eidem
777 2834 1050 2916 perpendiculari,
1064 2836 1223 2917 quoniam
1242 2838 1525 2920 perpendicularis
1537 2846 1577 2898 et

435 2940 559 3018 sortior,
573 2952 607 3002 et
622 2942 698 3003 ideo
711 2958 864 3002 accensus
877 2939 921 3001 ad
943 2958 1018 3001 eam
1039 2938 1143 3003 habet
1165 2938 1404 3006 fortitudinem
1429 2942 1579 3025 majorem,

435 3044 585 3126 quamvis
599 3044 747 3106 diversae
760 3042 935 3104 fractiones
955 3042 1110 3105 accidunt
1132 3044 1359 3110 diversimode
1385 3048 1419 3110 in
1443 3046 1541 3132 planis
1552 3054 1578 3106 et

436 3148 613 3229 sphaericis
633 3147 798 3210 diversum
820 3147 923 3207 situm
944 3145 1153 3217 habentibus,
1168 3158 1202 3211 et
1222 3152 1414 3214 secundum
1434 3153 1523 3235 quod
1540 3168 1580 3211 rer

436 3253 470 3312 in
484 3251 621 3314 diversis
640 3249 832 3332 corporibus
851 3248 979 3311 habent
999 3249 1100 3311 situm
1123 3252 1304 3315 diversum.
1352 3254 1448 3319 Nam
1471 3256 1503 3317 in
1523 3270 1580 3315 cor·

437 3356 574 3436 poribus
603 3355 716 3415 mundi
746 3352 925 3433 sphaericis
954 3352 1140 3435 incipiendo
1161 3377 1183 3418 a
1209 3376 1342 3420 sursum
1369 3360 1405 3422 in
1433 3360 1582 3423 deorsum,

515 3503 536 3569 b
1038 3456 1156 3523 fractio
1170 3480 1304 3543 semper
1317 3464 1415 3527 vadit
1430 3462 1583 3527 declinan-

1038 3562 1084 3625 do
1108 3565 1152 3626 ad
1176 3565 1492 3646 pependicularern
1514 3582 1585 3647 quae

1038 3669 1083 3730 ab
1116 3670 1235 3731 eodem
1268 3682 1399 3751 puncto
1435 3670 1586 3756 egreditur

1040 3790 1115 3833 cum
1146 3793 1194 3835 ea
1254 3772 1359 3855 Quod
1394 3776 1426 3838 si
1461 3791 1588 3857 corpora

876 3888 979 3921 m·-
1040 3875 1590 3961 densioraessentsuperiusecon-

697 3963 792 4110 Ἴ
880 3958 981 4053 ’ζ’
1040 3979 1142 4042 trario
1151 3982 1447 4049 modoaccideret.
1470 3986 1589 4048 Etcum

805 4117 810 4138 ι
889 4089 981 4119 ''¹''
1040 4082 1192 4146 densiora
1214 4084 1282 4147 sint
1303 4084 1466 4151 inferiora
1490 4106 1593 4151 secun·

1041 4188 1124 4249 dum
1145 4187 1248 4250 situm
1268 4190 1464 4254 naturalem
1488 4210 1593 4271 corpo

1041 4309 1115 4353 rum
1137 4292 1261 4367 mundi,
1276 4291 1418 4373 planum
1438 4292 1595 4378 estquod

1042 4394 1158 4458 fractio
1187 4395 1296 4477 posita
1330 4396 1421 4459 inter
1452 4408 1595 4462 centrum

439 4500 556 4571 mundi
575 4512 609 4565 et
630 4504 779 4590 superius
794 4500 957 4568 recedita
978 4497 1248 4583 perpendiculari,
1262 4510 1300 4562 ut
1314 4510 1413 4581 patet
1435 4502 1472 4566 in
1492 4502 1598 4587 figura
1647 4568 1648 4585 1

439 4604 933 4686 vamsastmarrauus
949 4602 1070 4666 imaus
1086 4603 1598 4688 reoedrtapffpamcurarics.
1647 4588 1648 4667 l

664 4378 725 4427 fic„
739 4388 794 4438 ¹03·
