3542 5359
392 649 587 709 MORALIS
612 648 906 708 PHILOSOPHIA
918 670 928 704 :
963 648 1077 707 PARS
1102 649 1287 722 QUARTA.
1356 665 1416 726 373

270 810 465 876 Christiana·
512 812 678 896 Qu⁰¹¹i²ss¹
701 822 759 877 aut
782 833 841 896 per
857 812 1026 892 miracula,
1042 831 1128 895 quae
1145 822 1222 876 sunt
1238 833 1337 897 supra
1353 833 1413 876 nos
1428 831 1490 882 Two
1502 847 1570 896 ways

267 929 300 979 et
323 936 424 998 supra
445 915 601 993 infideles,
620 918 663 981 de
685 937 752 999 qua
767 917 820 981 via
841 916 951 980 nullus
971 925 1082 999 potest
1103 937 1334 999 praesumem
1357 928 1416 982 aut
1430 898 1584 1028 {ffiffffie

267 1022 429 1103 perviam
445 1041 655 1084 communem
671 1021 719 1085 eis
733 1030 768 1085 et
783 1020 887 1096 nobis,
900 1039 985 1104 quae
1001 1031 1051 1084 est
1067 1022 1100 1083 in
1116 1029 1282 1103 potestate
1294 1034 1415 1096 nostra,
1429 1029 1553 1106 Christian

267 1135 300 1187 et
323 1145 424 1207 quarn
449 1145 515 1188 non
538 1135 678 1207 possunt
700 1145 830 1208 negare,
861 1125 939 1206 quia
962 1125 1055 1188 vadit
1076 1146 1135 1208 per
1157 1127 1227 1188 vias
1250 1125 1417 1190 humanae
1429 1095 1564 1211 12:330„

267 1229 402 1292 rationis
428 1240 463 1294 et
489 1249 548 1311 per
568 1229 640 1292 vias
671 1228 920 1312 philosophiae;
957 1249 1043 1311 quae
1073 1230 1174 1293 etiam
1206 1231 1337 1313 propria
1364 1242 1415 1295 est
1429 1227 1572 1340 andhphito-

266 1332 474 1411 infidelibus;
497 1333 654 1415 quoniam
676 1333 784 1396 abeis
801 1343 909 1396 totam
930 1333 1093 1396 habemus
1109 1333 1365 1417 philosophiam,
1379 1346 1414 1400 et
1428 1308 1474 1357 ⁵⁰¹³
1493 1310 1516 1356 γ’

266 1458 333 1502 non
359 1438 431 1502 sine
453 1457 555 1500 causa
576 1438 735 1511 maxima,
758 1447 921 1519 quatenus
944 1459 1004 1502 nos
1027 1459 1087 1521 pro
1114 1438 1210 1501 nobis
1233 1439 1414 1502 habeamus

265 1542 551 1607 confirmationem
568 1542 644 1606 fidei
661 1553 802 1621 nostrae,
817 1553 851 1606 et
872 1552 909 1606 ut
928 1563 989 1624 pro
1009 1543 1116 1608 salute
1135 1541 1317 1606 infidelium
1339 1564 1414 1628 pos-

265 1648 368 1712 simus
384 1646 560 1712 efficaciter
580 1668 740 1730 perorare.
787 1648 859 1712 Nec
881 1657 1014 1731 oportet
1037 1648 1136 1730 objici
1157 1647 1238 1712 illud
1262 1647 1414 1730 Gregorii

265 1753 357 1834 quod
369 1751 452 1816 fides
467 1772 534 1816 non
546 1751 647 1815 habet
662 1751 781 1827 locum,
794 1751 851 1814 ubi
867 1751 1014 1816 humana
1029 1755 1114 1816 ratio
1129 1754 1266 1835 praebet
1282 1754 1414 1836 experi-

266 1866 413 1920 mentum
424 1854 446 1918 ¹.
493 1856 583 1920 Nam
601 1857 665 1919 hoc
682 1867 733 1921 est
750 1856 1002 1938 intelligendum
1019 1857 1075 1920 ubi
1091 1857 1193 1920 homo
1209 1856 1414 1921 Christianus

264 1961 372 2025 solum
389 1962 580 2025 inniteretur
594 1961 758 2025 humanae
773 1961 892 2025 rationi
908 1971 966 2023 aut
981 1959 1214 2044 principaliter.
1260 1960 1327 2026 Sed
1350 1959 1413 2024 hoc

265 2086 331 2130 non
347 2067 448 2130 debet
463 2065 553 2129 fieri:
577 2067 680 2130 immo
695 2067 896 2129 credendum
915 2075 966 2130 est
986 2065 1155 2130 Ecclesiae
1174 2075 1208 2129 et
1224 2064 1413 2148 Scripturae

265 2182 299 2235 et
315 2170 447 2236 Sanctis
462 2182 496 2235 et
513 2171 704 2234 doctoribus
720 2170 900 2234 Catholicis
914 2181 948 2233 et
964 2171 1027 2234 hoc
1042 2169 1272 2254 principaliter.

310 2275 377 2341 Sed
397 2277 430 2338 in
446 2275 602 2339 solatium
623 2276 790 2339 humanae
805 2273 999 2358 fragilitatis,
1016 2283 1181 2356 quatenus
1198 2274 1283 2338 vitet
1304 2283 1413 2340 tenta·
1431 2293 1500 2342 with
1512 2294 1554 2343 the

264 2373 372 2444 tiories
393 2399 555 2455 erroneas,
578 2378 659 2442 utile
682 2390 732 2443 est
752 2379 941 2444 Christiano
962 2380 1083 2442 habere
1102 2379 1245 2443 rationes
1264 2379 1412 2443 efficaces
1427 2359 1560 2476 hfiffig'h

265 2505 379 2548 eorum
402 2504 488 2566 quae
511 2483 624 2559 credit,
640 2492 674 2547 et
697 2484 797 2548 debet
817 2485 938 2548 habere
964 2486 1122 2547 rationem
1147 2503 1226 2547 suae
1249 2482 1325 2546 fidei
1352 2504 1413 2566 pro
1425 2440 1491 2539 husi
1506 2441 1543 2539 bf
1561 2441 1577 2488 y

266 2609 365 2653 causa
378 2588 468 2651 omni
485 2589 660 2670 requirenti
676 2608 760 2660 earn,
777 2591 861 2652 sicut
880 2589 978 2652 docet
998 2590 1115 2651 beatus
1133 2588 1249 2651 Petrus
1265 2588 1298 2650 in
1315 2587 1414 2669 Epis·
1427 2557 1559 2671 {ww

266 2695 335 2757 tola
350 2695 465 2777 prima,
483 2694 604 2766 dicens,
621 2693 806 2756 Dominum
824 2703 936 2756 autem
956 2691 1125 2756 Christum
1150 2691 1356 2756 sanctificate
1381 2692 1414 2754 in

265 2800 418 2862 cordibus
433 2799 559 2873 vestris,
571 2799 677 2880 parati
693 2817 824 2879 semper
837 2798 879 2860 ad
891 2795 1148 2860 satisfactionem
1161 2797 1252 2860 omni
1266 2797 1413 2878 poscenti

264 2924 324 2966 vos
347 2903 482 2965 reddere
513 2903 674 2964 rationem
697 2902 740 2964 de
769 2920 917 2983 eaquae
947 2910 997 2963 est
1020 2901 1052 2963 in
1067 2899 1162 2964 vobis
1192 2899 1258 2963 fide
1281 2911 1314 2963 et
1344 2921 1413 2983 spe.

267 3007 334 3072 Sed
357 3026 422 3070 non
445 3026 622 3088 possumus
644 3005 697 3069 hic
719 3025 857 3088 arguere
880 3025 938 3088 per
961 3003 1068 3087 legem
1093 3015 1250 3078 nostram,
1275 3024 1337 3067 nec
1355 3026 1414 3088 per

265 3111 477 3174 auctoritates
520 3109 725 3186 Sanctorum,
762 3109 840 3190 quia
884 3107 1033 3172 infideles
1077 3118 1201 3191 negant
1244 3107 1413 3172 Christum

267 3215 448 3277 Dominum
471 3223 505 3277 et
535 3214 642 3295 legem
665 3233 760 3277 suam
791 3225 825 3276 et
853 3224 996 3276 sanctos.
1042 3211 1256 3295 Quapropter
1281 3223 1414 3295 oportet

264 3339 421 3402 quaerere
447 3320 591 3383 rationes
613 3339 672 3402 per
693 3318 832 3381 alteram
855 3318 954 3395 viam,
976 3327 1011 3380 et
1041 3317 1122 3381 haec
1152 3327 1201 3381 est
1228 3319 1415 3381 communis

265 3425 359 3488 nobis
382 3433 415 3486 et
431 3422 628 3498 infidelibus,
642 3423 768 3486 scilicet
791 3421 1013 3505 philosophia.
1059 3419 1128 3486 Sed
1143 3431 1292 3503 potestas
1307 3421 1414 3506 philo·

264 3529 402 3611 sophiae
432 3529 465 3591 in
494 3528 557 3591 hac
579 3539 673 3609 parte
695 3527 844 3590 maxime
864 3527 1021 3590 convenit
1048 3546 1124 3588 cum
1154 3528 1314 3609 sapientia
1338 3526 1414 3605 Dei,

265 3633 369 3695 immo
385 3641 434 3694 est
449 3632 626 3713 vestigium
647 3632 828 3714 sapientiae
848 3631 980 3695 divinae
1001 3631 1116 3694 datum
1138 3651 1159 3692 a
1181 3631 1256 3695 Deo
1276 3629 1413 3710 homini,

266 3748 301 3800 ut
328 3755 387 3819 per
413 3735 476 3799 hoc
501 3735 675 3817 vestigium
698 3736 864 3798 excitetur
893 3736 935 3798 ad
969 3735 1097 3798 divinas
1127 3735 1293 3799 veritates.
1343 3735 1413 3797 Nec

265 3843 329 3905 ista
358 3850 436 3903 sunt
466 3839 599 3921 propria
621 3837 850 3921 philosophiae
872 3840 931 3902 sed
956 3840 1145 3902 communia
1168 3837 1356 3920 theologiae
1379 3850 1413 3903 et

265 3944 503 4030 philosophiae,
527 3942 680 4007 fidelibus
703 3955 736 4007 et
761 3943 956 4020 infidelibus,
977 3964 997 4007 a
1020 3945 1092 4008 Deo
1115 3944 1195 4007 data
1214 3952 1249 4006 et
1269 3943 1414 4009 revelata

264 4074 284 4116 a
297 4049 511 4134 philosophis,
523 4057 686 4129 quatenus
697 4067 801 4130 genus
813 4048 995 4112 humanum
1007 4058 1221 4132 praeparetur
1231 4049 1273 4110 ad
1285 4048 1413 4112 divinas

263 4156 420 4219 veritates
441 4151 610 4234 speciales.
657 4151 703 4215 Et
725 4154 869 4217 rationes
890 4153 1073 4236 dequibus
1099 4152 1227 4234 loquor,
1249 4173 1314 4216 non
1337 4167 1412 4217 sunt

263 4258 390 4324 alienae
405 4277 426 4320 a
440 4256 516 4335 fide,
532 4277 591 4320 nec
610 4267 705 4320 extra
726 4257 887 4339 principia
910 4256 995 4338 fidei,
1011 4258 1068 4320 sed
1091 4277 1135 4319 ex
1158 4255 1322 4320 radicibus
1342 4257 1414 4339 ejus

264 4373 428 4440 eruuntur,
443 4363 528 4426 sicut
544 4361 751 4427 manifestum
767 4374 877 4427 estex
893 4363 1051 4427 dicendis.

308 4468 444 4531 Possem
460 4487 538 4530 vero
554 4487 676 4551 ponere
690 4468 761 4530 vias
772 4468 939 4551 simplices
951 4478 984 4531 et
1004 4467 1101 4531 rudes
1116 4466 1216 4550 vulgo
1230 4463 1412 4530 infidelium
1428 4482 1582 4598 pneapppu

1445 4565 1485 4600 Cl'e
1495 4565 1535 4597 ma
1553 4566 1568 4600 e

293 4633 303 4664 ¹
319 4632 437 4695 Aquinas
451 4631 588 4694 (Summae
597 4632 697 4691 Prima,
708 4631 814 4691 Quaeat
829 4645 852 4689 r,
865 4637 912 4680 art.
926 4632 952 4693 8)
969 4637 1063 4691 quotes
1075 4631 1120 4678 the
1136 4643 1207 4678 nme
1224 4643 1335 4693 passage
1349 4629 1412 4678 [rom

261 4713 389 4776 Gregory,
400 4712 451 4760 and
463 4710 536 4760 dens
546 4710 611 4760 with
622 4711 642 4760 it
654 4710 679 4759 in
690 4726 707 4759 a
717 4710 813 4759 similar
823 4725 892 4772 way.
