3542 5359
384 564 446 645 52ss
658 562 992 624 MULTIPLICATIO
1018 558 1272 619 SPECIERUM.

385 728 584 793 indivisibili.
629 729 708 792 Non
724 729 810 791 enim
827 727 891 791 hoc
906 726 996 807 dicit,
1009 729 1066 790 sed
1083 726 1190 788 solum
1207 723 1289 785 dicit
1306 722 1339 783 in
1358 718 1551 791 universali,

386 836 477 916 quod
502 835 545 897 de
570 832 693 896 lumine
716 833 781 896 alia
810 832 893 895 ratio
917 842 988 909 est;
1021 841 1054 894 et
1078 829 1146 911 jam
1171 828 1343 909 assignata
1369 836 1423 890 est
1452 826 1549 898 ratio,

387 958 489 1020 quare
512 937 607 1003 aliter
630 948 680 1001 est
703 939 736 999 in
760 937 884 999 lumine
904 946 938 999 et
962 936 993 998 in
1017 934 1099 997 aliis.

219 1047 314 1095 Evena
433 1043 501 1107 Sed
525 1043 615 1125 quod
641 1042 766 1105 inducit
788 1040 934 1121 Jacobus
962 1038 1103 1101 Alkindi
1128 1036 1244 1100 fortius
1271 1045 1324 1099 est
1355 1034 1551 1116 praedictis,

215 1119 369 1225 ffiffio„
388 1167 531 1229 arguens
549 1146 639 1229 quod
659 1145 687 1209 si
707 1145 740 1206 in
763 1144 875 1225 aliquo
898 1153 1048 1225 tempore
1070 1142 1145 1203 licet
1163 1139 1345 1202 insensibili
1366 1139 1553 1221 pertransit

217 1243 312 1357 ‘ml
388 1250 449 1313 lux
464 1252 610 1334 spatium
625 1249 760 1330 aliquod
777 1268 925 1330 parvum,
941 1258 1020 1309 tunc
1036 1246 1153 1309 transit
1173 1244 1314 1325 duplum
1337 1243 1429 1306 illius
1449 1243 1552 1324 spatii

218 1374 318 1438 periods
389 1354 422 1417 in
453 1352 557 1437 duplo
586 1354 744 1436 temporis
774 1363 808 1417 et
837 1352 973 1433 triplum
999 1352 1032 1413 in
1063 1350 1171 1433 tripl0,
1199 1357 1233 1411 et
1259 1349 1306 1412 sic
1333 1350 1367 1410 in
1396 1348 1553 1409 maxima

220 1439 322 1569 fflgek‘
388 1459 556 1536 distantia,
572 1469 609 1522 ut
631 1457 674 1522 ab
696 1458 821 1521 oriente
843 1459 887 1520 ad
911 1457 1073 1529 occidens,
1089 1454 1183 1517 fieret
1204 1463 1340 1534 tempus
1365 1454 1413 1515 ita
1435 1452 1553 1515 multi-

220 1570 335 1635 ceptible.
389 1563 470 1646 plex
489 1564 532 1625 ad
553 1563 696 1645 primum
719 1571 851 1643 tempus
872 1559 1070 1635 insensibile,
1085 1559 1176 1640 quod
1193 1557 1255 1620 hoc
1272 1569 1409 1638 tempus
1435 1555 1554 1619 multi-

388 1666 546 1750 plicatum
565 1676 653 1729 esset
672 1664 847 1742 sensibile;
871 1666 930 1728 sed
953 1684 1018 1726 non
1037 1672 1087 1726 est
1111 1664 1176 1737 ita3
1200 1681 1281 1743 ergo
1297 1662 1434 1725 videtur
1457 1662 1553 1743 quod

390 1771 471 1835 lucis
494 1770 663 1853 generatio
689 1770 733 1832 sit
757 1770 892 1833 omnino
917 1770 950 1831 in
977 1765 1162 1831 indivisibili
1188 1766 1329 1829 instanti
1359 1774 1394 1827 et
1420 1786 1490 1828 non
1521 1766 1554 1827 in

389 1884 549 1957 tempore.
610 1872 677 1938 Sed
708 1874 884 1936 dicendum
921 1883 972 1936 est
1007 1873 1097 1953 quod
1132 1879 1270 1952 propter
1300 1867 1555 1933 velocissimam

389 1980 511 2061 speciei
542 1978 788 2063 generationem
820 1991 954 2059 tempus
991 1973 1250 2059 imperceptibile
1287 1973 1393 2037 habet
1423 1976 1556 2054 gradus

390 2082 521 2159 multos,
545 2086 578 2146 in
607 2086 727 2166 quibus
756 2085 852 2165 primi
882 2083 1040 2165 temporis
1071 2081 1196 2144 minimi
1227 2090 1383 2143 sumatur
1413 2090 1558 2161 tempus

390 2188 578 2270 multiplex,
598 2198 760 2270 quantum
781 2197 933 2270 oporteat
951 2185 1217 2269 multiplicationi
1238 2186 1303 2248 toti
1327 2186 1416 2249 inter
1440 2186 1557 2248 oriens

389 2300 424 2355 et
454 2293 615 2369 occidens,
646 2294 693 2357 ita
722 2292 814 2374 quod
844 2291 999 2353 ultimum
1033 2289 1210 2371 multiplex
1241 2290 1285 2352 sit
1321 2289 1408 2352 inira
1444 2300 1558 2351 metas

390 2396 624 2473 sensibilitatis,
641 2397 725 2460 sicut
749 2406 782 2459 et
806 2395 948 2477 primurn
972 2404 1104 2476 tempus
1127 2394 1311 2465 minimum,
1337 2393 1417 2456 licet
1443 2393 1558 2477 magis

390 2500 528 2564 accedat
544 2500 587 2563 ad
603 2500 863 2576 sensibilitatem,
878 2519 1053 2563 remanens
1068 2509 1180 2562 tamen
1195 2508 1295 2560 extra
1311 2499 1435 2579 ipsam,

221 2605 338 2718 ltpgght
436 2602 471 2667 Si
497 2624 577 2667 vero
604 2606 733 2668 dicatur
756 2604 845 2685 quod
872 2604 1071 2684 conceditur,
1096 2605 1122 2665 si
1149 2602 1278 2683 species
1303 2624 1427 2684 corpus
1457 2614 1560 2678 esset,

221 2671 371 2785 ppatplpigsht
390 2710 482 2799 quod
505 2708 717 2789 pertransiret
740 2718 851 2789 partes
873 2708 971 2788 spatii
996 2710 1028 2771 in
1053 2717 1202 2787 tempore
1225 2706 1385 2786 sensibili,
1405 2716 1441 2770 et
1466 2727 1559 2771 nunc

222 2802 318 2916 ⁵1⁰3&
327 2882 339 2914 s
390 2821 442 2874 tot
457 2824 533 2876 sunt
548 2812 776 2891 generationes
791 2810 941 2893 singulae
957 2812 989 2873 in
1005 2811 1142 2893 singulis
1159 2810 1318 2892 partibus,
1334 2820 1421 2893 quot
1439 2823 1559 2876 essent

222 2883 376 2995 abnuim-
391 2914 620 2996 replicationes
636 2914 848 2995 particulares
864 2916 951 2979 illius
966 2917 1112 2997 corporis
1128 2936 1186 2997 per
1202 2914 1349 2997 singulas
1365 2928 1400 2979 et
1412 2918 1557 2979 easdem

219 2998 382 3128 &1¹¹5ssng
394 3031 504 3100 partes
533 3020 649 3102 spatii;
685 3040 766 3101 ergo
795 3019 878 3082 sicut
910 3019 1141 3101 replicationes
1170 3019 1246 3082 illae
1277 3021 1432 3102 corporis
1469 3023 1560 3085 moti

221 3131 365 3205 rhe'propa-
394 3123 508 3188 tierent
536 3125 567 3186 in
593 3134 742 3205 tempore
766 3121 920 3203 sensibili,
946 3125 993 3187 sic
1021 3124 1083 3185 hae
1107 3124 1338 3204 generationes
1362 3125 1395 3186 in
1424 3126 1559 3187 eisdem

220 3193 379 3323 §ffigsfflm
393 3228 541 3308 partibus
570 3228 668 3308 spatii
681 3249 689 3304 ;
726 3227 903 3290 dicendum
935 3237 986 3291 est
1022 3228 1112 3310 quod
1143 3226 1207 3293 hoc
1242 3236 1295 3290 est
1330 3228 1450 3291 lortius
1483 3228 1560 3292 aliis

222 3325 356 3440 ffibiesl
391 3332 577 3413 praedictis.
637 3332 727 3394 Nam
758 3331 855 3395 valde
879 3331 1010 3395 videtur
1041 3352 1112 3395 esse
1141 3331 1246 3394 simile
1278 3333 1322 3395 de
1353 3332 1560 3413 hujusmodi

222 3464 266 3506 not
278 3455 329 3520 ⁵0·l
392 3434 667 3516 multiplicatione
692 3454 750 3514 per
775 3435 922 3516 singulas
946 3445 1066 3517 partes,
1090 3446 1124 3499 et
1150 3436 1192 3499 de
1216 3436 1438 3500 translatione
1465 3436 1560 3501 illius

392 3558 452 3621 per
467 3540 610 3602 easdem.
650 3538 761 3621 Magis
776 3548 888 3602 autem
906 3550 1018 3603 manet
1033 3540 1114 3603 haec
1130 3536 1305 3616 cavillatio,
1318 3541 1398 3622 quia
1415 3553 1561 3624 tempus

391 3643 551 3723 duplicari
562 3643 690 3705 videtur
705 3644 737 3704 in
750 3642 1035 3723 multiplicatione,
1048 3654 1199 3726 respectu
1212 3647 1375 3726 temporis
1391 3646 1426 3708 in
1443 3657 1561 3710 trans·

392 3747 524 3812 latione.
563 3747 651 3809 Nam
667 3748 751 3809 inter
766 3746 911 3827 singulas
927 3746 1216 3830 multiplicationes
1230 3747 1315 3812 inest
1329 3750 1425 3830 quies
1444 3753 1564 3815 media

392 3862 528 3934 propter
553 3850 627 3930 hoc,
654 3852 744 3933 quod
771 3851 937 3931 quaelibet
969 3872 1043 3931 pars
1074 3872 1132 3934 per
1162 3852 1314 3915 ordinem
1343 3864 1564 3918 transmutat

392 3956 499 4031 aliam,
523 3965 558 4019 et
582 3957 673 4038 prius
698 3964 907 4037 permutatur
937 3954 1041 4035 prima
1068 3976 1144 4036 pars
1169 3975 1271 4036 quam
1300 3968 1480 4037 permutat
1508 3978 1566 4021 se-

391 4059 543 4135 cundam,
558 4070 592 4123 et
615 4070 692 4122 sunt
713 4058 862 4121 actiones
882 4058 1007 4121 divisae
1019 4079 1027 4136 ;
1052 4078 1153 4141 quare
1174 4061 1310 4139 agentia
1332 4070 1366 4122 et
1392 4062 1569 4142 patientia

390 4172 468 4227 sunt
485 4163 639 4226 distincta
655 4175 689 4227 et
705 4164 850 4236 diversa3
871 4183 972 4243 quare
989 4164 1084 4243 quies
1096 4165 1158 4225 erit
1171 4162 1281 4225 media
1294 4163 1382 4225 inter
1395 4166 1571 4249 singulas,

391 4278 425 4331 et
441 4266 550 4331 omnis
565 4270 657 4349 quies
673 4277 723 4330 est
738 4267 770 4327 in
786 4276 957 4347 tempore;
979 4269 1038 4329 sed
1055 4268 1087 4327 in
1112 4265 1330 4329 translatione
1355 4268 1458 4331 locali
1481 4292 1574 4335 con-

392 4372 486 4434 tinua
501 4390 567 4433 non
585 4371 793 4452 intercipitur
807 4370 898 4451 quies
914 4391 921 4446 ;
944 4389 1044 4451 quare
1060 4389 1137 4431 cum
1160 4368 1406 4450 multiplicetur
1423 4383 1576 4459 tempus

391 4476 424 4538 in
448 4477 662 4557 generatione
685 4474 806 4558 speciei
831 4474 935 4555 magis
960 4493 1061 4555 quam
1088 4474 1119 4536 in
1147 4472 1367 4536 translatione
1397 4484 1580 4563 eorporis,

392 4588 472 4641 tunc
500 4580 606 4660 magis
632 4581 695 4643 erit
719 4578 885 4642 successio
910 4577 1069 4641 sensibilis
1093 4578 1126 4639 in
1158 4574 1451 4658 multiplicatione
1486 4587 1579 4654 lucis
