3542 5359
407 601 603 659 MORALIS
626 600 944 659 PHILOSOPHIA:
970 602 1084 661 PARS
1113 603 1277 662 TERTIA.
1353 601 1412 662 281

308 763 354 829 Et
390 763 469 828 licet
506 765 683 830 clementia
720 764 876 830 omnibus
913 765 1096 844 conveniat,
1133 776 1254 844 tamen,
1292 777 1329 831 ut
1366 768 1415 831 ait
1428 769 1562 846 clemeney

265 869 403 950 Seneca,
425 870 553 934 nullum
576 870 752 934 clementia
774 870 882 954 magis
905 889 1005 953 quarn
1032 889 1144 954 regem
1170 881 1203 934 et
1229 869 1414 954 principem
1427 851 1452 884 ¹¹²
1464 837 1549 885 rulers.

263 975 368 1040 decet.
426 976 537 1057 Reges
571 974 660 1038 enim
692 974 795 1038 Israel
824 973 1003 1040 clementes
1038 984 1123 1052 sunt,
1152 975 1200 1038 ait
1234 974 1414 1057 Scriptura.

264 1079 353 1142 Narn
380 1088 419 1142 ut
448 1079 532 1143 dicit
558 1079 694 1158 Senem,
716 1075 917 1142 ‘Pestifera¹
943 1079 995 1142 vis
1025 1089 1075 1144 est
1107 1073 1246 1165 [valere]
1279 1081 1322 1143 ad
1354 1101 1413 1143 no-

263 1184 427 1259 cendum3
465 1183 553 1248 illius
584 1184 720 1247 demum
754 1183 951 1265 magnitudo
984 1182 1111 1246 stabilis
1146 1194 1247 1266 atque
1278 1182 1414 1248 fundata

134 1284 142 1298 '
262 1298 312 1350 est
342 1309 444 1371 quarn
474 1308 590 1352 omnes
618 1299 689 1352 tam
717 1307 818 1371 supra
841 1308 878 1350 se
903 1308 974 1352 esse
1004 1307 1104 1370 quarn
1130 1309 1191 1370 pro
1221 1309 1257 1352 se
1286 1289 1414 1353 sciunt:

262 1411 331 1473 quo
363 1394 560 1475 precedente
594 1413 662 1456 non
695 1401 854 1475 tanquam
890 1393 1027 1456 noxium
1063 1393 1184 1456 animal
1218 1392 1414 1476 defugerim,

261 1497 320 1560 sed
350 1507 511 1578 tanquam
540 1499 584 1560 ad
613 1497 739 1561 clarum
768 1518 808 1562 ac
837 1496 1022 1562 beneficum
1054 1498 1144 1561 sidus
1175 1498 1325 1561 certatim
1355 1501 1414 1561 ad·

260 1601 416 1676 volant'3
453 1613 488 1666 et
520 1601 623 1679 addit,
652 1603 811 1686 quoniam
840 1607 925 1666 ‘non
957 1603 1052 1667 decet
1083 1622 1195 1683 regem
1224 1622 1323 1667 saeva
1353 1622 1414 1666 nec

263 1706 477 1770 inexorabilis
510 1705 577 1780 ira‚’
608 1705 814 1790 ‘Principem
849 1706 954 1771 talem
987 1706 1112 1770 civibus
1144 1726 1181 1770 se
1212 1727 1283 1770 esse
1314 1709 1411 1771 decet

262 1810 395 1892 qualem
419 1811 530 1873 Deum
560 1808 644 1876 sibi.'
689 1809 745 1874 ‘Si
774 1809 890 1876 Deus²
920 1809 1091 1895 placabilis
1121 1820 1154 1874 et
1185 1831 1312 1894 aequus
1344 1832 1411 1874 non

261 1916 374 1979 statim
406 1914 527 1979 delicta
555 1915 764 1997 peccantium
794 1915 1011 1998 persequitur,
1037 1925 1164 1996 quanto
1194 1916 1332 1997 aequius
1361 1925 1412 1979 est

261 2019 432 2083 hominem
455 2018 646 2082 hominibus
671 2021 898 2103 praepositum
926 2020 999 2083 miti
1024 2021 1137 2083 animo
1166 2039 1321 2083 exercere
1348 2021 1409 2082 im-

261 2124 397 2206 perium,
419 2132 455 2186 et
479 2124 625 2207 cogitare
647 2133 758 2186 utrum
785 2125 900 2188 mundi
926 2133 1033 2187 status
1058 2123 1184 2204 gratior
1207 2124 1310 2187 oculis
1337 2123 1410 2206 pul-

261 2228 435 2309 chriorque
459 2229 503 2291 sit
526 2248 642 2292 sereno
665 2237 700 2291 et
722 2248 807 2312 puro
830 2228 886 2291 die
912 2247 954 2290 an
978 2247 1053 2292 cum
1078 2226 1263 2309 fragoribus
1289 2227 1411 2292 crebris

261 2333 374 2396 omnia
392 2335 604 2416 quatiuntur3
620 2378 627 2394 .
645 2380 653 2395 .
670 2376 679 2392 .
694 2334 787 2415 atqui
807 2353 874 2396 non
890 2332 955 2396 alia
971 2332 1069 2396 iacies
1091 2342 1142 2395 est
1157 2334 1259 2414 quieti
1276 2333 1410 2396 morati-

260 2457 326 2518 que
348 2437 476 2519 imperii
497 2458 598 2520 quam
621 2439 725 2500 sereni
749 2437 832 2502 coeli
854 2447 889 2501 et
912 2436 1084 2500 nitentisl'
1122 2436 1236 2500 ‘Haec
1259 2447 1309 2500 est
1331 2457 1410 2502 vera

260 2541 452 2620 clementia‚'
474 2553 512 2606 ut
532 2542 659 2619 insert³‚
681 2547 787 2624 ‘quae
814 2561 881 2604 non
909 2542 1067 2606 saevitiae
1092 2541 1295 2624 paenitentia
1321 2544 1409 2624 cepit

261 2645 385 2709 nullam
416 2647 539 2710 habere
569 2646 745 2712 maculam.
793 2646 888 2710 Haec
919 2656 970 2709 est
999 2646 1032 2708 in
1063 2646 1210 2708 maxima
1240 2655 1409 2728 potestate

260 2752 430 2815 verissima
444 2752 548 2816 animi
562 2751 789 2834 temperantia
831 2749 1019 2813 Clementia
1041 2769 1107 2814 non
1130 2759 1261 2813 tantum
1289 2749 1410 2814 hones·

235 2853 362 2921 'tiores
383 2856 442 2919 sed
458 2857 597 2921 tutiores
618 2865 775 2938 praestat
819 2853 969 2936 Tyranni
995 2853 1027 2916 in
1050 2852 1222 2934 voluptate
1239 2855 1410 2930 saeviunt;

260 2981 355 3043 reges
377 2981 443 3025 non
466 2962 529 3024 nisi
550 2982 595 3024 ex
617 2980 718 3024 causa
739 2969 771 3023 et
794 2959 999 3022 necessitate.
1046 2955 1231 3022 Clementia
1252 2956 1352 3022 efficit
1373 2968 1410 3022 ut

213 3060 219 3068 ’
262 3085 418 3148 magnum
435 3067 520 3130 inter
535 3085 647 3147 regem
669 3075 703 3128 et
718 3075 898 3147 tyrannum
914 3063 1085 3127 discrimen
1101 3063 1153 3127 sit.
1198 3063 1277 3126 Non
1298 3074 1409 3147 potest

260 3170 382 3234 habere
400 3171 574 3253 quisquam
593 3168 678 3233 fidos
699 3181 734 3234 et
756 3172 866 3233 bonae
884 3168 1067 3233 voluntatis
1090 3167 1268 3243 ministros,
1289 3169 1410 3250 quibus

260 3277 364 3340 utitur
388 3296 454 3339 non
483 3275 579 3339 aliter
605 3295 705 3357 quarn
729 3272 862 3340 bestiis?
910 3275 998 3337 Nam
1030 3275 1187 3338 severitas
1213 3275 1408 3338 assiduitate

258 3381 383 3445 amittit
401 3380 643 3444 auctoritatem.
688 3380 737 3443 ‘E
753 3400 914 3443 converso
932 3389 982 3442 est
998 3380 1026 3441 is
1041 3379 1075 3442 in
1090 3378 1184 3462 cujus
1201 3379 1313 3443 animo
1328 3378 1410 3442 nihil

260 3485 388 3562 hostile,
411 3484 492 3547 nihil
521 3483 660 3548 efferum
685 3495 756 3561 est;
786 3485 842 3567 qui
870 3484 1056 3567 potentiam
1087 3502 1180 3546 suam
1208 3483 1340 3566 placide
1370 3505 1409 3550 ac

259 3588 469 3654 salutariter⁴
491 3599 645 3667 exercet;
672 3608 823 3653 sermone
845 3588 996 3666 affabilis,
1019 3607 1152 3653 accessu
1176 3585 1290 3666 facilis,
1314 3589 1407 3652 vultu

259 3695 317 3777 qui
339 3695 488 3758 maxime
510 3695 653 3776 populos
673 3695 863 3758 demeretur
884 3690 1045 3769 amabilis,
1062 3742 1069 3756 .
1087 3741 1095 3756 .
1112 3740 1118 3754 .
1135 3693 1178 3756 de
1200 3713 1268 3775 quo
1291 3696 1407 3757 eadem

258 3798 410 3862 homines
424 3810 551 3863 secreto
567 3798 746 3880 loquuntur
761 3808 795 3862 et
809 3796 941 3881 palam)

303 3903 349 3967 Et
386 3903 560 3987 pulchrum
598 3901 815 3986 exemplum⁶
848 3901 955 3980 affert,
985 3903 1096 3966 dicens
1130 3901 1282 3966 ‘Natura
1318 3909 1544 3972 com-Example

259 4021 373 4074 menta
404 4018 456 4073 eet
484 4029 606 4094 regem,
633 4010 723 4090 quod
750 4018 784 4072 et
806 4029 850 4070 ex
872 4007 946 4070 aliis
968 4005 1165 4070 animalibus
1186 4006 1263 4070 licet
1285 4025 1408 4089 cogno-
1421 3975 1523 4024 “¹²⁰⁵

257 4133 357 4191 scere,
386 4122 421 4176 et
450 4134 495 4177 ex
525 4113 653 4196 apibus,
682 4133 823 4195 quarum
851 4112 920 4194 regi
951 4109 1193 4192 amplissimum
1220 4109 1328 4175 cubile
1358 4119 1408 4175 est

259 4218 437 4300 medioque
453 4237 492 4282 ac
511 4218 679 4282 tutissimo
701 4217 784 4282 loco.
829 4215 941 4282 Onere
955 4225 1052 4279 vacat
1067 4225 1204 4278 exactor
1225 4214 1406 4280 alienorum

289 4408 299 4439 ¹
314 4411 353 4461 Dr
364 4411 505 4474 Clermtrir,
518 4411 535 4460 i.
547 4426 571 4473 3

288 4489 298 4518 ¹
314 4491 345 4538 rb.
356 4490 373 4540 i.
387 4504 410 4550 7.
444 4489 516 4539 Here
528 4491 604 4552 again
616 4491 722 4541 Densis
735 4490 889 4540 substituted
899 4489 940 4537 lor
948 4486 1014 4546 Dei;
1032 4485 1194 4548 peccantium
1203 4486 1243 4535 lor
1252 4489 1403 4550 potentium.

288 4570 299 4600 ³
314 4569 373 4620 ilai.
390 4585 430 4628 ro,
444 4584 482 4630 ¹3·
941 4567 950 4596 ¹
968 4565 1112 4626 salubriter,
1125 4564 1157 4614 Ο.

289 4647 508 4711 ’1)ιίἹεηιιηΙιίιΙ
522 4647 538 4697 ἱ
551 4664 589 4711 πμ
