3542 5359
368 569 429 648 μθ
635 568 972 628 MULTIPLICATIO
997 566 1252 626 SPECIERUM.

370 754 473 797 unum
503 752 646 796 sensum.
693 732 881 796 Dicendum
912 741 970 808 est,
993 732 1082 812 quod
1114 751 1179 793 non
1210 729 1255 793 ob
1280 729 1343 793 hoc
1370 728 1529 792 dicuntur

370 837 537 901 sensibilia
559 857 616 918 per
635 856 682 914 se,
705 857 765 900 nec
785 836 918 919 propria
941 855 1000 899 nec
1024 836 1222 912 communia,
1238 835 1295 898 sed
1319 834 1398 917 quia
1419 834 1527 895 virtus

371 941 561 1005 distinctiva
577 950 728 1021 quaeest
745 940 935 1023 cogitativa,
950 939 1044 1022 cujus
1059 959 1131 1002 esse
1147 948 1197 1002 est
1213 939 1246 1000 in
1262 937 1371 1001 media
1383 935 1525 1000 cellula1

371 1045 506 1121 cerebri,
525 1044 653 1127 judicat
676 1045 719 1107 de
743 1045 795 1108 his
818 1045 1028 1108 sensibilibus
1051 1055 1121 1107 tam
1144 1044 1285 1126 propriis
1307 1061 1409 1124 quam
1431 1060 1526 1103 com-

372 1149 537 1227 munibus,
550 1150 717 1214 mediante
731 1149 1007 1213 sensucommuni
1023 1158 1057 1214 et
1072 1149 1271 1230 particulari,
1287 1148 1343 1229 qui
1358 1145 1465 1210 solum
1483 1145 1527 1208 de

372 1257 522 1338 partibus
544 1253 673 1318 animae
695 1254 872 1319 sensitivae
888 1263 1048 1318 vocantur
1072 1253 1209 1336 avulgo
1232 1253 1367 1316 nomine
1388 1270 1526 1326 sensus;

373 1367 408 1422 et
422 1359 499 1441 quia
514 1360 557 1421 de
575 1357 785 1421 sensibilibus
801 1377 860 1442 per
874 1359 1028 1421 accidens
1044 1359 1161 1421 eadem
1179 1357 1359 1441 cogitativa
1374 1356 1526 1439 potentia

369 1462 508 1546 judicat,
524 1463 690 1526 mediante
712 1462 944 1527 aestimatione
967 1471 1000 1525 et
1022 1463 1190 1539 memoria,
1211 1473 1245 1524 et
1269 1481 1334 1524 non
1359 1461 1527 1524 mediante

344 1587 471 1646 ‚sensu
494 1567 661 1630 communi
684 1575 719 1630 et
741 1565 949 1650 particulam
979 1577 1115 1649 propter
1137 1568 1228 1649 quod
1249 1564 1417 1629 sensibilia
1435 1583 1527 1628 com-

374 1671 486 1734 munia
510 1680 542 1735 et
569 1671 702 1753 propria
725 1682 888 1736 vocantur
912 1692 970 1761 per
995 1693 1030 1734 se
1057 1671 1236 1749 sensibilia,
1257 1670 1334 1752 quia
1357 1669 1527 1733 mediante

373 1795 480 1848 sensu,
496 1784 530 1838 et
547 1795 611 1837 non
627 1777 866 1853 aestimatione,
881 1776 1213 1858 comprehenduntur.
1262 1774 1392 1837 Horum
1412 1785 1525 1837 autem

375 1878 560 1943 intellectus
587 1878 717 1959 planior
743 1889 837 1962 patet
861 1900 927 1942 non
952 1879 1058 1943 solum
1084 1901 1127 1942 ex
1158 1879 1443 1961 praecedentibus,
1465 1878 1525 1942 sed

374 1986 541 2068 dependet
556 2004 601 2047 ex
616 1986 912 2068 subsequentibus;
937 1998 970 2048 et
986 1987 1061 2050 ideo
1078 1987 1169 2066 quod
1188 1986 1240 2049 hic
1259 1987 1366 2050 minus
1387 1984 1524 2068 planum

375 2101 435 2168 est,
451 2091 635 2172 requiratur
649 2111 669 2154 a
684 2089 764 2155 locis
780 2090 852 2153 aliis
872 2093 1024 2174 propriis.

207 2208 338 2272 objectioni
419 2194 520 2277 Quod
537 2205 648 2258 autem
668 2205 781 2277 posset
801 2196 866 2258 dici
888 2197 978 2277 quod
998 2195 1078 2259 nihil
1100 2197 1230 2260 videtur
1248 2195 1309 2260 nisi
1329 2197 1476 2271 densum,
1492 2205 1528 2258 et

207 2277 341 2407 &ciffis
375 2299 524 2372 densum,
549 2300 650 2363 etiam
672 2299 742 2361 sine
761 2299 870 2362 colore
892 2310 927 2362 et
946 2300 1020 2364 luce
1041 2301 1164 2376 innata,
1186 2310 1297 2383 potest
1317 2300 1420 2363 videri
1441 2300 1528 2363 utin

206 2406 302 2465 visible,
313 2407 362 2455 and
375 2413 462 2467 terra
485 2414 520 2468 et
543 2424 639 2487 aqua,
662 2413 696 2465 et
723 2403 808 2467 sorte
833 2404 866 2468 in
892 2404 986 2468 coelo
1009 2415 1130 2468 octavo
1152 2405 1204 2468 vel
1228 2425 1325 2479 nonu,
1346 2404 1529 2468 secundum

207 2472 336 2604 {322¹}ssss
375 2509 602 2572 diversitatem
629 2508 824 2589 opinionum
848 2509 893 2572 de
915 2507 985 2586 illis,
1011 2518 1047 2572 ut
1071 2509 1203 2573 inferius
1230 2509 1365 2591 patebit,
1394 2521 1530 2591 propter

208 2622 272 2669 ταγὲ
375 2612 465 2694 quod
479 2612 618 2675 densum
631 2613 761 2676 videtur
772 2632 844 2676 esse
855 2613 1004 2678 maxime
1019 2613 1174 2678 sensibile
1189 2624 1224 2679 et
1240 2613 1366 2676 visibile
1379 2636 1386 2692 ;
1410 2622 1444 2677 et
1454 2612 1529 2676 ideo

208 2693 466 2824 {ffifflquod
490 2717 635 2797 speciem
662 2716 784 2782 laceret
806 2717 838 2780 in
863 2737 1006 2781 sensum.
1052 2717 1240 2782 Dicendum
1271 2728 1321 2782 est
1348 2718 1437 2799 quod
1464 2717 1529 2781 hoc

209 2825 323 2877 theseos
375 2841 442 2884 non
465 2820 562 2900 valet,
584 2841 651 2884 non
675 2821 763 2885 enirn
787 2831 837 2885 est
864 2823 1012 2885 maxime
1035 2822 1165 2886 visibile
1192 2834 1328 2904 propter
1350 2822 1414 2886 hoc
1438 2823 1528 2904 quod

209 2893 347 3022 ἓξὲοῗὶὲω,
376 2925 455 2989 nihil
478 2927 549 2989 sine
572 2946 613 2989 eo
636 2926 776 3005 videtur,
792 2926 870 3008 quia
893 2927 1022 2990 occasio
1045 2928 1152 3011 magis
1175 2937 1225 2992 est
1247 2947 1349 3010 quam
1370 2946 1480 3004 causa,
1496 2937 1529 2988 et

209 3023 292 3100 uuicti
376 3030 454 3113 quia
475 3050 533 3114 per
554 3030 644 3094 aliud
664 3030 968 3113 comprehenditur,
984 3031 1068 3096 sicut
1090 3031 1300 3114 perspicuum
1324 3030 1530 3112 interjacens.

209 3098 310 3204 lffilll
379 3133 425 3198 Et
455 3135 531 3198 ideo
557 3155 623 3199 non
651 3144 701 3198 est
730 3156 774 3198 ex
801 3156 861 3199 sua
887 3144 1006 3200 natura
1035 3134 1189 3200 absoluta
1220 3145 1257 3200 ut
1283 3137 1444 3212 videatur,
1470 3135 1529 3198 sed

210 3222 307 3270 ‘'sslb'e·
377 3238 543 3319 dependet
558 3260 578 3302 a
593 3240 767 3322 perspicuo
780 3260 787 3316 ;
811 3250 947 3323 propter
962 3241 1051 3322 quod
1066 3261 1132 3304 non
1146 3241 1248 3304 debet
1263 3240 1371 3306 iacere
1385 3241 1529 3322 speciem

379 3352 416 3404 ut
439 3341 483 3404 de
508 3362 544 3405 se
570 3344 735 3421 immutet,
759 3363 819 3408 nec
846 3345 1023 3427 requiritur
1049 3345 1120 3428 ejus
1143 3347 1311 3429 perceptio
1337 3347 1381 3409 ad
1408 3345 1470 3410 boc
1493 3357 1531 3408 ut

378 3445 603 3528 percipiantur
621 3445 712 3511 color
733 3458 767 3510 et
785 3448 855 3525 lux,
871 3449 931 3514 sed
954 3450 1073 3514 sufficit
1090 3451 1172 3514 visui
1194 3451 1285 3534 quod
1305 3449 1448 3513 color-et
1470 3448 1530 3512 lux

379 3548 459 3614 fiant
475 3551 509 3612 in
524 3550 628 3613 denso
643 3551 786 3634 aliquali,
803 3553 937 3633 scilicet,
952 3564 989 3617 ut
1009 3555 1205 3618 terminetur
1220 3555 1308 3618 visus
1321 3575 1328 3632 ;
1352 3575 1418 3617 non
1441 3555 1530 3616 enim

378 3655 575 3720 terminatur
597 3656 659 3719 nisi
686 3677 744 3738 per
769 3659 918 3723 densum.
963 3658 1021 3722 Ad
1049 3679 1121 3722 esse
1143 3679 1222 3741 ergo
1248 3656 1365 3723 coloris
1389 3668 1423 3722 et
1450 3659 1533 3721 lucis

378 3758 553 3842 requiritur
575 3761 729 3840 densitas,
749 3772 785 3826 ut
804 3764 894 3827 visus
915 3763 1108 3827 terminetur
1129 3765 1171 3826 ad
1193 3762 1339 3826 colorem
1361 3773 1396 3827 et
1415 3762 1533 3826 lucem.

379 3865 447 3930 Sed
472 3874 552 3930 tunc
577 3886 621 3929 ex
649 3876 767 3931 natura
790 3887 851 3930 sua
877 3868 1012 3949 propria
1039 3865 1182 3931 iaciente
1208 3867 1353 3949 speciem
1380 3867 1535 3932 videntur

379 3970 583 4052 priusquam
599 3972 798 4053 percipiatur
813 3972 962 4045 densum,
974 3973 1130 4052 quoniam
1146 3973 1285 4036 densum
1301 3990 1367 4034 non
1384 3992 1535 4055 compre·

380 4074 536 4138 henditur
558 4076 632 4144 solo
658 4095 765 4151 seusu,
792 4075 850 4138 sed
880 4095 940 4157 per
967 4075 1217 4157 cogitationem,
1239 4095 1299 4138 nec
1322 4097 1381 4158 per
1404 4095 1450 4150 se,
1474 4077 1534 4140 sed

381 4198 440 4261 per
462 4177 674 4243 collationem
697 4180 740 4243 ad
765 4181 986 4263 perspicuum,
1009 4189 1043 4243 et
1066 4180 1236 4244 mediante
1259 4200 1309 4254 e0,
1333 4180 1419 4244 sicut
1442 4190 1536 4263 patet

382 4303 426 4346 ex
440 4282 532 4346 libris
546 4283 765 4366 Aspectuum.

428 4385 528 4469 Quod
544 4407 625 4452 vero
640 4389 721 4451 dicit
736 4388 890 4452 Alhazen
913 4389 1059 4452 secundo
1075 4391 1119 4452 de
1133 4388 1337 4471 Aspectibus
1347 4385 1371 4467 ²,
1386 4389 1479 4472 quod
1503 4389 1536 4452 in

417 4504 425 4533 ¹
443 4505 482 4555 Cf.
494 4521 518 4568 p.
532 4521 557 4567 9,
569 4521 599 4554 aa
608 4513 637 4555 to
649 4507 694 4555 the
705 4507 819 4556 cerebral
831 4522 913 4568 organ
925 4507 955 4556 of
963 4509 1043 4557 virtus
1055 4508 1202 4569 cogitativa.

417 4584 428 4613 ¹
444 4583 592 4633 Concavurn
608 4585 681 4633 nervi
693 4589 835 4635 communia
846 4588 877 4645 is,
890 4601 919 4635 aa
931 4587 1067 4648 explained
1086 4587 1111 4634 in
1124 4586 1282 4648 perspectiva,
1295 4600 1321 4646 p.
1337 4599 1373 4647 14,
1389 4585 1538 4637 meretina

386 4661 513 4721 Alhazen,
525 4663 552 4711 in
566 4665 610 4713 the
625 4679 735 4727 passage
752 4664 815 4714 here
833 4664 947 4714 referred
965 4671 992 4714 to
1011 4665 1063 4729 (lib.
1076 4666 1101 4715 ii.
1115 4680 1188 4728 prop.
1206 4665 1246 4726 16)
1265 4663 1384 4726 explains
1401 4663 1457 4714 that
1475 4667 1541 4714 each
