3542 5359
420 646 745 707 PERSPECTIVAE
770 648 884 706 PARS
909 648 1070 705 PRIMA:
1104 648 1216 707 DIST.
1247 648 1299 708 VI.
1394 665 1434 726 41

281 810 541 892 distinguuntur,
556 830 595 872 ac
618 808 742 891 species
762 807 880 873 coloris
903 817 937 874 et
959 829 1075 873 omnes
1097 808 1288 890 hujusmodi
1311 808 1436 892 speeies

281 935 401 992 rerum,
420 924 455 976 et
479 924 613 996 propter
630 913 693 977 hoc
713 914 802 977 visus
824 922 936 999 potest
955 914 1108 977 distincte
1126 913 1238 976 videre
1261 932 1322 977 res.
1369 914 1434 976 Hic

280 1038 373 1083 error
387 1028 438 1083 est
453 1018 561 1101 gravis
575 1018 690 1082 valde:
714 1038 792 1082 nam
808 1018 913 1083 multa
927 1019 1074 1082 continet
1089 1006 1171 1081 salsa
1185 1029 1219 1083 et
1234 1019 1387 1096 absurda,
1401 1028 1435 1083 et

279 1124 384 1187 oritur
395 1144 439 1186 ex
452 1123 524 1202 hoc,
534 1124 625 1205 quod
637 1124 781 1187 ereditur
789 1124 878 1206 quod
892 1132 1046 1204 oporteat
1058 1143 1181 1204 ponere
1193 1122 1435 1187 distinctionem

280 1228 382 1305 visus,
397 1248 498 1310 quam
519 1249 585 1293 non
608 1226 785 1292 aestimant
806 1226 874 1291 fieri
896 1227 957 1290 nisi
979 1228 1105 1311 species
1124 1230 1192 1291 sint
1212 1228 1346 1291 omnino
1368 1228 1435 1291 dis-

280 1332 403 1397 tinctae
427 1332 460 1395 in
483 1350 566 1397 aere.
614 1332 723 1395 Primo
749 1352 829 1415 ergo
853 1332 989 1396 salvabo
1015 1328 1256 1397 distinctionem
1278 1331 1376 1408 visus,
1397 1343 1436 1395 ut

280 1436 432 1501 videatur
450 1439 541 1518 quod
564 1446 703 1501 nonest
727 1458 859 1501 necesse
882 1438 929 1501 sic
949 1458 1066 1501 enare.
1112 1436 1243 1500 Deinde
1265 1435 1435 1500 evacuabo

281 1538 408 1603 facilius
430 1561 579 1620 errorem,
595 1553 630 1605 et
652 1561 820 1623 exponam
843 1550 995 1605 auctores
1013 1540 1070 1625 qui
1089 1540 1242 1606 videntur
1261 1561 1335 1604 esse
1356 1560 1435 1605 con-

279 1644 378 1708 trani.

326 1749 412 1814 Dico
426 1770 514 1833 ergo,
526 1751 616 1833 quod
635 1751 760 1833 species
777 1750 900 1816 habent
915 1771 987 1814 esse
1005 1752 1172 1815 materiale
1187 1760 1221 1816 et
1236 1752 1386 1816 naturale
1400 1750 1432 1814 in
1446 1764 1502 1815 The
1512 1766 1579 1814 solu-

280 1853 391 1917 medio
414 1864 448 1917 et
470 1854 503 1916 in
525 1875 642 1919 sensu:
670 1865 705 1919 et
724 1856 814 1939 quod
832 1876 910 1919 vera
932 1856 1091 1920 mixtione
1114 1856 1291 1920 miscentur
1308 1832 1594 1961 ερεεὶωξξᾞῗῑῃ

280 1957 473 2031 contrariae,
495 1969 531 2023 ut
554 1958 679 2043 species
704 1960 770 2023 albi
792 1970 826 2023 et
850 1960 930 2043 nigri
954 1970 988 2024 et
1011 1960 1197 2023 mediorum
1221 1961 1377 2037 colorum,
1397 1963 1601 2040 etp01140¹²¹¹0e

279 2063 371 2143 quod
388 2084 456 2128 una
470 2064 511 2128 sit
526 2066 651 2147 species
668 2066 807 2129 duarum
822 2064 1013 2128 albedinum
1031 2074 1065 2128 et
1087 2064 1228 2128 duarum
1247 2063 1382 2144 lucium,
1397 2075 1431 2129 et
1444 2029 1561 2143 ἔξω

278 2166 326 2230 sic
356 2169 398 2231 de
428 2170 564 2231 caeteris
593 2170 766 2251 speciebus
792 2169 942 2252 ejusdem
971 2167 1091 2250 speciei
1117 2168 1430 2250 praedicamentalis,
1444 2160 1547 2274 pplique

278 2281 314 2334 et
336 2291 358 2333 a
380 2272 454 2335 loco
477 2271 647 2336 mixtionis
666 2273 774 2337 veniet
796 2270 922 2355 species
944 2273 1053 2336 mixta
1075 2274 1119 2337 ad
1140 2272 1283 2348 oculum,
1303 2282 1337 2337 et
1360 2283 1433 2338 tota
1471 2242 1507 2289 ῃ

278 2376 425 2457 pyramis
447 2377 553 2439 mixta
574 2377 645 2441 erit.
691 2374 758 2440 Sed
780 2375 905 2458 species
926 2377 1022 2440 unius
1036 2376 1170 2441 visibilis
1191 2376 1292 2441 habet
1312 2377 1431 2461 princi·

277 2479 388 2561 palem
418 2491 453 2544 et
479 2482 617 2562 primam
648 2480 964 2564 multiplicationem,
987 2492 1138 2546 caeterae
1167 2492 1277 2546 autem
1307 2480 1432 2545 habent

277 2582 522 2648 accidentalem.
568 2585 757 2669 Principalis
783 2597 896 2650 autem
918 2585 1148 2671 multiplicatio
1173 2608 1230 2649 seu
1254 2586 1359 2668 prima
1380 2595 1430 2649 est

279 2698 380 2766 recta,
394 2687 507 2768 fracta,
523 2701 557 2754 et
579 2690 716 2769 reflexa,
735 2701 769 2754 et
789 2691 878 2755 venit
901 2690 945 2754 ab
966 2702 1097 2774 agente,
1119 2701 1155 2752 ut
1177 2689 1326 2772 superius
1347 2692 1429 2753 veri-

278 2790 416 2855 ficatum
438 2804 498 2857 est.
543 2794 768 2859 Accidentalis
789 2814 870 2858 vero
893 2816 953 2859 seu
975 2795 1168 2859 secundaria
1190 2813 1254 2855 non
1276 2794 1366 2856 venit
1388 2796 1430 2857 ab

278 2906 409 2979 agente,
427 2900 485 2962 sed
508 2918 528 2961 a
551 2900 659 2982 specie
681 2898 870 2982 principali3
897 2898 983 2963 sicut
1005 2909 1055 2961 est
1078 2899 1119 2961 de
1142 2896 1225 2974 luce,
1239 2915 1325 2978 quae
1342 2898 1432 2961 venit

277 3002 321 3064 ad
338 3000 477 3084 angulos
488 3004 608 3068 domus
623 3024 644 3066 a
658 3005 750 3068 radio
765 3006 843 3068 solis
858 3006 998 3069 cadente
1013 3023 1072 3085 per
1083 3002 1276 3077 fenestram3
1298 3011 1332 3066 et
1347 3002 1430 3066 haec

276 3114 329 3168 est
348 3106 395 3168 ita
415 3105 531 3171 debilis
552 3116 589 3170 ut
609 3128 674 3171 non
696 3107 820 3173 habeat
840 3108 1121 3193 comparationem
1141 3109 1183 3172 ad
1205 3106 1430 3191 principalem,

276 3230 339 3274 nec
354 3211 445 3274 ducit
457 3210 590 3274 oculum
602 3213 636 3275 in
648 3232 716 3276 rem
732 3233 752 3276 a
763 3234 831 3297 qua
842 3213 931 3277 venit
943 3212 1181 3297 multiplicatio.
1217 3212 1317 3277 Unde
1328 3212 1429 3278 homo

274 3314 308 3377 in
329 3314 454 3397 angulo
476 3318 595 3381 domus
614 3316 743 3381 habens
765 3319 910 3402 speciem
928 3317 1155 3383 secundariam
1170 3318 1251 3381 lucis
1266 3317 1382 3382 solaris
1396 3318 1430 3381 in

274 3420 375 3483 oculo
400 3440 466 3483 non
489 3422 580 3487 videt
602 3422 706 3485 solem
728 3424 788 3487 sed
811 3424 940 3487 radium
963 3425 1137 3488 cadentem
1160 3444 1219 3506 per
1241 3422 1428 3487 fenestram.

274 3522 312 3587 Si
335 3544 415 3589 vero
443 3538 547 3610 ponat
569 3528 702 3591 oculum
726 3530 770 3592 ad
799 3528 929 3593 radium
956 3526 1168 3611 principalem
1194 3529 1278 3592 bene
1304 3527 1429 3591 videbit

271 3630 389 3693 solem.
435 3630 520 3695 Dico
539 3652 619 3715 ergo
633 3634 724 3716 quod
746 3634 832 3698 sicut
855 3633 966 3697 radius
987 3633 1264 3715 perpendicularis
1285 3632 1430 3697 occultat

272 3754 393 3797 omnes
429 3735 632 3800 declinantes
669 3740 728 3821 qui
765 3757 841 3801 cum
878 3759 920 3802 eo
956 3739 1197 3816 terminantur;
1237 3737 1283 3802 sic
1319 3737 1430 3800 radius

272 3837 464 3921 principalis
494 3840 639 3905 occultat
669 3861 785 3906 omnes
815 3842 925 3906 radios
950 3841 1178 3907 accidentales.
1225 3842 1325 3906 Unde
1348 3841 1381 3905 in
1406 3842 1434 3905 d

272 3954 402 4028 puncto
417 3954 467 4008 est
482 3966 559 4009 vera
575 3948 693 4010 mixtio
708 3946 875 4026 albedinis,
891 3948 1076 4031 nigredinis
1092 3959 1125 4011 et
1147 3947 1321 4025 rubedinis,
1337 3957 1370 4010 et
1385 3948 1429 4010 ab

273 4069 317 4113 eo
326 4048 418 4113 venit
430 4052 555 4133 species
571 4053 678 4115 mixta
690 4053 848 4134 usquead
862 4053 996 4116 oculum
1012 4073 1111 4136 super
1124 4051 1244 4117 lineam
1258 4052 1285 4115 d
1295 4074 1321 4116 c.
1359 4052 1428 4117 Sed

270 4154 303 4217 in
332 4153 419 4218 linea
441 4154 468 4217 d
488 4176 505 4218 e
529 4175 596 4220 non
620 4166 671 4220 est
695 4158 882 4240 principalis
907 4157 1136 4241 multiplicatio
1160 4159 1222 4222 nisi
1246 4158 1288 4221 ab
1312 4158 1385 4239 ipso
1410 4156 1429 4219 b

269 4258 398 4335 visibili,
416 4278 482 4322 non
497 4260 542 4323 ab
559 4282 581 4323 a
600 4281 709 4343 neque
728 4284 754 4336 c,
769 4262 828 4325 sed
844 4260 1054 4326 accidentalis
1069 4273 1103 4326 et
1119 4261 1328 4334 secundaria3
1350 4260 1429 4342 quia

269 4383 338 4427 non
356 4362 448 4428 venit
472 4362 699 4447 multiplicatio
721 4366 837 4430 similis
856 4388 877 4429 a
901 4377 934 4430 et
956 4388 974 4429 c
994 4367 1056 4429 nisi
1078 4388 1099 4430 a
1120 4367 1291 4448 speciebus
1314 4382 1428 4426 eorum

270 4488 337 4531 uon
364 4468 408 4531 ab
434 4468 522 4551 ipsis.
568 4467 635 4535 Sed
663 4470 851 4553 principalis
879 4470 1109 4553 multiplicatio
1139 4468 1285 4532 occultat
1315 4486 1429 4532 omnes

268 4572 503 4649 accidentales,
519 4572 603 4638 sicut
625 4575 903 4658 perpendicularis
924 4573 1070 4640 occultat
1092 4594 1205 4638 omnes
1227 4571 1430 4636 declinantes

268 4677 583 4744 eiconterminales.
628 4678 675 4745 Et
693 4678 740 4744 sic
761 4688 834 4744 tota
854 4681 1002 4764 pyramis
1022 4689 1072 4743 est
1094 4678 1201 4743 mixta
1222 4677 1353 4761 ubique,
1368 4679 1427 4741 sed
