3542 5359
505 632 622 692 PARS
646 631 868 691 SECUNDA:
905 631 993 691 cAP.
1023 631 1108 690 VIII.
1325 647 1383 708 491

234 798 411 863 strationes
433 818 519 874 suas,
541 806 579 860 ut
603 818 647 860 ex
672 793 758 860 libro
781 795 853 877 ejus
875 803 997 877 pateat,
1019 812 1103 876 quas
1129 794 1224 858 nimis
1250 793 1386 877 longum

233 912 321 966 esset
336 923 495 980 enarrare,
505 912 540 965 et
555 900 718 965 difficilius
733 900 890 983 explicari
905 920 1006 982 quam
1022 920 1177 982 praesens
1192 899 1387 981 opusculum

234 1009 387 1089 requirat.
442 1004 589 1070 Breviter
603 1015 717 1070 tamen
731 1005 901 1067 sciendum
923 1003 1013 1086 quod
1035 1004 1123 1067 istud
1145 1003 1316 1085 speculum
1340 1005 1386 1067 sic

234 1110 335 1174 debet
358 1110 501 1195 figurari,
521 1119 686 1192 quatenus
711 1129 827 1174 omnes
852 1108 964 1191 anguli
991 1108 1148 1171 cadentes
1173 1107 1206 1170 in
1233 1108 1387 1171 omnibus

234 1213 501 1278 circulationibus
516 1214 602 1277 circa
615 1232 717 1277 axem
732 1212 816 1276 fiant
830 1212 994 1295 aequales,
1011 1222 1047 1276 ut
1069 1211 1096 1275 si
1118 1210 1289 1293 speculum
1308 1232 1387 1275 con·

234 1339 351 1383 cavum
388 1318 595 1402 sphaericum
632 1327 836 1401 premeretur
871 1318 1019 1399 undique
1054 1315 1247 1398 aequaliter,
1280 1316 1386 1379 donec

234 1444 349 1487 omnes
384 1422 644 1506 aequidistantes
675 1423 760 1486 circa
789 1421 905 1503 polum
937 1441 1033 1485 suum
1071 1430 1207 1504 possent
1243 1420 1387 1503 recipere

234 1528 393 1592 terminos
408 1528 575 1603 linearum,
590 1546 676 1608 quae
691 1526 724 1588 in
738 1526 885 1589 omniurn
900 1524 1088 1589 colurorum
1104 1522 1240 1607 singulis
1255 1524 1386 1607 punctis

235 1629 381 1694 iacerent
409 1630 550 1714 angulos
579 1631 744 1714 aequales.
792 1629 838 1692 Et
860 1640 1024 1711 quatenus
1046 1630 1079 1691 in
1102 1628 1251 1710 quolibet
1273 1627 1387 1691 coluro

235 1735 426 1817 imaginato,
448 1756 590 1818 quorum
613 1736 774 1799 diameter
796 1745 847 1799 est
868 1735 943 1797 axis
965 1732 1098 1816 speculi,
1121 1733 1204 1797 radii
1230 1732 1386 1797 cadentes

234 1850 304 1904 tam
331 1836 430 1921 longe
458 1859 560 1921 quam
590 1860 694 1922 prope
725 1849 875 1922 respectu
906 1839 981 1901 axis
1013 1838 1215 1901 constituant
1244 1837 1385 1918 angulos

233 1942 399 2024 aequales,
416 1953 452 2006 ut
466 1943 590 2008 scilicet
608 1963 692 2025 quos
706 1943 847 2025 angulos
862 1963 947 2006 unus
963 1942 1071 2007 radius
1089 1940 1188 2005 saciat
1206 1941 1240 2003 in
1261 1940 1385 2004 medie·

234 2058 304 2111 tate
326 2048 428 2111 coluri
453 2046 551 2112 saciat
572 2048 724 2130 quilibet,
740 2058 775 2110 et
798 2047 861 2111 hoc
883 2058 934 2110 est
956 2044 1157 2127 impossibile
1179 2044 1213 2107 in
1236 2043 1385 2127 sphaera.

234 2150 302 2215 Sed
318 2163 451 2235 oportet
466 2153 556 2235 quod
577 2151 747 2234 speculum
768 2151 975 2232 sphaericum
998 2159 1104 2213 mutet
1125 2148 1270 2230 undique
1290 2167 1385 2210 suam

234 2256 382 2339 liguram,
411 2267 448 2320 ut
485 2257 616 2320 laxetur
648 2255 862 2337 sphaericitas
896 2275 940 2318 ex
970 2256 1060 2316 omni
1090 2262 1191 2335 parte,
1221 2264 1385 2334 quatenus

234 2360 379 2424 declinet
410 2363 453 2425 ad
485 2360 614 2423 ovalem
645 2358 785 2442 figuram
815 2358 868 2421 vel
899 2357 1099 2427 annularem,
1131 2358 1189 2421 ubi
1218 2356 1322 2421 coluri
1351 2365 1386 2420 et

233 2465 495 2545 aequidistantes
521 2464 724 2545 imaginandi
751 2484 818 2526 non
843 2473 921 2525 sunt
947 2448 1015 2525 veri
1040 2460 1160 2525 circuli.
1206 2461 1294 2523 Nam
1319 2481 1385 2524 non

233 2588 348 2632 omnes
370 2568 474 2632 lineae
496 2570 616 2631 ductae
637 2589 659 2631 a
682 2579 806 2651 puncto
832 2568 865 2630 in
891 2567 1000 2630 medio
1024 2568 1067 2629 ad
1091 2564 1385 2629 circumferentiam

232 2682 312 2736 sunt
326 2672 492 2753 aequales,
506 2674 565 2736 sed
581 2681 660 2735 sunt
677 2674 761 2735 sicut
776 2691 968 2735 communes
990 2671 1152 2733 sectiones
1176 2669 1386 2751 pyramidum

233 2779 451 2842 rotundarum
472 2786 507 2838 et
525 2776 772 2858 superficierum
790 2775 974 2860 planarum,
989 2794 1075 2856 quae
1098 2784 1249 2838 secantur
1271 2793 1384 2838 secun-

233 2881 313 2943 dum
330 2879 580 2962 longitudinem,
595 2900 664 2943 non
681 2880 863 2943 secundum
878 2877 1086 2941 latitudinem
1098 2876 1118 2941 ¹.
1164 2877 1273 2940 Docet
1296 2877 1385 2940 enirn

234 2984 391 3047 Euclides
420 2984 454 3046 in
483 2984 648 3047 tricesima
681 2980 799 3047 tertia¹
827 2980 1052 3065 propositione
1078 2982 1120 3045 de
1147 2980 1309 3063 Speculis,
1337 2982 1384 3044 sic
1466 3030 1471 3039 .

233 3087 365 3171 figurari
384 3088 564 3170 speculum,
579 3099 617 3152 ut
632 3088 845 3171 congregatio
866 3087 1033 3151 radiorum
1050 3086 1109 3150 frat
1129 3097 1208 3151 ante
1231 3095 1265 3148 et
1286 3094 1385 3162 retro,

234 3193 325 3274 quod
340 3192 482 3273 qualiter
497 3192 602 3276 possit
616 3192 764 3275 intelligi,
779 3200 967 3274 exponetur
981 3188 1123 3255 interius.

634 3448 861 3516 cinnoma
885 3448 985 3512 VIII.

278 3598 418 3663 Habens
442 3620 541 3663 unam
566 3600 739 3664 veritatem
765 3598 991 3683 principalem,
1014 3606 1049 3661 et
1078 3606 1144 3661 tres
1172 3596 1385 3661 incidentales

233 3703 285 3767 vel
307 3724 465 3768 annexas.

278 3862 409 3927 Deinde
424 3864 660 3928 consideranda
683 3872 734 3927 est
754 3862 985 3945 multiplicatio
1008 3860 1188 3926 secundum
1205 3859 1336 3945 figuras,
1352 3872 1386 3927 et
1398 3876 1467 3941 Rays
1478 3876 1541 3925 nom

233 3976 326 4051 patet
352 3971 443 4050 quod
470 3967 701 4051 multiplicatio
729 3978 781 4031 est
807 3966 980 4050 sphaerica
1003 3965 1204 4044 naturaliter,
1227 3967 1385 4048 quoniam
1398 3944 1523 4072 ssfffgssdl'

265 4134 273 4163 ι
290 4134 347 4183 The
358 4134 493 4184 definition
505 4136 529 4185 is
537 4143 583 4185 not
593 4136 665 4197 quite
675 4118 809 4194 eluebat
820 4134 945 4197 pfobgbqy
958 4133 1083 4181 indicates
1095 4132 1152 4182 that
1164 4133 1208 4181 the
1219 4124 1318 4181 sect-ion
1329 4149 1385 4183 was
1398 4073 1496 4137 equally
1509 4088 1534 4122 in

232 4222 260 4261 to
271 4214 304 4261 be
315 4215 391 4262 made
402 4214 508 4276 parallel
525 4222 553 4263 to
564 4214 609 4263 tlte
620 4215 677 4263 side
688 4214 717 4261 ot
725 4214 771 4262 the
781 4229 856 4273 cone,
868 4213 884 4262 i
894 4228 917 4262 e.
928 4226 984 4261 was
996 4218 1024 4260 to
1035 4211 1067 4259 be
1079 4226 1095 4259 a
1106 4210 1233 4273 parabola.

264 4290 275 4319 ¹
291 4292 348 4340 The
365 4292 455 4341 Greek
471 4294 579 4355 original
597 4292 627 4341 ol
640 4294 684 4341 the
702 4292 848 4354 Catoptnbu,
865 4291 1005 4341 attributed
1022 4296 1050 4338 to
1072 4288 1169 4347 Euclid,
1188 4288 1250 4350 only
1266 4288 1385 4339 contains

232 4371 375 4433 thirty-one
392 4372 574 4434 propositions
611 4370 663 4420 But
679 4372 731 4419 tbis
745 4371 829 4430 work,
845 4369 1000 4419 considered
1011 4369 1047 4431 by
1058 4368 1102 4417 the
1119 4368 1177 4417 best
1188 4368 1341 4417 authorities
1358 4375 1386 4417 to

232 4451 265 4499 be
276 4451 307 4499 ol
315 4450 354 4499 iar
364 4452 430 4499 later
440 4452 509 4509 date,
526 4450 642 4512 possibly
651 4451 687 4512 by
698 4450 799 4508 Theon,
811 4450 859 4497 bas
875 4464 950 4497 corne
967 4450 1046 4497 down
1064 4454 1092 4496 to
1107 4462 1138 4495 us
1155 4446 1181 4494 in
1198 4462 1232 4495 an
1250 4447 1386 4509 imperfect

231 4536 305 4579 state.
327 4529 384 4577 The
395 4527 464 4577 book
474 4528 514 4577 De
523 4528 642 4591 speculis,
650 4529 789 4577 attributed
801 4536 829 4577 to
841 4528 942 4587 Euclid,
952 4528 1033 4577 exists
1045 4526 1108 4588 only
1119 4526 1146 4573 in
1158 4541 1174 4574 a
1187 4524 1260 4573 Latin
1271 4526 1383 4575 version.

233 4607 257 4657 lt
274 4622 385 4670 appears
401 4614 428 4655 to
444 4608 476 4656 be
494 4608 572 4656 taken
584 4608 649 4656 from
660 4607 704 4655 the
717 4606 862 4668 Catoptnon.
899 4605 951 4654 See
966 4604 1106 4666 Heiberg's
1120 4605 1218 4653 edition
1236 4604 1265 4653 os
1274 4603 1386 4653 Euclid's

233 4687 327 4751 opaea,
342 4686 538 4750 Prolegotnena,
551 4702 593 4750 pp.
607 4684 660 4735 l-li.
693 4685 737 4735 On
750 4684 882 4748 parabolic
894 4683 1001 4734 mirrors
1012 4684 1045 4737 cl.
1057 4684 1109 4735 vol.
1121 4684 1140 4735 i.
1151 4698 1178 4747 p.
1190 4685 1244 4733 116.
