3542 5359
400 659 594 720 MORALIS
618 661 937 721 PHILOSOPHIA:
971 663 1086 722 PARS
1114 661 1278 722 TERTIA.
1353 679 1413 741 341

259 818 439 905 jocumque
453 821 539 888 inter
561 824 655 887 seria.
701 823 865 888 Desinant
886 843 967 906 ergo
989 822 1254 889 inconvenientia
1276 825 1414 908 jungere

262 935 296 988 et
325 927 438 991 virtuti
467 927 674 1009 voluptatem
708 927 879 1008 implicare
915 948 973 1011 per
1003 930 1093 1009 quod
1118 928 1233 992 vitium
1260 929 1413 1012 pessimis

261 1030 448 1112 quibusque
463 1031 648 1095 adulantur.
692 1030 753 1094 Ille
768 1031 891 1094 effusus
907 1031 940 1096 in
952 1031 1151 1115 voluptates,
1164 1031 1410 1097 ructabundus¹

261 1153 392 1216 semper
406 1145 508 1217 atque
522 1135 642 1213 ebrius,
657 1134 735 1216 quia
751 1135 812 1199 scit
832 1156 869 1198 se
892 1155 968 1198 cum
984 1135 1157 1217 voluptate
1172 1138 1291 1214 vivere,
1307 1139 1412 1202 credit

260 1246 384 1302 etcum
395 1239 527 1302 virtute.
575 1239 682 1303 Audit
698 1240 785 1302 enirn
797 1239 1004 1322 voluptatem
1020 1241 1161 1322 separari
1176 1263 1196 1304 a
1208 1241 1329 1305 virtute
1343 1262 1410 1306 non

261 1360 377 1421 posse;
400 1344 520 1406 deinde
535 1343 625 1406 vitiis
643 1345 711 1406 suis
731 1343 928 1426 sapientiam
952 1344 1107 1417 inscribit,
1125 1355 1158 1408 et
1174 1346 1408 1409 abscondenda

260 1445 442 1526 profitetur.
490 1447 608 1528 ltaque
629 1494 636 1507 .
659 1494 667 1510 .
688 1495 695 1510 .
717 1447 805 1509 vitiis
829 1447 934 1510 dediti
956 1459 1192 1530 ...quaerunt
1216 1449 1409 1513 libidinibus

258 1550 325 1612 suis
354 1551 575 1632 patrocinium
606 1551 741 1632 aliquod
771 1571 810 1614 ac
839 1550 1086 1627 velamentum3
1123 1563 1157 1616 et
1187 1553 1278 1635 quod
1308 1573 1409 1618 unum

258 1653 427 1718 habebant
442 1655 475 1717 in
492 1654 588 1718 malis
602 1656 729 1718 bonurn
744 1656 897 1735 perdunt,
907 1656 1065 1736 peccandi
1079 1659 1312 1721 verecundiam
1326 1655 1332 1678 ’
1350 1708 1358 1722 .
1376 1706 1383 1720 .
1401 1709 1407 1720 .

301 1758 444 1821 ‘Parum
467 1769 518 1822 est
541 1758 692 1822 luxuriae
713 1759 804 1840 quod
826 1769 965 1822 naturae
986 1759 1067 1822 satis
1089 1771 1140 1823 est
1159 1807 1167 1824 .
1191 1807 1199 1822 .
1222 1805 1230 1824 .
1248 1761 1408 1844 Quisquis
1420 1777 1485 1842 Cap.
1500 1793 1536 1841 ¹3-

258 1864 301 1926 ad
323 1863 481 1926 virtutem
507 1864 646 1927 accessit
667 1863 761 1926 dedit
786 1882 966 1945 generosae
992 1864 1114 1928 indolis
1140 1866 1294 1948 speciem.
1341 1866 1415 1949 Qui·

257 1965 462 2049 voluptatem
485 1969 634 2049 sequitur
655 1962 815 2054 [videtur]
832 1968 958 2031 enervis
970 1964 983 2002 ²
993 1967 1114 2031 fractus
1125 1971 1342 2051 degenerans,
1358 1971 1409 2033 vir

257 2084 473 2152 perventurus
489 2072 522 2133 in
541 2072 660 2152 turpia,
683 2070 745 2134 nisi
767 2071 888 2151 aliquis
903 2071 1093 2136 distinxerit
1110 2074 1139 2134 ei
1155 2074 1353 2155 voluptates,
1370 2087 1407 2140 ut

257 2176 340 2239 sciat
363 2197 450 2259 quae
471 2197 515 2238 ex
539 2176 587 2238 eis
609 2175 696 2238 intra
726 2173 876 2238 naturale
905 2177 1105 2239 desiderium
1129 2177 1299 2250 desistant,
1321 2198 1408 2260 quae

255 2300 414 2362 praeceps
428 2281 575 2344 ferantur
588 2277 800 2361 infinitaeque
813 2280 880 2342 sint
899 2289 932 2342 et
948 2301 1013 2362 quo
1027 2281 1131 2362 magis
1147 2280 1325 2362 implentur
1338 2281 1352 2320 ³
1366 2303 1406 2346 eo

255 2385 362 2465 magis
384 2383 600 2466 inexplebiles
623 2430 631 2444 .
655 2430 663 2446 .
687 2429 695 2443 .
719 2383 798 2446 Non
820 2393 872 2448 est
899 2382 1023 2447 bonum
1056 2385 1147 2465 quod
1179 2387 1407 2468 magnitudine

256 2486 385 2552 laborat
400 2487 479 2550 sua!

298 2592 365 2655 ‘Et
388 2592 414 2654 si
445 2589 578 2675 placet⁴
600 2591 664 2655 ista
690 2589 843 2672 junctura
865 2590 996 2656 virtutis
1027 2600 1060 2654 et
1089 2591 1278 2674 voluptatis,
1302 2593 1406 2658 virtus

254 2698 439 2770 antecedat,
469 2695 647 2759 comitetur
675 2695 840 2778 voluptas,
867 2707 902 2759 et
931 2697 1019 2759 circa
1048 2716 1187 2778 corpora
1216 2707 1253 2760 ut
1286 2698 1405 2761 umbra
1417 2713 1572 2779 eapnqq.

252 2810 400 2863 versetur
422 2844 480 2864 ...
502 2799 699 2864 habebimus
715 2799 933 2879 voluptatem,
948 2800 1006 2862 sed
1027 2800 1156 2862 domini
1176 2798 1247 2880 ejus
1265 2809 1300 2863 et
1319 2811 1403 2864 tem·

252 2914 419 2985 peratores
435 2903 566 2968 erimus.
611 2903 751 2985 Aliquid
776 2923 837 2966 nos
860 2902 1026 2979 exorabit,
1050 2902 1130 2965 nihil
1154 2913 1261 2986 coget.
1306 2903 1402 2968 Atei

251 3009 309 3090 qui
332 3007 497 3090 voluptati
523 3007 730 3072 tradiderunt
753 3007 978 3090 principatum
1001 3017 1142 3089 utraque
1162 3027 1316 3085 caruere;
1339 3008 1403 3071 vir-

251 3122 359 3176 tutem
382 3113 550 3190 amittunt,
572 3121 607 3174 et
635 3131 703 3174 non
725 3111 788 3193 ipsi
810 3111 1017 3192 voluptatem
1048 3111 1107 3174 sed
1131 3111 1221 3193 ipsos
1247 3112 1402 3194 voluptas

250 3215 359 3293 habet,
374 3216 469 3298 cujus
491 3226 548 3280 aut
572 3216 683 3298 inopia
705 3223 902 3298 torquentur
931 3225 988 3278 aut
1011 3217 1109 3296 copia
1131 3216 1401 3298 strangulantur;

250 3321 360 3384 miseri
379 3322 406 3385 si
425 3322 621 3384 deseruntur
635 3319 679 3382 ab
695 3320 758 3398 illa,
777 3321 964 3383 miseriores
987 3320 1014 3382 si
1033 3321 1287 3384 obruuntur...
1305 3320 1401 3403 Quae

248 3446 317 3509 quo
332 3425 442 3508 plures
457 3423 667 3506 majoresque
686 3436 764 3488 sunt
778 3445 819 3488 eo
839 3423 895 3488 ille
919 3425 1027 3488 minor
1044 3419 1107 3512 [et]
1126 3426 1267 3508 plurium
1289 3445 1401 3490 servus

249 3541 299 3594 est
314 3549 413 3612 quem
432 3527 562 3592 felicem
576 3528 695 3610 vulgus
710 3527 858 3610 appellat
875 3575 883 3589 .
900 3575 908 3590 .
925 3575 933 3592 .
950 3527 1017 3611 Qui
1033 3539 1178 3594 sectatur
1192 3529 1399 3611 voluptatem

248 3633 389 3716 primam
419 3632 608 3697 libertatem
638 3631 784 3716 negligit,
815 3653 855 3696 ac
885 3652 947 3714 pro
977 3643 1091 3696 ventre
1121 3635 1298 3716 dependit:
1333 3653 1398 3696 non

247 3737 455 3819 voluptatem
470 3736 534 3801 sibi
549 3737 641 3816 emit,
651 3739 709 3800 sed
725 3757 761 3799 se
776 3737 1005 3820 voluptatibus
1014 3739 1136 3802 vendit.
1173 3735 1263 3820 Quid
1277 3747 1399 3812 tamen,

247 3841 363 3924 inquit,
384 3840 538 3924 prohibet
558 3842 592 3903 in
613 3861 715 3905 unum
738 3842 893 3904 virtutem
915 3840 978 3924 [et]
1001 3841 1208 3922 voluptatem
1231 3839 1398 3918 confundi,

246 3955 281 4010 et
296 3946 344 4010 ita
359 3943 445 4008 effici
459 3964 628 4008 summum
649 3944 784 4020 bonum,
799 3955 837 4007 ut
855 3944 943 4007 idem
965 3945 1141 4010 honestum
1164 3953 1199 4007 et
1216 3943 1397 4025 jucundum

246 4049 313 4114 sit?
347 4048 437 4131 Quia
451 4070 529 4132 pars
544 4049 676 4112 honesti
699 4069 765 4113 non
785 4059 898 4131 potest
920 4069 992 4114 esse
1012 4049 1074 4112 uisi
1092 4047 1279 4112 honestum.
1326 4048 1399 4112 Nec

246 4173 413 4218 summum
430 4152 556 4216 bonurn
572 4153 673 4218 habet
688 4154 722 4217 in
736 4174 773 4216 se
787 4153 1009 4217 sinceritatem
1022 4172 1126 4226 suam,
1138 4153 1165 4215 si
1177 4152 1302 4234 aliquid
1317 4151 1397 4216 inse

245 4257 364 4320 viderit
385 4257 545 4320 dissimile
568 4257 731 4322 meliori..
755 4306 762 4320 .
787 4257 879 4340 ‚Qui
902 4277 981 4321 vero
1003 4257 1134 4320 virtutis
1151 4255 1398 4339 voluptatisque

277 4465 286 4493 ¹
303 4465 487 4528 reptabundus,
501 4465 557 4515 MS.
979 4464 989 4494 ²
1006 4463 1120 4526 inermis,
1133 4463 1165 4514 D.

276 4543 286 4572 ⁸
302 4544 424 4605 ferantur,
434 4551 482 4606 pro
494 4545 639 4606 implentur,
653 4547 686 4594 D.

275 4626 285 4656 ⁴
303 4626 377 4676 Here
391 4627 414 4675 is
429 4627 540 4676 another
550 4627 630 4676 break
645 4627 672 4676 in
683 4627 745 4676 both
758 4627 843 4687 MSS„
856 4627 908 4676 lilre
924 4627 979 4676 that
994 4627 1082 4676 before
1100 4625 1258 4687 mentioned,
1271 4625 1297 4673 iu
1309 4625 1395 4674 which

242 4705 288 4754 the
298 4706 457 4754 mnscdber
467 4705 498 4754 oi
506 4706 537 4754 D.
548 4706 647 4769 blindly
658 4706 748 4770 copies
759 4707 804 4754 the
815 4721 888 4754 error
898 4705 928 4754 ol
937 4705 969 4756 0.
