3542 5359
388 607 584 668 MORALIS
608 610 926 672 PHILOSOPHIA:
959 614 1074 674 PARS
1102 618 1268 678 TERTIA.
1344 619 1405 699 339

252 769 410 851 quicquid
433 783 561 857 agetur,
585 775 618 837 in
649 775 775 839 bonum
805 776 912 841 exibit
942 777 1038 843 facile
1068 790 1101 844 et
1129 793 1246 864 parate
1268 792 1303 846 et
1334 783 1405 848 siue

251 875 522 957 tergiversatione
542 879 682 961 agentis.
711 878 800 943 Nam
816 883 949 966 pigritia
964 893 998 947 et
1013 884 1191 950 haesitatio
1207 907 1354 971 pugnam
1370 898 1405 950 et

252 978 509 1047 inconstantiam
534 984 690 1048 ostendit.
736 983 848 1067 Quare
878 988 1049 1052 audaciter
1080 983 1189 1076 [licet]
1221 990 1404 1074 profitearis

252 1101 420 1148 summum
440 1089 567 1152 bonum
585 1109 660 1153 esse
680 1089 781 1152 animi
802 1091 1015 1154 concordiam
1026 1090 1048 1157 ¹.
1088 1093 1240 1157 Virtutes
1255 1096 1343 1158 enim
1361 1094 1404 1158 ibi

252 1207 326 1250 esse
341 1189 510 1257 debebunt
527 1193 583 1256 ubi
599 1213 779 1257 consensus
794 1203 897 1276 atque
912 1197 1022 1258 unitas
1038 1198 1114 1262 erit:
1137 1199 1299 1262 dissident
1313 1199 1403 1263 vitia.

297 1291 384 1357 ‘Sed
406 1305 455 1374 tu,
477 1299 592 1380 inquit,
615 1318 682 1361 non
704 1297 750 1360 ob
778 1297 867 1361 aliud
897 1299 1054 1364 virtutem
1084 1303 1166 1366 colis
1195 1323 1295 1384 quam
1326 1302 1404 1385 quia
1417 1313 1480 1381 Cap.
1493 1331 1517 1378 9·

252 1394 399 1478 aliquam
422 1422 465 1463 ex
489 1401 545 1466 illa
567 1402 697 1484 quaeris
719 1402 952 1484 voluptatem.
974 1451 981 1465 .
1004 1452 1012 1468 .
1033 1405 1122 1478 Non,
1145 1407 1172 1470 si
1196 1406 1403 1489 voluptatem

253 1512 459 1580 praestatura
474 1505 577 1570 virtus
596 1515 656 1582 est,
671 1507 748 1570 ideo
767 1518 903 1590 propter
920 1507 1006 1573 hanc
1025 1509 1148 1592 petitur
1165 1559 1172 1572 .
1189 1557 1196 1572 .
1213 1560 1221 1575 .
1236 1511 1293 1574 sed
1311 1510 1405 1575 labor

252 1603 333 1685 ejus,
357 1610 508 1689 quamvis
530 1611 621 1676 aliud
646 1620 748 1692 petat,
770 1611 835 1676 hoc
858 1632 992 1696 quoque
1014 1624 1216 1694 assequetur.
1260 1613 1353 1679 Sicut
1369 1615 1403 1678 in

252 1728 333 1774 arvo
354 1715 442 1794 quod
464 1716 662 1797 proscissum
680 1725 732 1780 est
754 1717 871 1802 segeti,
891 1715 990 1799 aliqui
1012 1717 1108 1782 flores
1129 1719 1403 1796 internascuntun

253 1833 320 1878 non
341 1825 455 1882 tamen
486 1819 562 1883 huic
592 1820 759 1896 herbulae,
782 1821 934 1902 quamvis
956 1820 1100 1886 delectet
1123 1821 1245 1896 oculos
1269 1833 1402 1912 tantum

252 1921 361 2001 operis
383 1923 587 2006 insumptum
611 1936 671 1989 est.
717 1923 822 1989 Aliud
853 1923 914 1990 luit
948 1927 1068 1989 serenti
1097 1929 1318 2010 propositum,
1339 1927 1404 1992 hoc

252 2029 450 2107 supervenit.
508 2028 564 2093 Sic
586 2039 620 2093 et
642 2029 798 2111 voluptas
820 2049 888 2092 non
911 2038 961 2092 est
985 2049 1111 2093 merces
1135 2050 1195 2095 nec
1218 2051 1317 2096 causa
1339 2035 1403 2095 vir·

252 2131 341 2207 tutis,
359 2133 417 2196 sed
433 2133 597 2198 accessio.
613 2184 621 2197 .
638 2183 645 2199 .
663 2132 840 2198 Summum
861 2134 986 2196 bonum
1006 2133 1040 2196 in
1061 2134 1133 2215 ipso
1152 2134 1278 2214 judicio
1298 2147 1349 2199 est
1370 2145 1403 2198 et

251 2234 366 2300 habitu
382 2239 529 2319 optimae
550 2238 681 2315 mentis,
695 2258 782 2320 quae
802 2258 877 2301 cum
893 2258 989 2302 suum
1006 2237 1167 2320 implevit,
1182 2248 1216 2300 et
1232 2237 1353 2302 finibus
1369 2259 1404 2302 se

252 2340 320 2403 suis
335 2341 450 2420 cinxit,
464 2353 730 2406 consummatum
748 2353 798 2405 est
816 2362 985 2405 summum
1005 2342 1130 2404 bonum
1148 2341 1403 2424 necquicquam

252 2445 396 2528 amplius
426 2447 599 2511 desiderat
645 2446 738 2510 Nihil
761 2446 850 2509 enim
875 2457 970 2510 extra
994 2455 1102 2510 totum
1126 2457 1185 2521 est,
1209 2464 1269 2510 nec
1297 2446 1404 2527 magis

252 2567 352 2630 quarn
369 2546 455 2612 ultra
470 2548 578 2614 finem.
625 2549 743 2633 Itaque
758 2569 847 2612 erras
863 2570 938 2612 cum
961 2551 1143 2632 interrogas
1161 2549 1242 2631 quid
1264 2547 1307 2613 sit
1322 2548 1403 2612 illud

253 2662 387 2734 propter
412 2653 501 2734 quod
534 2653 691 2717 virtutem
715 2662 847 2736 petam3
884 2654 1016 2735 quaeris
1038 2653 1125 2716 enim
1148 2652 1275 2735 aliquid
1305 2672 1404 2733 supra

251 2774 429 2820 summum.
477 2757 674 2839 interrogas,
691 2759 771 2839 quid
787 2767 900 2838 petam
917 2777 960 2820 ex
982 2757 1125 2820 virtute?
1150 2756 1266 2837 ipsam.
1312 2755 1404 2817 Nihil

252 2860 340 2923 enim
364 2860 465 2924 habet
487 2860 612 2936 melius,
634 2862 706 2943 ipsa
737 2861 882 2942 pretium
906 2860 955 2922 sui
980 2907 987 2920 .
1012 2907 1019 2920 .
1043 2909 1049 2923 .
1075 2859 1160 2923 Curn
1184 2860 1272 2922 enim
1295 2859 1403 2922 dicam

252 2984 421 3028 summum
443 2965 568 3030 bonurn
592 2976 643 3028 est
664 2964 824 3046 infragilis
845 2963 948 3028 animi
971 2964 1059 3047 rigor
1082 2973 1115 3027 et
1139 2963 1347 3046 providentia
1369 2972 1403 3026 et

252 3066 416 3132 subtilitas
438 3080 472 3133 et
492 3070 618 3134 sanitas
640 3081 674 3134 et
695 3068 829 3132 libertas
852 3080 886 3132 et
908 3069 1084 3132 concordia
1105 3077 1139 3131 et
1157 3069 1267 3131 decor.
1313 3066 1402 3150 Quid

253 3170 334 3235 mihi
350 3172 557 3255 voluptatem
573 3174 745 3237 nominas?
770 3171 915 3236 hominis
930 3171 1054 3236 bonum
1071 3165 1244 3258 [quaero].’

298 3275 343 3340 Et
365 3276 444 3358 quia
465 3275 637 3340 cavillator
665 3276 780 3341 statim
811 3277 937 3340 diceret
966 3276 1057 3357 quod
1089 3294 1155 3338 non
1186 3274 1332 3356 loquitur
1361 3277 1534 3354 deCap.10.

251 3378 426 3462 voluptate
463 3379 586 3444 carnali
623 3381 682 3444 sed
718 3379 879 3462 spirituali
917 3389 952 3443 et
990 3378 1138 3457 mentali,
1169 3379 1246 3444 ideo
1279 3379 1405 3444 inducit

251 3484 389 3548 verbum
406 3483 592 3548 cavillantis
606 3482 816 3547 excludentis
836 3483 1002 3546 carnalem
1020 3483 1237 3565 voluptatem,
1254 3495 1290 3547 ut
1306 3483 1405 3547 aliam

251 3589 363 3653 virtuti
379 3591 456 3665 det3
478 3597 615 3670 propter
630 3589 721 3670 quod
736 3588 784 3652 sic
799 3589 845 3650 ait
861 3607 939 3669 ergo
955 3587 1133 3664 cavillator,
1147 3591 1154 3618 ‘
1168 3585 1324 3668 Quaero²
1340 3607 1405 3650 non

250 3693 376 3757 ventris
390 3692 447 3775 qui
462 3690 645 3774 pecudibus
660 3712 699 3755 ac
715 3691 820 3754 beluis
836 3690 944 3753 laxior
958 3701 1018 3754 est.
1065 3691 1271 3768 Dissimulas,
1287 3691 1406 3774 inquit,

250 3797 341 3879 quod
356 3818 377 3860 a
393 3797 598 3860 medicatur.
646 3795 721 3879 Ego
736 3797 823 3858 enim
841 3814 927 3878 nego
946 3815 1133 3876 quenquam
1148 3815 1246 3877 posse
1258 3795 1404 3877 jucunde

249 3901 360 3964 vivere
382 3900 444 3962 nisi
477 3898 578 3962 simul
601 3909 635 3962 et
657 3899 795 3962 honeste
817 3897 921 3976 vivit;
951 3901 1041 3980 quod
1065 3918 1132 3962 non
1162 3909 1273 3980 potest
1303 3900 1404 3962 mutis

250 4003 443 4084 contingere
467 4003 677 4077 animalibus,
699 4023 760 4066 nec
790 4001 917 4065 bonum
948 4023 1045 4065 suum
1075 4002 1150 4065 cibo
1179 4002 1402 4064 metientibus,

252 4102 359 4182 Clare,
375 4105 492 4188 inquit,
504 4118 539 4170 et
554 4107 665 4188 palam
681 4115 785 4170 testor
797 4104 882 4169 hanc
898 4106 1012 4180 vitam,
1024 4126 1126 4188 quam
1142 4125 1206 4188 ego
1218 4105 1402 4187 jucundam

251 4229 344 4284 voco,
355 4229 421 4274 non
432 4211 502 4275 sine
518 4211 651 4293 adjecta
666 4210 788 4274 virtute
802 4209 1013 4292 contingere?
1050 4209 1118 4274 Sed
1136 4207 1264 4274 Seneca
1281 4209 1403 4290 obviat,

250 4314 363 4378 dicens
379 4315 469 4397 quod
489 4314 644 4397 voluptas
660 4334 725 4378 non
740 4312 849 4402 solum
865 4323 916 4378 est
932 4315 965 4376 in
985 4314 1064 4394 gula
1084 4323 1119 4375 et
1138 4313 1278 4388 luxuria,
1293 4315 1351 4377 sed
1369 4316 1401 4376 in

249 4417 324 4482 aliis
345 4418 436 4482 vitiis
467 4418 703 4500 spiritualibus,
725 4417 803 4501 quia
833 4416 985 4480 homines
1016 4417 1062 4480 ita
1091 4418 1237 4500 gaudent
1268 4417 1301 4481 in
1331 4416 1404 4480 aliis

316 4579 323 4607 ¹
392 4595 407 4627 s
465 4579 472 4591 '
558 4616 565 4630 .

316 4657 326 4686 ¹
341 4580 556 4707 lrlnsetbrbtiim'th?
557 4673 667 4722 passage
677 4673 749 4721 runs,
761 4659 768 4682 ‘
779 4657 899 4707 Hominis
910 4657 1004 4706 bonum
1018 4671 1121 4719 quaero,
1136 4673 1187 4707 non
1201 4655 1315 4718 ventris?
1326 4663 1376 4707 etc.

794 4751 850 4801 Η
