3542 5359
414 629 477 691 510
589 607 591 609 ’
686 612 1023 671 MULTIPLICATIO
1047 610 1304 671 SPECIERUM.

415 776 489 839 telis
512 778 554 839 de
576 776 709 852 Anima,
734 777 823 857 quod
851 776 977 857 species
1003 776 1049 839 rei
1076 776 1257 857 corporalis
1282 774 1390 837 habet
1422 794 1507 837 esse
1536 774 1597 835 im-

417 879 588 943 materiale
612 892 646 943 et
672 900 744 943 esse
774 880 944 962 spirituale
966 881 999 942 in
1028 881 1158 955 medi03
1189 881 1369 944 dicendum
1402 888 1473 947 est,
1500 878 1594 959 quod

416 986 548 1049 omnino
560 985 809 1067 intelligendum
823 995 874 1048 est
885 985 928 1048 de
942 1004 1013 1047 esse
1024 984 1214 1057 insensibili,
1228 986 1269 1047 ad
1285 985 1379 1065 quod
1395 983 1530 1064 vulgus
1543 981 1594 1044 vel

416 1088 595 1153 translator
616 1091 717 1153 traxit
739 1090 803 1153 hoc
826 1108 947 1151 nomen
971 1089 1150 1169 spirituale,
1166 1099 1301 1171 propter
1322 1087 1593 1150 similitudinem

417 1214 524 1257 rerum
546 1194 766 1275 spiritualium
785 1196 828 1256 ad
846 1192 1061 1256 insensibiles.
1110 1192 1199 1256 Nam
1222 1213 1271 1255 res
1286 1192 1491 1273 spirituales
1511 1200 1593 1253 sunt

416 1299 630 1374 insensibiles,
646 1308 680 1361 et
703 1300 777 1361 ideo
798 1299 1016 1361 convertimus
1039 1317 1224 1361 sermonem
1246 1297 1428 1379 vulgariter
1452 1307 1591 1359 transu-

418 1412 545 1466 mentes
560 1403 623 1466 hoc
638 1422 759 1465 nomen
775 1402 967 1464 insensibile
983 1402 1025 1463 ad
1042 1402 1220 1483 spirituale,
1232 1410 1269 1463 ut
1284 1420 1386 1465 omne
1399 1403 1501 1481 quod
1523 1420 1590 1462 non

417 1507 518 1569 habet
539 1528 611 1569 esse
625 1506 779 1569 sensibile
803 1507 898 1569 nobis
921 1506 1049 1570 dicatur
1072 1506 1195 1570 habere
1217 1526 1289 1569 esse
1311 1504 1532 1587 intelligibile
1557 1514 1590 1567 et

416 1611 594 1692 spirituale,
640 1609 696 1673 Sic
714 1609 882 1691 spirituale
902 1620 952 1672 est
971 1611 1151 1691 aequivoce
1168 1621 1353 1691 acceptum,
1369 1620 1405 1671 et
1426 1618 1589 1671 remanet

416 1715 576 1777 veraciter
601 1715 644 1776 de
670 1724 788 1777 natura
814 1714 986 1795 corporali,
1014 1724 1048 1776 et
1078 1716 1258 1777 secundum
1289 1734 1362 1777 esse
1392 1713 1589 1794 corporale

418 1819 464 1882 Et
482 1818 559 1881 ideo
570 1821 660 1899 quod
673 1818 871 1881 Aristoteles
886 1818 968 1882 dicit
984 1819 1129 1881 secundo
1145 1820 1187 1883 de
1202 1818 1337 1895 Anima,
1347 1819 1443 1898 quod
1460 1836 1588 1879 sensus

417 1923 554 2006 suscipit
589 1924 716 2003 species
747 1922 952 1986 sensibilium
991 1924 1061 1985 sine
1098 1923 1256 1999 materia;
1294 1923 1480 1986 dicendum
1524 1933 1588 1996 est,

417 2030 507 2108 quod
536 2028 605 2109 ipse
630 2027 731 2091 sumit
757 2027 802 2090 ibi
827 2028 897 2091 sine
925 2030 1073 2103 materia,
1097 2027 1159 2090 hoc
1187 2038 1238 2091 est
1262 2026 1497 2098 immateriale,
1524 2044 1588 2107 pro

416 2132 615 2207 insensibili;
649 2152 715 2194 non
750 2152 811 2215 pro
843 2130 1015 2213 spirituali,
1047 2134 1225 2195 secundum
1261 2132 1351 2213 quod
1388 2132 1588 2212 opponitur

416 2236 587 2317 corporali.
618 2234 687 2299 Sed
701 2236 729 2298 si
744 2236 915 2299 cavillator
929 2237 1017 2299 dicat
1035 2237 1161 2318 species
1180 2236 1303 2299 habere
1319 2256 1392 2298 esse
1407 2236 1587 2307 sensibile,

417 2347 455 2398 ut
471 2345 563 2416 patet
578 2336 621 2398 de
636 2335 726 2398 radio
747 2335 888 2399 cadente
902 2356 960 2418 per
976 2334 1163 2409 fenestram,
1179 2347 1212 2400 et
1230 2337 1272 2400 de
1290 2337 1401 2417 specie
1423 2335 1586 2399 colorum

416 2440 561 2512 sortium,
579 2450 615 2501 ut
638 2449 730 2520 patet
752 2459 829 2502 cum
853 2441 965 2503 radius
988 2450 1141 2523 penetrat
1160 2441 1243 2502 vitra
1262 2440 1315 2503 vel
1337 2459 1470 2522 pannos
1494 2441 1587 2503 bene

416 2544 591 2619 coloratos,
603 2544 672 2626 jam
696 2542 861 2606 solutum¹
884 2554 935 2607 est
960 2544 1101 2626 primum
1126 2546 1216 2625 quod
1238 2544 1301 2608 hoc
1324 2556 1376 2607 est
1400 2544 1433 2605 in
1460 2546 1586 2625 paucis
1665 2600 1666 2629 ,

416 2649 599 2730 speciebus,
615 2660 648 2711 et
669 2649 702 2710 in
722 2648 785 2713 illis
807 2649 976 2731 inquibus
997 2658 1047 2712 est
1065 2650 1187 2713 accidit
1208 2659 1241 2713 et
1262 2668 1322 2730 per
1342 2648 1507 2711 accidens
1524 2660 1588 2725 est,

417 2764 454 2815 ut
470 2755 560 2836 prius
575 2753 767 2835 expositum
782 2762 843 2817 est.

250 2860 331 2937 Reply
343 2866 383 2944 10,
461 2856 562 2939 Quod
585 2867 698 2921 autem
720 2868 836 2921 contra
859 2857 1005 2920 medicos
1027 2858 1175 2920 dicentes
1201 2856 1422 2920 substantiam
1448 2860 1589 2923 cerebri

248 2928 397 3041 ᾒζξᾚξξ
417 2960 551 3025 mollem
582 2971 619 3024 ut
649 2961 785 3042 recipiat
814 2972 912 3043 aptas
942 2959 1063 3043 figuras
1092 2962 1294 3043 imaginandi
1325 2981 1367 3025 eo
1397 2962 1500 3042 quod
1536 2984 1591 3028 res

248 3058 363 3173 {3:322
417 3065 553 3128 humida
576 3065 618 3129 de
644 3064 732 3128 sacili
758 3065 873 3146 recipit
899 3065 1138 3146 impressiones,
1165 3065 1336 3129 Avicenna
1366 3064 1511 3130 decimo
1544 3071 1591 3132 de

247 3193 375 3238 character
416 3169 629 3233 Animalibus
655 3169 734 3232 dicit
759 3170 822 3232 snb
849 3169 899 3231 nis
921 3170 1050 3246 verbis;
1074 3169 1184 3232 ‘Nam
1208 3170 1338 3232 videtur
1364 3169 1446 3232 mihi
1479 3172 1593 3251 istud,

248 3255 381 3371 ffissin
417 3275 508 3354 quod
521 3294 573 3336 res
588 3272 725 3337 humida
736 3274 778 3337 de
790 3271 875 3336 sacili
888 3274 1011 3356 recepit
1023 3274 1265 3349 alterationem,
1277 3274 1336 3335 sed
1349 3293 1416 3336 non
1430 3294 1592 3354 omnem,

248 3338 322 3437 stols
417 3378 476 3440 sed
502 3376 592 3439 illam
621 3397 707 3458 quae
734 3387 785 3441 est
809 3396 886 3440 cum
913 3377 1076 3440 divisione
1101 3388 1135 3440 et
1162 3377 1354 3459 receptione
1380 3376 1590 3458 figurarum

418 3480 486 3544 Sed
511 3481 703 3561 imaginatio
726 3490 761 3544 et
782 3481 968 3544 aestimatio
992 3501 1056 3543 non
1084 3490 1162 3545 sunt
1188 3502 1264 3545 cum
1293 3493 1387 3544 motu
1415 3488 1593 3568 corporis,

416 3586 469 3650 vel
490 3585 650 3650 divisione
670 3585 782 3665 aliqua
804 3587 835 3648 in
859 3606 1008 3667 corpore,
1030 3596 1166 3668 propter
1188 3606 1274 3667 quae
1295 3586 1397 3649 verba
1420 3588 1594 3653 videatur

416 3690 507 3772 quod
539 3689 665 3769 species
699 3708 765 3752 non
795 3690 918 3752 debeat
949 3690 1071 3753 habere
1105 3709 1176 3753 esse
1209 3688 1401 3771 corporale;
1435 3702 1471 3754 et
1508 3695 1591 3759 ideo

417 3789 607 3877 spirituale’
642 3792 772 3857 Dicitur
787 3793 829 3855 ad
846 3794 910 3857 hoc
927 3795 1042 3875 primu,
1054 3796 1143 3877 quod
1159 3794 1338 3857 auctoritas
1354 3791 1592 3862 Aristotelis²

418 3898 586 3980 praevalet
616 3897 649 3959 in
679 3897 741 3959 hac
772 3906 876 3980 parte,
900 3897 1121 3961 determinans
1155 3898 1239 3961 libro
1268 3899 1311 3961 de
1342 3896 1522 3966 Memoria
1555 3914 1593 3967 et

418 4001 686 4079 Reminiscentia‚
702 4001 793 4082 quod
811 4020 907 4064 senes
927 4001 1050 4065 habent
1065 4002 1208 4066 debilem
1226 4001 1419 4064 memoriam
1439 4018 1594 4088 propter

417 4106 553 4168 nimiam
569 4105 751 4168 siccitatem
766 4125 976 4193 organorum,
991 4126 1130 4187 quorum
1146 4124 1270 4187 organa
1286 4116 1363 4168 sunt
1381 4105 1471 4169 sicut
1493 4108 1593 4193 ligna

417 4209 553 4291 antiqua
578 4206 761 4289 putrefacta
783 4229 868 4289 quae
892 4228 958 4271 non
982 4210 1067 4272 bene
1094 4210 1255 4292 recipiunt
1280 4208 1527 4290 impressiones
1555 4229 1595 4281 et

417 4312 538 4394 figuras
554 4331 662 4373 rerum
677 4334 684 4388 ;
706 4321 740 4374 et
756 4313 846 4393 pueri
860 4312 1070 4376 nihilominus
1086 4312 1210 4377 habent
1228 4312 1350 4376 malam
1367 4320 1594 4399 memoriam,

450 4442 515 4491 *ct
528 4458 552 4504 v·
566 4458 621 4503 437·

449 4520 459 4548 ¹
475 4522 514 4569 De
524 4521 655 4570 Memoria.
668 4535 723 4581 cap.
739 4535 759 4568 1.
792 4520 849 4569 The
866 4524 1014 4584 metaphora
1032 4521 1062 4571 ol
1076 4523 1189 4583 running
1207 4528 1289 4570 water
1308 4522 1360 4571 and
1379 4523 1410 4571 os
1425 4540 1443 4573 a
1461 4526 1597 4593 decayed

415 4601 528 4647 wooden
545 4599 629 4645 house
646 4613 691 4646 sre
708 4599 773 4647 used
790 4606 817 4647 to
834 4614 942 4661 express
959 4602 1003 4649 the
1020 4602 1092 4649 short
1109 4602 1247 4650 memories
1258 4600 1288 4648 ol
1295 4600 1340 4649 the
1351 4614 1448 4665 young
1463 4610 1524 4658 and
1544 4611 1596 4661 the

416 4678 459 4725 old
472 4676 650 4737 respectively.
686 4676 729 4723 On
740 4676 843 4725 neither
853 4692 901 4726 osu
913 4680 958 4727 the
970 4680 1024 4728 seal
1035 4680 1108 4728 leave
1119 4694 1135 4728 a
1147 4685 1299 4741 permanent
1310 4679 1482 4742 impressius.
