3542 5359
368 628 428 688 472
635 606 971 667 rrurrrprrcrrro
996 604 1252 665 sracrrnorr.

368 771 536 856 duplicem
562 770 763 848 fractionem,
785 771 871 834 sicut
898 778 990 852 patet
1020 767 1192 851 infigura.
1248 767 1293 831 Et
1319 767 1403 831 sicut
1427 787 1530 850 super

371 875 677 961 perpendicularem
694 874 907 958 principalem
924 882 1121 937 concurrunt
1136 875 1203 936 duo
1219 871 1301 936 radii
1316 871 1349 934 in
1366 881 1528 954 punctum

372 1000 473 1046 unum
490 1001 548 1064 per
563 979 727 1062 duplicem
744 977 949 1053 fractionem,
963 978 1009 1041 sic
1027 976 1279 1058 intelligendum
1295 984 1346 1039 est
1363 977 1408 1039 de
1421 975 1531 1038 omni·

373 1086 435 1149 bus
457 1084 558 1148 radiis
580 1083 780 1148 exeuntibus
801 1082 845 1146 ab
869 1082 986 1145 eodem
1009 1089 1134 1163 puncto
1156 1080 1243 1155 solis,
1260 1079 1316 1161 qui
1335 1089 1413 1144 sunt
1431 1078 1530 1142 nobis

374 1188 501 1253 infiniti.

797 1406 1022 1471 Carrruuurr
1045 1404 1106 1469 IV.

206 1591 325 1668 Celerem
419 1581 599 1661 Postquam
615 1590 727 1644 autem
744 1579 920 1643 manifesta
936 1583 986 1644 est
1001 1580 1144 1644 varietas
1164 1580 1247 1645 haec
1265 1579 1298 1643 in
1313 1577 1531 1643 fractionibus

206 1659 344 1708 terracina.
375 1685 557 1768 specierum
592 1693 626 1747 et
661 1684 823 1748 virtutum
858 1685 1028 1765 agentium
1063 1683 1366 1767 multiplicatamm,
1397 1689 1532 1766 oportet

376 1789 582 1852 considerare
599 1788 630 1850 in
648 1789 767 1871 quibus
782 1789 974 1870 corporibus
991 1789 1107 1852 mundi
1123 1788 1358 1871 principalibus
1374 1785 1533 1870 possibile

377 1892 518 1956 estheri
549 1893 636 1956 hanc
663 1890 865 1968 fractionem,
888 1902 925 1955 ut
950 1893 1102 1957 videatur
1129 1894 1162 1955 in
1189 1893 1309 1974 quibus
1336 1890 1533 1973 frangantur

376 1997 514 2061 virtutes
540 1993 707 2060 coelorum
731 2005 765 2060 et
792 1997 824 2058 in
852 1996 973 2080 quibus
1002 2017 1076 2062 non.
1122 1997 1184 2059 Per
1206 1996 1269 2060 hoc
1300 1996 1387 2058 enim
1411 1993 1532 2059 certifi-

377 2101 506 2163 cabitur
521 2109 638 2182 postea
653 2100 826 2164 diversitas
841 2101 981 2164 actionis
997 2098 1164 2164 stellarum
1188 2101 1220 2164 in
1237 2100 1348 2163 omnia
1369 2098 1533 2162 inferiora.

221 2277 226 2286 ¹
275 2276 281 2287 ,
342 2236 352 2246 ·
423 2202 468 2268 Et
488 2205 596 2288 primo
617 2205 797 2267 secundum
815 2205 907 2286 quod
923 2205 955 2266 in
975 2223 1113 2286 corpore
1134 2204 1269 2268 coelesti
1285 2223 1351 2267 non
1368 2201 1406 2267 fit
1421 2201 1534 2284 aliqua

287 2341 292 2354 ·
379 2302 496 2367 fractio
516 2303 678 2367 sensibilis
697 2324 758 2367 nec
777 2304 821 2366 de
841 2322 907 2384 qua
928 2304 1109 2366 curandum
1131 2311 1191 2382 est,
1207 2313 1341 2386 propter
1361 2300 1534 2366 uniformi·

310 2442 317 2467 ‚
379 2416 484 2470 tatem
506 2407 658 2471 coelestis
678 2407 850 2490 perspicui.
898 2407 1031 2471 Fractio
1050 2407 1138 2471 enirn
1161 2427 1227 2470 non
1248 2417 1300 2470 est
1320 2405 1382 2470 nisi
1397 2406 1534 2488 quando

272 2539 277 2549 ·
380 2511 519 2575 occurrit
541 2529 661 2592 corpus
681 2511 865 2575 secundum
888 2511 1023 2575 alterius
1048 2511 1326 2595 diaphaneitatis;
1352 2511 1410 2574 sed
1435 2511 1534 2574 orbes

381 2615 541 2679 coelestes
570 2625 647 2679 sunt
678 2614 827 2699 ejusdem
857 2615 1125 2698 diaphaneitatis‚
1155 2625 1213 2678 aut
1242 2615 1443 2697 simpliciter,
1473 2623 1534 2677 aut

380 2719 491 2802 quoad
507 2739 640 2783 sensum
656 2728 806 2783 nostrum
820 2744 828 2796 3
852 2729 987 2803 propter
1002 2720 1092 2801 quod
1105 2720 1186 2782 radii
1203 2719 1373 2782 stellarum
1390 2717 1535 2781 fixarum

380 2844 446 2888 non
463 2833 659 2907 reputantur
674 2821 781 2906 frangi
796 2824 828 2886 in
844 2824 993 2906 sphaeris
1010 2823 1229 2906 planetarum,
1242 2844 1303 2887 nec
1319 2824 1401 2887 radii
1418 2823 1536 2907 plane·

380 2938 489 2992 tarum
506 2929 710 3010 superionrm
732 2928 765 2989 in
785 2927 932 3009 sphaeris
956 2927 1154 3002 inferiorum,
1169 2929 1321 3010 quamvis
1347 2928 1413 2992 sint
1436 2928 1536 2991 orbes

382 3032 528 3114 contigui
552 3040 585 3096 et
608 3033 810 3096 diversarum
835 3031 1091 3114 superficierum.
1135 3033 1194 3096 Ad
1221 3030 1414 3098 fractionem
1437 3031 1537 3106 enim,

382 3146 419 3200 ut
436 3137 516 3199 satis
531 3147 658 3200 tactum
674 3146 725 3199 est
743 3140 923 3201 secundum
940 3138 1141 3201 documenta
1161 3147 1344 3212 auctorum,
1362 3136 1538 3219 requiritur

383 3242 473 3325 quod
494 3261 614 3324 corpus
634 3241 815 3305 secundum
836 3242 880 3304 sit
903 3239 1037 3306 alterius
1051 3241 1307 3326 diaphaneitatis
1326 3263 1347 3304 a
1367 3241 1485 3323 primo,
1500 3251 1537 3304 et

383 3343 447 3408 hoc
461 3345 670 3423 sensibiliter,
682 3347 709 3407 si
722 3344 886 3426 judicium
899 3356 1047 3409 nostrum
1060 3347 1181 3411 debeat
1194 3365 1266 3410 esse
1282 3345 1335 3410 hic
1348 3357 1386 3410 ut
1395 3355 1539 3422 curetur,

385 3449 475 3513 unde
490 3468 557 3512 non
573 3451 736 3513 invenitur
757 3470 816 3531 per
835 3451 1054 3514 instrumenta
1074 3450 1249 3515 diversitas
1269 3448 1435 3513 sensibilis
1451 3469 1540 3531 quae

384 3562 573 3616 causaretur
594 3571 638 3615 ex
659 3552 817 3616 fractione
838 3554 870 3618 in
892 3553 995 3629 coelo,
1010 3573 1071 3617 nec
1088 3563 1240 3619 auctores
1259 3553 1324 3619 hoc
1340 3553 1541 3636 percipiunt,

384 3658 443 3722 sed
459 3665 652 3738 supponunt
667 3676 733 3719 non
749 3678 831 3720 esse.

431 3760 497 3825 Sed
522 3762 554 3823 in
577 3760 750 3844 superficie
775 3757 882 3844 ignis¹
907 3760 1101 3846 franguntur
1123 3782 1238 3825 omnes
1261 3763 1343 3825 radii
1372 3782 1437 3825 non
1465 3781 1541 3844 per·

389 3866 634 3949 pendiculares;
660 3876 694 3930 et
713 3865 777 3930 hoc
801 3865 873 3930 vult
896 3867 1106 3932 Ptolemaeus
1125 3869 1242 3950 quinto
1262 3867 1482 3949 Aspectuum,
1504 3877 1541 3931 et

388 3969 539 4034 Alhazen
563 3971 595 4036 in
616 3972 769 4054 septimo,
784 3980 819 4034 et
841 3971 1071 4036 demonstrant
1093 3971 1156 4037 hoc
1179 3992 1238 4054 per
1259 3973 1544 4036 considerationes

389 4077 692 4139 instrumentorum.
738 4074 784 4140 Et
795 4084 929 4158 propter
940 4075 1218 4158 pulchritudinem
1234 4075 1350 4139 harum
1360 4075 1543 4140 veritatum

388 4188 421 4242 et
457 4177 672 4262 probationis,
686 4179 765 4244 volo
798 4181 937 4244 recitare
967 4179 1067 4245 verba
1098 4179 1202 4244 multa
1232 4181 1397 4243 dictorum
1430 4179 1542 4262 philo-

387 4283 577 4365 sophorum,
607 4293 771 4364 quatenus
800 4287 987 4348 evidentius
1022 4293 1056 4348 et
1086 4286 1207 4348 certius
1241 4293 1424 4367 appareant
1454 4304 1544 4367 quae

421 4431 430 4462 ¹
448 4433 471 4482 It
486 4431 541 4480 will
557 4433 590 4480 be
606 4447 672 4481 seen
688 4434 754 4482 from
767 4434 819 4483 this
834 4450 944 4497 passage
956 4435 1012 4483 that
1023 4435 1068 4483 the
1084 4436 1180 4498 sphere
1198 4433 1228 4482 of
1242 4434 1288 4482 fire
1300 4449 1355 4482 was
1367 4433 1494 4494 regarded
1511 4450 1544 4484 as

388 4511 519 4572 identical,
531 4519 598 4560 orat
608 4527 661 4572 any
672 4519 727 4560 rate
743 4527 772 4560 as
788 4513 818 4560 os
829 4514 875 4561 the
885 4528 956 4561 same
969 4512 1083 4574 density,
1096 4513 1159 4561 with
1172 4512 1217 4561 the
1232 4513 1328 4574 sphere
1341 4511 1370 4560 of
1382 4513 1428 4561 air.
1463 4511 1545 4561 Later

388 4607 423 4640 on
442 4592 467 4639 in
485 4590 536 4639 this
553 4589 667 4654 chapter,
683 4606 726 4653 pp.
737 4593 827 4654 476·7,
843 4591 897 4640 this
914 4592 937 4640 is
954 4591 1101 4653 explained.
1141 4591 1198 4640 The
1213 4605 1293 4654 space
1308 4591 1433 4653 occupied
1450 4590 1545 4652 hythe

389 4669 525 4732 planetary
534 4669 586 4717 and
597 4669 685 4717 stellar
695 4670 806 4733 spheres
816 4687 871 4719 was
881 4670 1022 4720 conceived
1034 4677 1062 4719 to
1074 4671 1106 4719 be
1117 4669 1248 4733 pervaded
1259 4669 1294 4732 by
1305 4670 1387 4720 ether.
