3542 5359
393 569 722 631 PERSPECTIVAE
746 570 861 629 PARS
886 570 1048 629 PRIMA:
1081 570 1190 629 DIST.
1217 569 1278 628 III.
1382 582 1423 646 23

265 732 481 797 extremitate
496 732 596 808 nervi,
612 751 712 814 super
725 752 826 815 quem
842 732 1054 815 componitur
1068 730 1192 796 oculus.
1224 730 1321 815 Quae
1337 730 1423 794 linea

265 842 319 898 est
335 836 407 900 axis
426 836 520 912 oculi,
538 856 712 919 perquam
729 836 846 900 oculus
860 836 952 901 videt
967 837 999 899 in
1015 834 1081 899 fine
1095 836 1299 901 certitudinis
1314 845 1347 899 et
1363 855 1423 917 per

266 958 370 1020 quarn
401 942 552 1006 discurrit
584 960 684 1022 super
706 940 836 1023 singula
859 950 984 1025 puncta
1006 941 1053 1005 rei
1074 940 1171 1017 visae,
1194 949 1232 1003 ut
1254 938 1421 1021 quaelibet

267 1044 427 1109 certificet
446 1046 639 1126 successive,
658 1045 810 1127 quamvis
833 1064 932 1107 unam
950 1064 1020 1107 rem
1039 1042 1200 1107 visibilem
1221 1043 1273 1106 vel
1292 1051 1422 1126 partem

266 1147 314 1211 rei
350 1146 482 1212 visibilis
518 1148 617 1212 simul
657 1159 691 1213 et
736 1147 838 1212 semel
885 1148 1149 1230 comprehendat
1198 1168 1275 1211 cum
1323 1145 1423 1229 plena

267 1253 473 1317 certitudine.
518 1254 607 1317 Nam
633 1253 711 1335 quia
735 1252 817 1318 haec
842 1252 928 1317 linea
947 1261 998 1316 est
1023 1250 1302 1337 perpendicularis
1323 1269 1423 1331 super

266 1355 401 1420 oculum
422 1367 457 1421 et
476 1377 594 1422 omnes
612 1356 683 1439 ejus
700 1367 821 1439 partes,
837 1357 914 1420 ideo
933 1356 1060 1438 species
1077 1355 1212 1419 veniens
1227 1374 1331 1438 super
1347 1374 1421 1418 earn

267 1470 320 1524 est
334 1460 520 1537 fortissima,
535 1462 614 1545 quia
636 1461 782 1525 incessus
803 1460 1083 1543 perpendicularis
1098 1468 1150 1525 est
1164 1458 1368 1534 fortissimus,
1384 1468 1421 1521 ut

267 1564 420 1628 habitum
457 1576 508 1632 est
545 1567 577 1629 in
615 1566 661 1629 eis
698 1585 785 1647 quae
824 1566 912 1630 dicta
950 1573 1027 1633 svnt
1064 1565 1107 1628 de
1148 1563 1421 1645 multiplicatione

266 1670 457 1752 specierum
510 1669 556 1733 Et
586 1669 667 1733 illud
698 1690 871 1734 necessum
903 1678 963 1746 est,
989 1678 1154 1751 quatenus
1183 1667 1357 1733 fortissime
1386 1678 1420 1731 et

265 1774 447 1837 certissime
462 1773 728 1857 comprehendat
744 1774 835 1856 quod
852 1774 964 1838 debet.

313 1878 508 1943 Protrabam
525 1900 605 1962 ergo
622 1877 761 1960 figuram
779 1878 895 1960 inqua
909 1877 991 1946 haec
1012 1875 1124 1946 omnia
1146 1874 1358 1941 declarantur
1382 1884 1420 1939 ut

266 1982 425 2064 possibile
455 1994 506 2046 est
534 1980 567 2047 in
597 1980 779 2067 superficie,
808 1983 866 2046 sed
897 1979 1067 2065 completa
1095 1980 1240 2044 ostensio
1270 1989 1358 2043 esset
1386 1980 1419 2043 in

265 2106 406 2169 corpore
420 2083 563 2170 figurato
578 2087 622 2151 ad
638 2087 777 2150 modum
797 2085 883 2154 oculi
903 2086 1085 2154 secundum
1106 2084 1218 2147 omnia
1240 2083 1420 2165 praedicta.

266 2190 314 2256 Et
336 2192 528 2274 exemplum
550 2193 595 2255 ad
617 2192 681 2255 hoc
704 2200 818 2274 potest
842 2210 913 2255 esse
935 2189 1051 2254 oculus
1076 2190 1171 2253 bovis
1199 2197 1233 2252 et
1267 2188 1357 2271 porci
1386 2196 1419 2253 et

264 2294 406 2361 aliorum
422 2295 623 2372 animalium,
639 2296 666 2359 si
682 2295 756 2379 quis
774 2294 844 2359 vult
860 2294 1008 2376 experiri.
1056 2293 1155 2361 Hanc
1171 2303 1283 2358 autern
1298 2291 1419 2373 figura-

264 2402 390 2465 tionem
424 2402 565 2465 aestimo
606 2400 776 2464 meliorem
815 2399 978 2481 sequenti,
1019 2398 1170 2480 qvamvis
1201 2417 1344 2479 sequens
1372 2396 1420 2465 sit

263 2505 487 2588 antiquorum.
547 2505 637 2568 Nam
664 2503 865 2594 impossibile
889 2512 940 2567 est
965 2502 1057 2585 quod
1084 2512 1233 2570 centrum
1255 2500 1350 2564 vitrei
1376 2502 1420 2565 sit

264 2606 351 2673 infra
379 2609 554 2693 sphaeram
577 2609 746 2675 anterioris
768 2606 925 2691 glacialis,
948 2607 1026 2689 quia
1048 2617 1126 2675 tunc
1149 2608 1306 2677 dextrum
1327 2604 1419 2668 vide-

264 2714 357 2777 bitur
383 2714 559 2786 sinistrum‚
589 2723 624 2775 et
653 2732 672 2776 e
702 2722 826 2789 contra,
856 2720 894 2774 ut
919 2709 1055 2774 inferius
1086 2708 1327 2773 declarabitur:
1356 2728 1420 2779 nec

263 2817 367 2881 etiam
397 2816 429 2879 in
459 2815 632 2899 superficie
661 2815 807 2904 corporis
836 2815 897 2894 sui,
926 2814 1004 2897 quia
1034 2822 1113 2877 tunc
1142 2812 1267 2894 species
1298 2812 1419 2874 dextra

264 2921 362 2985 nimis
386 2922 446 2985 iret
475 2922 508 2983 in
540 2920 696 2983 dextram
726 2930 866 3002 partem,
896 2930 930 2983 et
960 2917 1090 2982 sinistra
1114 2917 1151 2979 ¹iu
1180 2915 1356 2991 sinistram,
1386 2924 1420 2979 et

264 3044 436 3107 nunquam
461 3034 701 3088 concurrerent
731 3025 763 3087 in
794 3044 896 3088 nervo
925 3021 1104 3098 communi,
1125 3030 1330 3110 quapropter
1358 3019 1419 3083 erit

262 3140 364 3192 extra
382 3148 496 3192 versus
514 3128 661 3191 anterius
678 3126 776 3190 oculi.
822 3127 869 3190 Et
891 3127 1049 3213 quoniam
1072 3124 1220 3188 foramen
1245 3143 1348 3187 uveae
1368 3132 1419 3187 est

263 3252 415 3315 parvum,
430 3243 464 3297 et
478 3232 624 3297 anterius
635 3231 775 3315 glaciale
792 3232 911 3310 minus,
923 3231 1001 3313 quia
1013 3229 1149 3294 interius
1164 3238 1224 3306 est,
1230 3228 1417 3299 concentri-

262 3356 343 3399 cum
358 3335 486 3400 humori
501 3336 680 3418 albugineo
691 3336 729 3403 in
746 3334 917 3409 foramine,
932 3345 1011 3406 tunc
1032 3342 1165 3417 oportet
1185 3333 1275 3415 quod
1293 3332 1419 3394 vitreus

261 3448 355 3504 secet
376 3439 474 3503 valde
496 3459 632 3522 parvam
656 3439 843 3523 portionem
866 3440 910 3502 de
931 3435 1068 3519 glaciali,
1091 3448 1129 3500 ut
1155 3446 1244 3499 estc
1263 3436 1296 3518 s
1313 3434 1345 3512 d,
1371 3435 1419 3497 ita

261 3544 356 3626 quod
389 3542 446 3606 vix
477 3552 588 3626 potest
624 3563 685 3626 per
723 3562 857 3613 manum
888 3539 1031 3603 hominis
1061 3538 1205 3622 figurari,
1234 3557 1311 3601 nam
1341 3536 1418 3602 huic

262 3647 408 3730 portioni
433 3647 611 3729 respondet
642 3667 674 3709 m
697 3668 716 3709 o
738 3646 888 3708 foramen
912 3664 1024 3718 uveae‚
1046 3644 1137 3724 quod
1161 3651 1212 3705 est
1234 3642 1287 3704 hic
1312 3640 1418 3722 majus

261 3770 367 3833 quam
388 3746 536 3813 foramen
556 3768 658 3811 uveae
680 3748 714 3818 in
732 3747 830 3813 oculo
854 3745 1030 3829 cujuslibet
1054 3746 1198 3810 hominis
1220 3745 1312 3808 istius
1331 3754 1417 3807 tem-

262 3853 363 3937 poris.
423 3852 672 3927 DQerminatur
702 3860 816 3922 autem
847 3850 1016 3932 quantitas
1045 3848 1213 3913 foraminis
1235 3867 1293 3930 per
1315 3845 1418 3912 lineas

262 3967 435 4022 extremas
465 3955 646 4040 pyramidis
667 3955 810 4029 visualis,
836 3975 924 4038 quae
948 3962 999 4018 est
1026 3952 1090 4017 ab
1114 3951 1137 4015 l.
1183 3952 1272 4015 Nam
1293 3953 1337 4016 sit
1362 3950 1422 4016 al

261 4062 352 4127 basis
384 4060 576 4145 pyramidis,
601 4070 763 4142 quaeest
793 4079 846 4123 res
874 4060 955 4134 visa,
986 4056 1082 4141 cujus
1111 4056 1237 4139 species
1266 4066 1419 4140 penetrat

259 4187 417 4233 comeam
432 4166 497 4231 sub
512 4162 706 4249 pyramidali
725 4162 831 4246 figura
852 4174 885 4227 et
905 4162 1007 4227 intrat
1027 4161 1183 4235 foramen,
1199 4180 1286 4243 quae
1310 4159 1418 4223 tendit

260 4270 456 4335 naturaliter
474 4269 507 4332 in
522 4279 674 4332 centrum
689 4268 785 4344 oculi,
800 4276 833 4331 et
849 4267 881 4328 in
901 4266 981 4330 illud
997 4266 1069 4343 iret,
1084 4264 1146 4327 nisi
1160 4264 1251 4348 prius
1267 4259 1417 4325 obviaret

260 4376 291 4439 ei
306 4393 429 4459 corpus
446 4372 591 4451 densius,
606 4372 638 4436 in
653 4393 721 4455 quo
737 4369 904 4454 frangitur,
913 4368 1036 4434 scilicet
1050 4368 1171 4433 humor
1185 4366 1307 4430 vitreus
1321 4385 1339 4427 c
1352 4362 1415 4429 hd.

261 4478 403 4564 Propter
432 4476 498 4543 hoc
528 4498 609 4561 ergo
637 4476 684 4541 sic
717 4473 812 4559 posui
839 4485 993 4540 centrum
1021 4474 1123 4547 vitrei,
1150 4469 1254 4535 etsie
1280 4469 1416 4553 figuravi

259 4584 437 4670 sphaeram
458 4582 553 4667 ejus;
575 4591 610 4646 et
630 4589 723 4666 patet
738 4581 830 4662 quod
845 4579 986 4664 sphaera
1003 4578 1076 4662 ejus
1090 4587 1143 4643 est
1157 4573 1263 4639 minor
1275 4574 1417 4659 sphaera
