3542 5359
379 618 617 678 PERSPECTI
622 618 707 676 VAE
731 619 845 678 PARS
871 619 1094 678 SECUNDA:
1128 619 1237 678 DIST.
1255 620 1314 678 III.
1368 634 1423 680 101

276 779 379 846 habet
394 791 524 846 tantum
546 781 755 860 fortitudinis,
775 784 865 864 quod
891 802 958 846 non
981 783 1100 864 recipit
1121 781 1375 848 occultationem
1393 784 1426 844 in

276 905 361 959 aere,
376 887 461 949 sicut
477 907 537 950 nec
553 887 585 948 in
601 886 741 968 sphaera
760 887 845 968 ignis
860 897 894 950 et
908 887 1055 966 coelesti,
1070 898 1104 951 et
1127 888 1202 954 ideo
1222 887 1427 952 uniformiter

276 990 418 1053 illustrat
442 1000 549 1054 totum
574 992 729 1065 medium,
753 993 879 1056 scilicet
901 993 999 1055 orbes
1021 992 1188 1056 coelomm
1211 1002 1245 1056 et
1271 992 1357 1073 ignis
1392 1001 1427 1054 et

276 1096 383 1172 aeris;
404 1107 438 1159 et
455 1097 530 1158 ideo
549 1096 637 1158 visus
659 1117 724 1159 non
745 1097 885 1178 percipit
900 1097 933 1158 in
950 1097 1060 1178 aliquo
1075 1097 1304 1160 diversitatem
1320 1096 1426 1159 incor-

276 1200 458 1280 porationis
481 1200 562 1263 lucis
585 1201 730 1264 istarum.
777 1201 823 1264 Et
854 1201 930 1265 ideo
960 1221 1027 1264 non
1056 1200 1093 1264 fit
1121 1201 1232 1282 aliqua
1255 1201 1426 1282 impressio

276 1303 433 1368 distincta
449 1305 663 1386 apparitionis
680 1325 739 1387 per
754 1303 843 1368 luces
859 1307 1014 1369 cadentes
1029 1306 1073 1368 ab
1087 1305 1160 1370 aliis
1175 1304 1279 1369 stellis
1289 1325 1389 1388 quam
1406 1325 1427 1367 a

276 1408 381 1471 stellis
390 1408 551 1490 galaxiae,
564 1411 796 1491 propterquod
808 1409 995 1492 philosophi
1007 1430 1073 1473 non
1086 1410 1212 1475 faciunt
1224 1411 1425 1473 mentionem

276 1512 319 1574 de
329 1512 440 1594 aliqua
451 1513 516 1576 alia
531 1513 755 1595 impressione,
766 1513 905 1596 quaesit
916 1534 998 1595 pura
1010 1515 1078 1591 lux,
1093 1536 1194 1598 quam
1209 1516 1253 1579 de
1268 1515 1325 1578 illa
1338 1534 1426 1596 quae

276 1616 410 1697 galaxia
438 1627 584 1681 vocatur.
646 1617 690 1682 Et
720 1619 766 1683 sic
797 1628 900 1700 patet,
928 1620 1019 1701 quod
1054 1621 1189 1703 galaxia
1219 1641 1287 1683 non
1316 1628 1427 1702 potest

274 1740 433 1803 apparere
449 1722 481 1784 in
496 1722 635 1804 sphaera
651 1724 735 1786 aeris
758 1743 819 1787 nec
840 1723 933 1797 coeli,
950 1734 1084 1806 propter
1102 1745 1270 1807 egressum
1287 1723 1387 1787 medii
1405 1745 1427 1786 a

275 1833 539 1908 temperamento
555 1826 707 1892 raritatis.
755 1827 832 1891 Non
852 1829 885 1890 in
903 1849 991 1906 aere,
1005 1838 1140 1910 propter
1161 1829 1329 1892 delectum
1346 1828 1424 1890 rari-

275 1933 354 1994 tatis
397 1929 598 2005 sufficientis,
636 1932 669 1994 in
712 1932 807 1996 coelo
851 1953 930 1994 vero
975 1944 1110 2016 propter
1152 1932 1425 2016 superfluitatem.

276 2033 456 2098 Sciendum
487 2044 600 2098 tamen
622 2038 712 2116 quod
736 2036 878 2100 multum
906 2036 984 2101 lacit
1013 2038 1056 2101 ad
1087 2039 1241 2100 notitiam
1270 2037 1426 2119 galaxiae

275 2139 495 2203 consideratio
507 2139 704 2203 fractionum
716 2142 748 2203 in
760 2141 903 2224 sphaera
914 2141 1000 2224 ignis
1011 2167 1019 2219 ;
1047 2161 1162 2205 omnes
1172 2142 1260 2205 enim
1273 2141 1357 2204 radii
1368 2138 1425 2222 qui

274 2245 397 2308 cadunt
410 2245 452 2307 ad
469 2245 608 2327 angulos
618 2244 771 2328 obliquos
787 2247 818 2308 in
834 2246 1007 2328 superficie
1022 2247 1107 2329 ignis
1119 2245 1325 2329 franguntur.
1356 2243 1424 2308 Sed

273 2347 372 2430 hujus
387 2349 580 2431 explanatio
594 2348 673 2413 alibi
691 2351 882 2431 requiratur.

319 2451 480 2517 Similiter
495 2454 612 2516 mirum
630 2463 680 2516 est
699 2454 741 2516 de
758 2455 830 2517 luce
848 2475 995 2532 aurorae,
1011 2454 1153 2538 qualiter
1171 2464 1310 2538 apparet
1328 2451 1423 2516 nobis
1436 2460 1492 2511 The
1503 2461 1584 2509 daun.

273 2567 354 2622 tunc
370 2566 403 2620 et
419 2577 485 2620 non
495 2567 592 2620 ante:
615 2577 691 2621 nam
702 2559 832 2621 coelum
847 2569 956 2623 totum
969 2560 1179 2633 illuminatur,
1192 2569 1423 2643 praeterquam

274 2661 441 2726 inumbra
461 2673 576 2725 terrae.
623 2661 669 2727 Et
692 2663 822 2726 coelum
840 2685 925 2727 voco
947 2665 1000 2726 hic
1023 2674 1132 2729 totum
1150 2665 1320 2740 mundum,
1336 2664 1425 2725 unde

273 2777 368 2830 extra
384 2766 535 2828 umbram
554 2776 659 2829 terrae
674 2787 730 2830 aer
746 2767 958 2840 illuminatur,
974 2777 1008 2831 et
1024 2769 1164 2850 sphaera
1175 2767 1260 2850 ignis
1277 2775 1311 2829 et
1326 2767 1423 2829 orbes

273 2869 441 2934 coelestes.
496 2869 541 2932 Et
566 2867 649 2933 nos¹
673 2872 759 2934 bene
780 2872 933 2934 videmus
954 2871 1067 2935 stellas
1090 2873 1132 2934 de
1155 2881 1253 2934 nocte
1276 2871 1309 2932 in
1332 2871 1424 2933 omni

273 2983 366 3056 parte
377 2971 558 3038 horizontis
571 2995 579 3052 ;
602 2994 682 3055 ergo
697 2975 847 3038 similiter
857 2976 990 3039 videtur
1003 2977 1093 3058 quod
1105 2975 1302 3038 deberemus
1312 2975 1424 3037 videre

272 3079 399 3163 specics
421 3077 587 3141 coelorum
610 3088 643 3141 et
667 3079 752 3161 ignis
781 3089 815 3143 et
837 3080 922 3144 aeris
944 3078 1120 3143 illuminari
1142 3088 1240 3144 extra
1262 3078 1423 3142 umbram.

275 3183 363 3248 Nam
387 3183 473 3246 inter
502 3201 564 3247 nos
593 3193 627 3246 et
658 3184 770 3247 stellas
796 3194 847 3248 est
870 3205 927 3248 aer
948 3183 1151 3248 illuminatus
1172 3183 1367 3261 necessario,
1388 3191 1424 3247 et

273 3288 413 3372 sphaera
444 3287 538 3370 ignis,
569 3297 603 3350 et
632 3286 730 3351 orbes
766 3289 944 3384 coelorum,
974 3309 1040 3352 non
1077 3288 1186 3352 solum
1223 3309 1282 3371 per
1314 3288 1423 3351 lucem

272 3390 456 3467 stellarum,
469 3392 527 3454 sed
544 3411 603 3472 per
618 3391 730 3455 lumen
751 3392 838 3469 solis,
858 3393 949 3474 quod
968 3394 1086 3458 transit
1104 3393 1136 3455 in
1154 3413 1229 3456 aere
1246 3412 1305 3474 per
1320 3390 1424 3456 latera

272 3496 420 3572 umbrae,
442 3503 476 3559 et
500 3496 574 3559 ideo
597 3497 681 3559 sicut
699 3497 731 3558 in
751 3515 870 3559 aurora
889 3498 1041 3560 videmus
1061 3518 1173 3561 aerem
1193 3495 1423 3573 illuminatum,

271 3601 319 3664 sic
341 3600 514 3684 probabile
535 3599 697 3682 estquod
719 3620 776 3663 aer
799 3599 1001 3666 illuminatus
1022 3602 1188 3666 videretur
1209 3602 1309 3684 prius.
1354 3599 1423 3666 Sed

271 3723 422 3788 egressus
451 3704 628 3767 distantiae
657 3724 678 3765 a
708 3713 974 3787 temperamento
1012 3726 1088 3769 cum
1117 3725 1248 3789 egressu
1279 3706 1423 3770 raritatis

271 3829 292 3872 a
306 3817 570 3890 temperamento
586 3806 685 3872 solvit
700 3806 773 3872 hoc.
819 3807 908 3872 Nam
923 3809 1039 3874 stellae
1056 3822 1133 3875 sunt
1155 3830 1295 3894 corpora
1309 3812 1422 3889 densa,

272 3922 307 3975 et
321 3911 445 3974 habent
467 3911 608 3975 multum
625 3913 668 3975 de
687 3909 783 3975 luce2
798 3914 932 3995 propria
945 3923 980 3976 et
998 3914 1077 3992 fixa,
1095 3923 1129 3977 et
1145 3935 1189 3978 ex
1203 3913 1266 3978 hac
1281 3924 1423 3996 utraque

305 4043 311 4072 ¹
329 4043 459 4092 Combaeh
476 4043 553 4092 reads
569 4058 640 4103 non;
668 4043 715 4091 but
734 4042 767 4093 Ο.
786 4046 837 4094 and
860 4045 926 4105 Reg.
944 4045 1010 4094 have
1028 4061 1085 4104 nos,
1103 4047 1191 4095 which
1210 4045 1233 4093 is
1251 4047 1296 4094 the
1316 4046 1423 4106 reading

270 4123 381 4184 adopted
394 4123 428 4184 by
438 4122 463 4182 J.
497 4121 553 4170 The
564 4122 731 4184 punctuation
744 4123 865 4173 however
879 4124 910 4172 oi
919 4123 944 4183 J.
956 4125 1058 4173 needed
1075 4125 1193 4186 altering.
1227 4123 1284 4172 The
1301 4125 1421 4185 question

270 4201 350 4250 aaled
369 4200 391 4250 is
409 4202 477 4250 this:
496 4199 570 4262 Why
587 4201 609 4249 is
626 4201 700 4249 there
718 4209 764 4250 not
781 4202 892 4263 twilight
902 4202 935 4250 all
948 4203 1059 4264 through
1071 4204 1115 4252 the
1127 4204 1217 4264 nightl
1251 4201 1302 4250 We
1316 4218 1362 4249 see
1376 4203 1421 4251 the

197 4329 205 4346 ,
270 4289 337 4328 stars
347 4280 435 4329 which
447 4280 534 4329 derive
546 4279 611 4340 light
624 4281 661 4340 (at
671 4279 737 4328 least
748 4279 895 4343 indirectly)
907 4280 972 4328 srom
984 4281 1029 4329 the
1040 4298 1096 4330 sun.
1146 4282 1219 4342 Why
1236 4287 1282 4328 not
1298 4281 1359 4328 then
1377 4282 1421 4329 the

270 4359 378 4408 diffused
393 4359 458 4420 light
473 4358 538 4406 irorn
556 4357 600 4406 the
617 4358 727 4420 spheres
744 4359 770 4406 ln
787 4359 871 4406 which
889 4359 935 4407 the
951 4367 1019 4408 stars
1035 4375 1081 4408 are
1098 4360 1194 4422 placed,
1213 4360 1265 4407 and
1282 4359 1338 4406 also
1355 4359 1420 4407 from

269 4437 314 4485 the
330 4439 425 4499 sphere
437 4436 467 4486 oi
477 4437 530 4486 airl
548 4436 588 4484 lor
599 4436 675 4486 these
688 4451 733 4484 are
749 4436 909 4485 illuminated
925 4438 959 4486 all
975 4438 1088 4498 through
1104 4438 1149 4485 the
1165 4439 1239 4499 night
1257 4436 1347 4499 hythe
1360 4453 1418 4487 sun.

269 4515 325 4564 The
336 4531 440 4565 answer
450 4514 569 4564 contains
582 4515 656 4564 much
669 4529 740 4562 more
752 4518 822 4564 truth
834 4515 897 4564 than
909 4531 990 4565 error.

300 4593 311 4624 ¹
327 4595 379 4644 See
396 4596 441 4644 the
459 4595 604 4643 discussion
622 4593 653 4642 ot'
670 4593 723 4644 thia
743 4593 817 4656 point
834 4594 860 4643 in
877 4594 926 4643 vol
944 4595 960 4645 i.
972 4611 998 4657 p.
1013 4609 1066 4657 129.
1103 4592 1146 4642 On
1163 4594 1273 4655 twilight
1293 4593 1325 4642 ci.
1337 4593 1419 4645 voti.

268 4689 293 4736 p.
305 4688 363 4736 περ.
