3542 5359
350 611 412 690 360
564 613 720 672 OPERIS
743 612 932 682 MAJORIS
956 612 1071 671 PARS
1094 609 1295 671 SEPTIMA.

352 779 467 842 inanes
490 787 523 840 et
547 776 637 839 leves
660 795 779 840 causae
801 795 860 859 per
879 774 995 840 urbem
1020 774 1270 840 circumducunt
1293 786 1326 839 et
1351 771 1438 864 [qui]
1463 776 1506 840 ad

353 882 539 963 augendam
562 881 695 944 turbam
722 890 870 944 exeunt.
890 880 1072 961 ..quidam
1098 874 1220 967 [quasi]
1248 880 1291 943 ad
1319 881 1505 945 incendium

353 993 486 1049 currunt
501 993 559 1047 aut
575 983 749 1048 salutaturi
768 977 945 1070 [aliquem]
962 1003 1027 1045 non
1043 983 1309 1057 resalutaturum,
1330 993 1389 1048 aut
1409 983 1506 1048 sunus

354 1088 459 1171 ignoti
480 1087 623 1152 hominis
641 1088 844 1170 prosecuturi
854 1084 876 1151 ¹.
895 1137 902 1150 .
920 1129 927 1148 .
946 1135 954 1151 .
972 1086 1028 1149 Ex
1049 1087 1113 1152 hoc
1132 1087 1221 1151 malo
1242 1089 1408 1172 dependet
1423 1087 1504 1151 illud

353 1193 565 1256 temerarium
585 1191 712 1268 vitium,
734 1189 932 1256 auscultatio
955 1201 988 1254 et
1008 1193 1216 1272 publicorum
1239 1204 1506 1273 secretorumque

354 1295 529 1378 inquisitio,
542 1307 576 1360 et
591 1295 769 1359 multarum
786 1314 894 1359 rerum
911 1295 1056 1370 scientia,
1067 1316 1153 1377 quae
1169 1317 1229 1359 nec
1246 1307 1319 1360 tuto
1335 1307 1507 1360 narrantur

354 1421 413 1465 nec
428 1409 501 1466 tuto
516 1399 704 1464 audiuntur.

397 1505 491 1568 ‘Hoc
514 1513 662 1567 secutum
686 1497 798 1591 [puto]
820 1503 1049 1567 Democritum
1073 1506 1120 1568 ita
1139 1504 1308 1588 coepisse:
1332 1504 1399 1587 Qui
1416 1516 1507 1569 tran-

353 1608 456 1690 quille
470 1609 561 1672 volet
581 1607 698 1685 vivere,
719 1627 780 1670 nec
800 1607 955 1689 privatim
977 1619 1055 1690 agat
1079 1608 1184 1672 multa
1205 1629 1266 1673 nec
1287 1607 1437 1692 publice;
1461 1609 1504 1671 ad

353 1732 555 1797 supervacua
581 1705 820 1798 [referentem]
837 1760 844 1775 .
861 1761 869 1776 .
886 1761 893 1775 .
910 1711 999 1775 Nam
1020 1712 1076 1794 qui
1097 1713 1201 1776 multa
1222 1714 1291 1795 agit
1314 1734 1414 1796 saepe
1439 1711 1506 1776 sor·

354 1828 455 1880 tunae
476 1817 527 1880 sui
550 1827 750 1900 potestatem
774 1817 862 1894 iacit,
884 1836 985 1898 quam
1009 1817 1212 1880 tutissimum
1235 1828 1286 1881 est
1306 1838 1379 1881 raro
1403 1838 1506 1900 expe-

353 1921 417 1994 riri,
433 1916 611 2008 [ceterum]
623 1940 754 2004 semper
774 1921 816 1983 de
836 1920 892 1984 illa
907 1922 1054 2003 cogitare
1069 1931 1103 1986 et
1118 1921 1197 1985 nihil
1214 1922 1277 1985 sibi
1292 1921 1335 1985 de
1352 1919 1418 1986 fide
1433 1921 1506 2004 ejus

355 2026 557 2108 promittere.
574 2075 581 2087 .
600 2075 606 2086 .
624 2073 631 2086 .
650 2024 724 2087 Hoc
741 2034 792 2088 est
807 2044 911 2106 quare
925 2025 1066 2107 sapienti
1088 2025 1168 2087 nihil
1185 2035 1299 2089 contra
1315 2025 1505 2108 opinionem

353 2131 503 2193 dicamus
524 2130 684 2194 accidere.
730 2128 808 2191 Non
835 2128 928 2192 illum
949 2129 1080 2193 casibus
1102 2128 1275 2193 hominum
1294 2129 1507 2212 excerpimus

354 2236 412 2298 sed
428 2234 611 2297 erroribus:
639 2254 698 2297 nec
719 2233 765 2296 illi
784 2229 924 2323 [omnia]
941 2243 978 2297 ut
998 2234 1102 2296 voluit
1122 2235 1254 2308 cedunt,
1273 2235 1331 2298 sed
1355 2243 1392 2297 ut
1415 2235 1506 2316 cogi·

353 2341 447 2402 tavit.
494 2337 660 2421 Imprimis
675 2348 787 2401 autem
804 2339 962 2420 cogitavit
977 2338 1103 2420 aliquid
1126 2359 1222 2420 posse
1243 2338 1420 2422 propositis
1437 2339 1506 2402 suis

354 2443 514 2506 resistere.
562 2442 705 2506 Necesse
731 2453 780 2506 est
812 2452 926 2505 autem
956 2441 1060 2505 levius
1089 2442 1131 2505 ad
1162 2443 1309 2506 animum
1336 2443 1507 2527 pervenire

354 2546 533 2611 destitutae
570 2546 762 2628 cupiditatis
791 2547 951 2620 dolorem,
982 2545 1034 2610 cui
1071 2566 1257 2610 successum
1297 2566 1362 2612 non
1392 2547 1506 2628 utique

353 2650 551 2731 promiseris.

397 2755 546 2817 ‘Faciles
568 2774 629 2817 nos
649 2752 755 2818 facere
774 2755 933 2818 debemus
957 2774 998 2817 ne
1021 2755 1117 2819 nimis
1137 2755 1312 2820 destinatis
1335 2756 1432 2820 rebus
1455 2756 1505 2819 in-

354 2855 580 2942 dulgeamus²,
590 2867 865 2940 transeamusque
876 2854 940 2946 [in]
953 2881 992 2922 ea
1003 2860 1035 2923 in
1047 2880 1132 2942 quae
1144 2880 1203 2923 nos
1213 2879 1309 2924 casus
1317 2861 1505 2938 deduxerit,

354 2983 415 3028 nec
431 2964 613 3027 mutatione
628 2973 685 3027 aut
700 2982 796 3026 casus
812 2971 868 3026 aut
885 2963 1012 3026 consilii
1034 2964 1304 3047 pertimescamus
1321 2965 1505 3028 dummodo

355 3089 416 3131 nos
435 3067 563 3142 levitas,
586 3067 846 3130 inimicissimum
867 3067 970 3148 quieti
985 3068 1112 3144 vitium,
1129 3089 1195 3131 non
1211 3068 1367 3150 excipiat.
1414 3069 1504 3132 Nam

354 3181 388 3236 et
404 3171 607 3255 pertinacia³
623 3190 755 3234 necesse
771 3183 821 3235 est
837 3173 937 3236 anxia
954 3184 989 3235 et
1005 3173 1123 3234 misera
1139 3174 1181 3236 sit
1199 3222 1205 3235 .
1223 3222 1230 3236 .
1247 3222 1254 3237 .
1272 3173 1387 3235 levitas
1399 3173 1506 3237 multo

353 3277 493 3359 gravior,
508 3294 669 3356 nusquam
686 3295 722 3337 se
742 3277 922 3340 continens.
969 3275 1158 3360 Utrumque
1178 3275 1333 3340 infestum
1350 3289 1399 3341 est
1415 3288 1505 3340 tran·

354 3379 519 3462 quillitati,
536 3387 569 3441 et
584 3377 665 3441 nihil
683 3388 811 3442 mutare
832 3401 938 3463 posse,
955 3391 988 3444 et
1007 3380 1087 3443 nihil
1108 3381 1187 3464 pati.
1234 3381 1361 3464 Utique
1376 3383 1506 3444 animus

354 3484 397 3546 ab
420 3482 575 3546 omnibus
597 3481 742 3546 externis
766 3484 798 3546 in
821 3504 857 3546 se
880 3487 1084 3549 revocandus
1107 3495 1177 3561 est;
1205 3485 1269 3550 sibi
1293 3486 1449 3562 confidat,
1469 3509 1506 3551 se

353 3588 507 3674 gaudeat,
530 3607 590 3650 sua
613 3589 779 3670 suspiciat,
795 3589 926 3652 recedat
947 3598 1109 3670 quantum
1134 3599 1244 3672 potest
1267 3591 1310 3652 ab
1330 3591 1453 3664 alienis,
1470 3603 1505 3654 et

353 3693 415 3756 sibi
432 3692 586 3775 applicet,
605 3693 727 3756 damna
743 3712 809 3755 non
825 3695 957 3770 sentiat,
973 3695 1074 3757 etiam
1090 3694 1229 3757 adversa
1246 3694 1389 3776 benigne
1404 3695 1505 3758 inter-

354 3805 509 3879 pretetur.
543 3795 708 3859 Nuntiato
725 3795 898 3878 naufragio
911 3796 1025 3859 Zenon
1043 3796 1259 3880 philosophus
1267 3795 1290 3874 ⁴,
1300 3816 1376 3860 cum
1393 3799 1506 3862 omnia

353 3921 413 3963 sua
435 3899 565 3964 audiret
587 3899 766 3964 submersa.
811 3899 922 3980 Jubet‚
947 3901 1063 3982 inquit,
1087 3921 1141 3965 me
1164 3898 1296 3964 fortuna
1315 3901 1506 3984 expeditius

354 4003 588 4088 philosophari.
655 4003 847 4068 Minabatur
886 4003 1066 4068 Theodoro
1108 4004 1306 4087 philosopho
1346 4015 1506 4086 tyrannus

354 4119 493 4174 mortem
510 4118 543 4172 et
558 4108 693 4190 quidem
710 4107 923 4190 insepultam;
949 4109 1074 4180 Habes,
1085 4109 1201 4191 inquit,
1213 4129 1271 4171 cur
1286 4109 1347 4172 tibi
1363 4107 1505 4192 placeas.

355 4211 522 4277 Hemina⁶
536 4213 706 4295 sanguinis
724 4213 757 4275 in
780 4222 837 4276 tua
852 4223 1020 4297 potestate
1038 4224 1109 4287 est;
1138 4233 1215 4277 nam
1231 4215 1323 4295 quod
1336 4214 1380 4276 ad
1395 4215 1505 4298 sepul-

353 4329 462 4381 turam
484 4318 637 4400 pertinet,
660 4315 691 4381 Ο
715 4327 749 4381 te
772 4319 922 4402 ineptum
946 4318 972 4380 si
1000 4329 1098 4402 putas
1122 4339 1196 4383 mea
1226 4317 1384 4383 interesse
1405 4341 1506 4401 supra

385 4537 393 4564 ¹
411 4537 475 4585 This
485 4544 609 4586 sentence
621 4539 669 4587 bes
680 4538 746 4588 been
759 4540 835 4589 much
847 4541 946 4589 altered
957 4539 1022 4588 from
1035 4539 1079 4586 the
1091 4537 1208 4598 original.

385 4615 394 4642 ¹
411 4615 607 4676 immisceamus,
619 4617 651 4664 D.
661 4625 687 4666 et
700 4617 732 4666 0.
1008 4617 1017 4646 ³
1033 4617 1248 4678 pertimescentis,
1264 4616 1296 4666 0.

385 4693 395 4722 ⁴
412 4699 508 4753 noster,
522 4695 631 4746 Seneca.
1009 4695 1019 4724 ⁵
1034 4697 1128 4746 Anima
1136 4704 1184 4762 pro
1196 4697 1309 4756 hemina,
1323 4697 1353 4748 D.
1367 4705 1393 4747 et
1405 4697 1437 4749 0.
