3542 5359
530 618 729 680 SCIENTIA
756 617 1148 678 EXPERIMENTALIS.
1354 632 1412 676 221

262 783 363 848 debet
378 782 479 848 homo
494 781 667 848 humiliare
682 793 828 846 mentem
847 803 942 847 suam
964 784 1156 847 veritatibus
1172 782 1236 846 Dei
1253 780 1414 865 gloriosis.

262 889 361 954 Certe
377 909 442 953 non
458 898 508 952 est
524 889 738 970 comparatio

307 992 370 1056 Est
391 1003 504 1056 autem
524 992 606 1057 alius
629 995 748 1056 modus
769 991 980 1068 utilissimus;
1002 989 1180 1075 quoniam¹
1201 992 1245 1056 ad
1263 991 1358 1070 hanc,
1377 1001 1414 1055 ut
1428 1005 1550 1084 sumina·

263 1097 344 1174 dixi,
359 1097 528 1164 scientiam
546 1097 687 1180 pertinet
701 1097 847 1179 judicare
866 1096 947 1178 quid
969 1106 1081 1178 potest
1100 1093 1169 1158 fieri
1185 1117 1245 1178 per
1262 1107 1413 1160 naturam
1427 1072 1523 1202 ἓξὲξ

262 1211 320 1265 aut
339 1222 397 1284 per
418 1201 497 1265 artis
518 1201 723 1276 industriam,
738 1211 772 1265 et
794 1201 875 1283 quid
891 1219 967 1264 non.
1012 1199 1058 1263 Et
1080 1200 1171 1264 novit
1187 1199 1242 1263 illa
1262 1221 1415 1284 separare

264 1305 407 1387 magicas
431 1303 606 1382 illusiones,
627 1315 662 1369 et
684 1304 931 1388 deprehendere
953 1325 1069 1368 omnes
1091 1324 1203 1368 earum
1227 1325 1352 1368 errores
1381 1305 1413 1366 in

263 1409 462 1474 carminibus
477 1419 511 1473 et
523 1410 784 1478 invocationibus
800 1419 834 1472 et
849 1408 1134 1491 conjurationibus
1149 1409 1229 1472 etin
1248 1406 1413 1473 sacrificiis

263 1523 297 1578 et
312 1512 457 1577 culturis.
502 1512 570 1578 Sed
587 1512 735 1577 infideles
751 1523 956 1596 occupantur
975 1513 1028 1576 his
1042 1513 1175 1576 insaniis
1190 1522 1224 1577 et
1245 1512 1414 1578 confidunt

263 1617 296 1682 in
327 1618 385 1696 eis,
413 1627 447 1682 et
476 1619 684 1683 crediderunt
719 1615 925 1684 Christianos
954 1617 1002 1680 uti
1033 1617 1156 1682 talibus
1191 1619 1224 1680 in
1259 1617 1413 1700 operibus

264 1721 503 1786 miraculorum.
549 1721 761 1805 Quapropter
775 1742 925 1786 summae
946 1720 1096 1785 utilitatis
1116 1731 1168 1786 est
1182 1721 1264 1786 haec
1280 1721 1414 1786 scientia

264 1827 296 1890 in
318 1825 396 1891 fidei
411 1827 629 1910 persuasione,
645 1846 747 1908 quum
774 1846 920 1908 peream
936 1824 1042 1889 solam
1065 1826 1151 1890 inter
1172 1835 1284 1907 partes
1305 1826 1414 1910 philo·

264 1929 401 2013 sophiae
423 1931 585 2012 contingit
607 1930 786 2014 procedere
808 1929 842 1993 in
865 1930 929 1993 hoc
951 1949 1040 2006 casu,
1062 1950 1103 1993 eo
1125 1931 1214 2012 quod
1237 1929 1320 1993 haec
1342 1930 1414 1995 sola

263 2035 449 2099 considerat
469 2035 668 2118 hujusmodi,
683 2045 718 2098 et
735 2043 846 2117 potest
866 2034 1060 2099 convincere
1082 2054 1216 2097 omnem
1237 2033 1412 2098 falsitatem

263 2150 297 2204 et
319 2140 586 2222 superstitionem
609 2149 643 2204 et
668 2159 810 2204 errorem
835 2137 1019 2204 infidelium
1045 2147 1207 2220 quantum
1234 2140 1275 2202 ad
1301 2138 1414 2221 hujus-

265 2244 354 2307 modi
375 2243 512 2328 magica,
530 2254 567 2307 ut
582 2253 658 2307 sunt
676 2243 822 2307 carmina
837 2253 871 2307 et
886 2252 1017 2307 caetera
1037 2252 1217 2326 praetacta.
1263 2242 1415 2326 Qualiter

263 2359 374 2412 autem
397 2347 506 2412 valeat
529 2349 572 2413 ad
591 2347 771 2413 infidelium
790 2348 1032 2411 obstinatorum
1054 2348 1331 2430 reprobationem,
1344 2349 1414 2430 jam

265 2461 358 2534 patet
379 2472 439 2535 per
460 2473 562 2538 opera
581 2452 726 2518 violenta
749 2473 835 2536 quae
855 2452 926 2535 jam
949 2462 1040 2516 tacta
1061 2449 1169 2529 sunt²,
1186 2463 1221 2517 et
1243 2452 1320 2518 ideo
1340 2453 1435 2535 per-⁴

264 2567 406 2622 transeo.

310 2661 371 2725 Est
394 2672 505 2726 tamen
520 2660 799 2735 considerandum,
816 2660 910 2744 quod
930 2660 1006 2724 licet
1022 2660 1107 2724 aliae
1129 2661 1286 2726 scientiae
1309 2660 1415 2725 multa
1430 2661 1581 2738 rammount

265 2765 428 2829 mirabilia
450 2764 581 2843 saciant,
599 2775 637 2830 ut
657 2765 840 2847 geometria
854 2764 1001 2847 practica
1023 2765 1101 2828 facit
1123 2763 1257 2846 specula
1279 2766 1415 2829 combu-
1428 2735 1584 2842 ppppirstance

265 2869 369 2932 rentia
391 2889 488 2932 omne
510 2879 704 2946 contumax,
726 2878 760 2932 et
781 2869 828 2932 sic
850 2870 894 2932 de
916 2868 1008 2945 aliis;
1031 2877 1143 2931 tamen
1167 2868 1280 2931 omnia
1303 2869 1415 2950 hujus·
1428 2859 1532 2908 &1⁸¹¹oe-

265 2973 355 3036 modi
383 2972 535 3037 utilitatis
562 2972 717 3038 mirificae
743 2973 776 3036 in
806 2972 974 3055 republica
1003 2972 1169 3055 pertinent
1199 2973 1417 3055 principaliter

265 3077 309 3141 ad
327 3077 411 3143 hanc
432 3078 613 3141 scientiam.
659 3077 747 3140 Nam
767 3077 849 3141 haec
869 3097 906 3140 se
925 3077 1026 3140 habet
1044 3076 1088 3140 ad
1108 3077 1199 3153 alias,
1219 3077 1304 3142 sicut
1325 3079 1416 3140 navi·

265 3181 394 3264 gatoria
416 3181 458 3246 ad
482 3182 731 3265 carpentariam,
753 3192 787 3246 et
810 3182 896 3247 sicut
918 3202 972 3244 ars
1000 3180 1150 3244 militaris
1176 3183 1219 3246 ad
1246 3181 1416 3258 fabrilem3

265 3285 347 3350 haec
369 3286 457 3350 enim
480 3287 642 3368 praecipit
664 3296 702 3351 ut
723 3285 807 3351 fiant
828 3288 1047 3351 instrumenta
1069 3286 1244 3361 mirabilia,
1264 3296 1298 3350 et
1321 3285 1416 3350 sactis

265 3390 378 3469 utitur,
400 3400 435 3455 et
456 3391 557 3454 etiam
580 3391 706 3473 cogitat
728 3392 840 3455 omnia
863 3401 989 3456 secreta
1014 3400 1150 3475 propter
1172 3390 1332 3455 utilitates
1355 3393 1415 3454 rei-

265 3495 415 3577 publicae
430 3504 465 3559 et
480 3515 694 3576 personarum
708 3518 715 3570 ;
739 3505 773 3560 et
788 3496 930 3577 imperat
945 3496 1018 3560 aliis
1030 3495 1181 3571 scientiis,
1191 3495 1275 3558 sicut
1290 3495 1416 3558 ancillis

264 3597 340 3674 suis,
350 3608 383 3661 et
399 3597 473 3663 ideo
489 3608 561 3663 tota
577 3599 757 3681 sapientiae
773 3600 995 3682 speculativae
1009 3599 1179 3682 potestas³
1194 3600 1246 3663 isti
1261 3599 1416 3664 scientiae

264 3699 449 3786 specialiter
470 3703 671 3766 attribuitur.
718 3701 765 3767 Et
784 3703 854 3786 jam
878 3725 922 3767 ex
945 3704 1015 3767 istis
1029 3705 1173 3768 scientiis
1195 3705 1300 3768 tribus
1323 3715 1416 3788 patet

267 3805 423 3869 mirabilis
435 3805 561 3870 utilitas
577 3807 610 3869 in
621 3805 685 3871 hoc
697 3809 823 3870 mundo
835 3828 896 3889 pro
911 3807 1047 3871 ecclesia
1059 3807 1122 3871 Dei
1137 3818 1252 3873 contra
1266 3808 1415 3871 inimicos

265 3907 352 3984 fidei,
370 3910 589 3974 destruendos
604 3911 710 3993 magis
726 3932 784 3993 per
804 3933 906 3994 opera
921 3912 1112 3994 sapientiae,
1127 3932 1229 3995 quam
1245 3933 1304 3994 per
1323 3933 1414 3975 arma

265 4012 382 4078 bellica
397 4025 618 4098 pugnatorum
633 4037 640 4093 ;
663 4015 783 4099 quibus
798 4013 1024 4080 Antichristus
1039 4017 1172 4098 copiose
1191 4027 1225 4081 et
1239 4016 1416 4081 efficaciter

266 4127 385 4197 utetur,
411 4129 448 4182 ut
473 4139 607 4182 omnem
634 4119 732 4202 hujus
756 4121 869 4183 mundi
894 4121 1079 4204 potentiam
1101 4130 1250 4185 conterat
1277 4131 1311 4185 et
1337 4140 1415 4184 con·

266 4220 403 4302 sundat3
428 4233 462 4288 et
491 4244 551 4308 per
576 4243 662 4306 quae
691 4225 833 4306 tyranni,
856 4226 1028 4290 retroactis
1057 4225 1274 4308 temporibus,
1300 4224 1415 4288 orbem

264 4327 326 4390 sibi
342 4327 576 4410 subjugabant
622 4327 722 4410 Quod
739 4327 948 4394 manifestum
968 4339 1019 4393 est
1035 4350 1094 4414 per
1108 4327 1266 4412 exempla
1281 4327 1417 4392 infinita

309 4431 378 4498 Sed
394 4452 481 4496 nunc
501 4429 605 4496 affero
626 4452 727 4497 unum
749 4455 809 4517 pro
830 4433 987 4499 omnibus
1006 4435 1050 4496 de
1065 4433 1265 4497 Alexandro
1286 4449 1574 4516 magn0,111ustrated

265 4537 322 4619 qui
344 4557 448 4620 quum
470 4536 512 4600 de
534 4535 671 4602 Graecia
694 4536 859 4620 proiectus
883 4546 934 4602 est
956 4547 994 4602 ut
1016 4537 1178 4602 mundum
1201 4549 1418 4622 expugnaret,
1430 4516 1571 4632 ξῖἒίζξοῌ

298 4654 455 4718 ¹quantum,
466 4655 492 4716 J.
649 4654 716 4707 'Ch
728 4657 779 4707 vol.
792 4657 808 4705 i.
821 4672 865 4719 pp.
877 4671 968 4719 401-2.
1137 4658 1351 4720 'proprietam
1429 4649 1516 4698 mdes·
