3542 5359
384 626 579 686 MORALIS
602 628 897 687 PHILOSOPHIA
912 650 922 685 :
960 629 1076 689 PARS
1103 631 1269 691 TERTIA.
1351 631 1411 706 267

259 791 425 870 pertinent
451 792 495 854 ad
519 800 745 875 contemptum
776 812 1032 876 prosperorum3
1061 796 1208 860 secundo
1238 794 1410 877 quomodo

258 893 396 958 adversa
411 915 475 957 non
491 905 567 959 sunt
587 894 804 960 formidanda.

304 997 459 1063 Portatur
471 996 482 1034 ¹
494 999 592 1081 igitur
604 999 801 1064 Aristoteles
809 1021 959 1064 summus
969 1001 1002 1064 in
1015 1003 1162 1065 medium
1171 1012 1250 1065 ante
1258 1002 1341 1068 alios
1353 1002 1410 1086 qui
1424 1014 1568 1064 Renounee-

260 1102 294 1165 in
309 1113 538 1185 contemptum
554 1103 669 1167 mundi
684 1123 760 1165 cum
776 1104 933 1168 omnibus
951 1107 1019 1168 suis
1037 1106 1160 1170 divitiis
1179 1115 1213 1168 et
1228 1105 1410 1170 honoribus
1422 1080 1529 1196 Ἥ
1537 1081 1580 1129 ²¹¹⁰

259 1215 293 1269 et
316 1206 543 1289 voluptatibus
561 1209 700 1293 patriam
720 1206 860 1291 reliquit,
881 1208 915 1271 in
934 1209 1036 1272 exilio
1055 1211 1158 1274 vitam
1179 1231 1275 1273 suarn
1294 1210 1409 1274 finivit.

262 1309 308 1375 Et
323 1310 573 1393 Theophrastus
593 1310 663 1393 ejus
682 1313 876 1397 praecipuus
895 1333 1065 1378 successor
1085 1315 1118 1377 in
1138 1313 1358 1399 philosophia,
1373 1325 1410 1379 ut

261 1413 391 1476 Tullius
411 1415 527 1480 recitat
546 1417 589 1479 de
608 1418 656 1480 eis
677 1417 710 1479 in
732 1417 851 1498 quinto
866 1418 910 1480 de
925 1415 1184 1499 Quaestionibus
1202 1418 1410 1482 Tusculanis.

261 1517 340 1580 Non
355 1519 462 1582 solum
478 1529 590 1583 autem
607 1521 677 1603 ipsi,
693 1522 752 1584 sed
767 1520 820 1583 alii
837 1521 1030 1585 nobilissimi
1047 1521 1235 1606 philosophi
1251 1534 1285 1586 et
1300 1532 1411 1605 patres

259 1621 544 1705 philosophorum,
574 1633 611 1686 ut
641 1624 844 1689 Xenocrates
874 1627 931 1706 qui
968 1625 1029 1689 suit
1058 1626 1179 1690 veteris
1211 1627 1412 1690 Academiae

260 1729 424 1810 princeps,
454 1729 539 1793 sicut
569 1729 649 1792 dicit
682 1728 882 1792 Censorinus
907 1730 939 1792 in
963 1729 1046 1792 libro
1069 1732 1113 1794 de
1140 1731 1203 1793 Die
1232 1731 1355 1809 Natali,
1377 1741 1411 1794 et

262 1828 459 1906 Carneades,
482 1834 539 1914 qui
567 1832 627 1896 luit
649 1843 765 1896 auctor
794 1835 913 1898 tertiae
939 1834 1146 1898 Academiae
1174 1855 1260 1917 quae
1290 1836 1412 1900 dicitur

260 1955 356 1998 nova.
402 1935 563 2000 Platonici
587 1937 676 2001 enirn
698 1939 805 2001 vocati
828 1949 908 2002 sunt
930 1937 1124 2002 Academici
1147 1959 1167 2001 a
1189 1939 1264 2003 loco
1288 1940 1320 2002 in
1342 1959 1410 2022 quo

260 2039 356 2103 Plato
368 2041 504 2116 studuit,
515 2051 550 2104 et
564 2041 776 2106 diversificati
787 2052 865 2104 sunt
882 2043 916 2104 in
929 2052 1037 2106 sectas
1048 2041 1169 2106 multas
1179 2054 1409 2126 postmortem

259 2145 408 2226 magistri
432 2145 491 2208 sui.
538 2144 606 2210 Sed
631 2165 697 2209 non
732 2145 839 2210 solum
871 2147 935 2221 isti,
957 2148 1016 2210 sed
1041 2155 1075 2210 et
1097 2166 1197 2228 quarn
1221 2145 1332 2228 plures
1354 2147 1407 2210 alii

257 2248 382 2324 famosi,
413 2269 497 2330 quos
527 2251 676 2315 nominat
706 2250 835 2313 Tullius
866 2271 971 2334 usque
1000 2252 1042 2314 ad
1069 2252 1270 2315 sexdecem:
1297 2251 1407 2314 etalii

257 2352 521 2432 innumerabiles,
537 2364 574 2417 ut
597 2355 666 2439 ipse
688 2355 778 2429 dicit,
792 2365 920 2419 aetates
934 2375 1012 2418 suas
1032 2356 1065 2418 in
1081 2355 1184 2419 exilio
1198 2365 1232 2418 et
1247 2366 1408 2439 perpetua

257 2458 521 2539 peregrinatione
549 2468 833 2541 consumpserunt,
862 2459 920 2540 qui
950 2459 1052 2523 semel
1088 2461 1209 2543 egressi
1240 2479 1408 2542 nunquam

256 2563 395 2626 domum
416 2563 553 2644 regressi
574 2572 661 2627 sunt.
711 2563 756 2626 Et
777 2584 852 2628 cum
873 2563 1108 2646 quaereretur²
1122 2585 1143 2626 a
1159 2564 1297 2628 Socrate
1314 2565 1408 2647 cujus

257 2677 316 2740 est,
347 2667 530 2750 respondit,
556 2667 746 2732 Mundanus
776 2688 869 2744 sum;
899 2668 1003 2733 totius
1025 2670 1112 2733 enim
1138 2670 1252 2732 mundi
1276 2690 1312 2732 se
1333 2690 1406 2733 esse

258 2770 398 2835 incolam
429 2781 463 2834 et
485 2772 590 2836 civem
611 2773 841 2849 arbitrabatur,
864 2782 902 2835 ut
924 2780 1064 2836 testatur
1088 2771 1204 2837 Cicero
1226 2773 1343 2855 quinto
1365 2774 1409 2837 de

258 2875 519 2958 Quaestionibus
529 2870 735 2939 Tusculanis.
771 2875 817 2941 Et
830 2878 906 2939 ideo
919 2876 1046 2941 Seneca
1059 2875 1243 2939 Marcello³
1258 2877 1408 2942 exulanti

258 2982 348 3058 dicit,
366 2980 487 3063 ‘Quod
513 2981 539 3043 si
566 2981 673 3064 patria
692 3000 782 3044 cares
804 3000 869 3044 non
893 2991 944 3045 est
965 2981 1130 3044 miserum.
1180 2980 1231 3044 lta
1254 2991 1289 3044 te
1311 2981 1409 3044 disci-

259 3086 356 3168 plinis
373 3085 519 3148 imbuisti
545 3099 580 3149 ut
600 3087 699 3149 scires
719 3105 852 3150 omnem
872 3084 981 3148 locum
1005 3085 1144 3168 sapienti
1169 3085 1312 3168 patriam
1329 3106 1408 3150 esse

261 3188 396 3252 Humile
433 3190 601 3272 tugurium
639 3210 759 3274 nempe
796 3189 935 3253 virtutes
971 3189 1097 3272 recipit.
1140 3189 1217 3270 Jam
1255 3189 1410 3252 omnibus

259 3293 393 3377 templis
409 3291 584 3357 formosius
599 3295 660 3358 erit
676 3314 751 3358 cum
776 3293 842 3358 illic
864 3294 994 3377 justitia
1018 3303 1198 3376 conspecta
1218 3293 1315 3356 suerit
1335 3314 1410 3358 cum

259 3399 469 3474 continentia,
492 3418 567 3461 cum
591 3399 764 3482 prudentia
794 3399 910 3481 pietas,
939 3399 1087 3462 omnium
1117 3397 1300 3462 officiorum
1322 3409 1412 3463 recte

259 3502 529 3584 dispensatorum
574 3501 668 3582 rati0,
705 3502 927 3567 humanorum
967 3502 1218 3585 divinorumque
1254 3502 1412 3579 scientia;

260 3605 368 3670 nullus
394 3617 554 3687 angustus
576 3616 627 3669 est
651 3606 742 3671 locus
762 3609 820 3689 qui
838 3607 925 3671 hanc
945 3618 1015 3671 tam
1036 3627 1231 3690 magnarum
1252 3607 1411 3670 virtutum

259 3711 391 3775 turbam
417 3709 526 3793 capit!
572 3710 618 3774 Et
647 3711 863 3776 Ptolomaeus
887 3714 918 3774 in
942 3712 1113 3794 sapientiis
1135 3713 1202 3776 suis
1225 3712 1413 3792 Alrnagesti

259 3815 457 3898 praepositis
479 3815 560 3879 dicit
583 3815 694 3880 ‘lnter
716 3816 867 3881 homines
890 3816 988 3880 altior
1010 3827 1061 3880 est
1090 3817 1148 3898 qui
1172 3838 1238 3881 non
1261 3829 1355 3881 curat
1378 3816 1411 3878 in

260 3919 352 4000 cujus
369 3939 469 3982 manu
486 3919 529 3983 sit
547 3920 707 3983 mundus!
755 3919 827 3984 Nec
849 3922 968 3984 mirum
989 3921 1017 3983 si
1037 3921 1089 3983 hic
1109 3919 1328 4002 philosophus
1349 3919 1412 3982 hoc

259 4023 340 4086 dicit
360 4024 416 4104 qui
441 4022 517 4104 plus
542 4025 574 4086 in
592 4023 790 4087 coelestibus
806 4034 839 4087 et
856 4025 970 4087 mundi
988 4024 1138 4108 partibus
1153 4021 1412 4107 principalibus⁴

259 4129 498 4210 cognoscendis
512 4128 683 4192 laboravit.
729 4128 852 4193 Probat
863 4129 949 4191 enim
962 4130 993 4191 in
1007 4129 1114 4213 primo
1126 4128 1211 4190 libro
1222 4126 1412 4208 Almagesti

261 4231 350 4314 quod
369 4240 441 4295 tota
457 4242 545 4296 terra
561 4232 685 4296 nullam
701 4233 924 4316 quantitatem
941 4232 1127 4296 sensibilem
1144 4231 1247 4294 habet
1263 4242 1412 4313 respectu

260 4334 354 4410 coeli,
392 4337 478 4400 sicut
516 4356 616 4418 supra
652 4337 815 4421 copiosius
852 4335 1074 4400 confirmatur.
1119 4335 1165 4401 Et
1203 4333 1331 4400 Seneca
1367 4336 1410 4398 ad

265 4440 422 4504 Helviam
436 4439 449 4476 ⁵
464 4441 553 4519 dicit,
569 4441 743 4524 Angustus
758 4442 890 4506 animus
906 4451 957 4504 est
971 4461 1071 4522 quem
1086 4449 1216 4504 terrena
1236 4438 1412 4503 delectant.

294 4587 300 4614 ¹
321 4585 444 4644 Ponatur,
457 4586 503 4646 hh,
517 4594 641 4649 portatur,
656 4587 688 4635 D.
700 4593 726 4635 et
738 4586 770 4635 0.
1099 4584 1110 4613 ¹
1126 4583 1284 4646 loqueretur,
1296 4583 1332 4632 hl.

293 4665 368 4714 ’Ad
377 4663 506 4725 Helviirm,
519 4681 574 4727 cap.
587 4680 612 4727 9.
696 4663 1020 4728 ‘principibus‚D.etO.
1101 4663 1310 4726 ‘AdHelmne
1321 4677 1413 4726 capp
