3542 5359
355 611 417 689 364
568 612 725 673 OPERIS
749 613 938 683 MAJORIS
961 613 1075 671 PARS
1100 611 1301 672 SEPTIMA.

356 785 468 838 tamen
485 776 512 838 si
530 770 621 863 [per]
638 777 726 839 diem
744 787 941 857 noctemque
954 775 1128 839 continues
1145 793 1234 837 mors
1251 773 1322 837 erit.
1363 770 1506 835 Multum

356 881 492 944 interest
515 880 665 944 remittas
680 880 803 962 aliquid
826 899 869 942 an
892 878 1009 943 solvas.
1057 877 1255 943 Conditores
1273 877 1384 959 legum
1405 874 1507 938 festos

357 983 566 1048 instituerunt
579 985 658 1058 dies,
671 994 707 1047 ut
723 985 766 1047 ad
781 983 981 1048 hilaritatem
998 983 1149 1047 homines
1160 983 1291 1067 publice
1303 989 1507 1064 cogerentur,

355 1100 514 1170 tanquam
527 1087 744 1153 necessarium
756 1087 925 1152 laboribus
937 1088 1183 1170 interponentes
1192 1094 1507 1169 temperamentum

355 1202 390 1257 et
419 1194 532 1277 magni
561 1193 622 1256 viri
652 1194 714 1257 sibi
745 1203 930 1258 menstruas
964 1194 1060 1257 certis
1095 1194 1213 1255 diebus
1242 1192 1368 1255 dabant
1401 1189 1506 1253 serias.

356 1295 503 1379 Quidam
528 1318 607 1361 vero
632 1297 758 1361 nullum
785 1317 852 1361 non
874 1297 985 1360 diem¹
1011 1297 1096 1360 inter
1122 1298 1227 1359 otium
1251 1307 1286 1360 et
1306 1314 1400 1359 curas
1424 1294 1507 1357 divi·

356 1402 488 1479 debant,
513 1421 597 1484 quos
628 1401 719 1464 nulla
745 1422 796 1465 res
825 1400 911 1464 ultra
941 1402 1105 1464 decimam
1134 1401 1249 1463 boram
1278 1399 1432 1471 retinuit3
1466 1417 1508 1460 ne

356 1504 515 1588 epistulas
536 1506 671 1589 quidem
697 1516 773 1590 post
798 1505 884 1569 hanc
906 1505 1023 1568 horam
1048 1505 1214 1586 legebant,
1233 1524 1274 1567 ne
1295 1504 1378 1585 quid
1402 1521 1507 1566 novae

357 1629 455 1673 curae
485 1622 683 1684 nasceretur,
715 1610 772 1673 sed
802 1609 907 1673 totius
937 1609 1002 1672 diei
1037 1609 1263 1671 lassitudinem
1293 1607 1412 1670 duabis
1443 1606 1508 1670 illis

357 1712 446 1777 horis
469 1715 666 1797 ponebant..
685 1763 692 1779 .
710 1761 716 1775 .
735 1713 948 1795 Maioresque
970 1713 1072 1777 nostri
1104 1733 1224 1776 novam
1251 1712 1444 1776 relationem
1474 1711 1508 1774 in

357 1828 473 1881 senatu
503 1828 581 1900 post
610 1819 725 1882 horam
756 1819 920 1882 decimam
945 1817 1013 1880 fieri
1044 1817 1213 1881 vetabant.
1260 1815 1507 1896 Indulgendum

356 1933 406 1985 est
421 1922 534 1986 animo
549 1923 762 2004 dandumque
780 1923 920 1986 subinde
942 1921 1055 1991 otium,
1070 1922 1161 2002 quod
1178 1919 1325 1984 alimenti
1341 1929 1375 1983 et
1389 1919 1507 1983 virium

357 2025 430 2089 loco
446 2026 498 2100 sit,
520 2037 554 2091 et
577 2027 855 2091 ambulationibus
873 2027 996 2110 apertis
1016 2025 1213 2108 vagandum,
1229 2034 1267 2088 ut
1286 2024 1378 2088 coelo
1401 2022 1507 2087 libero

356 2141 390 2193 et
414 2130 519 2194 multo
545 2131 660 2215 spiritu
688 2139 810 2213 augeat
833 2131 1031 2212 attollatque
1057 2151 1091 2192 se
1121 2129 1259 2193 animus.
1313 2128 1508 2210 Aliquando

356 2235 499 2298 vectatio
516 2235 642 2317 iterque
656 2247 691 2298 et
707 2246 835 2300 mutata
852 2236 944 2318 regio
959 2235 1107 2316 vigorem
1123 2234 1259 2310 dabunt,
1269 2234 1507 2313 convictusque

355 2349 389 2403 et
414 2339 578 2403 liberalior
601 2339 714 2423 poti03
729 2390 736 2404 .
753 2386 760 2402 .
778 2391 784 2403 .
802 2337 905 2403 eluit²
927 2339 1014 2402 enim
1039 2359 1134 2401 curas
1159 2338 1281 2414 vinum,
1306 2347 1340 2400 et
1363 2337 1406 2399 ab
1438 2338 1507 2400 imo

355 2443 500 2506 animum
518 2455 637 2522 movet,
652 2453 686 2508 et
703 2454 739 2506 ut
754 2444 878 2507 morbis
894 2444 1090 2525 quibusdam
1112 2443 1157 2504 ita
1175 2441 1329 2505 tristitiae
1345 2441 1506 2504 medetur.

358 2548 468 2627 Liber,
489 2548 545 2630 qui
572 2560 623 2611 est
646 2547 806 2626 Bacchus,
824 2567 891 2611 non
914 2547 958 2611 ob
981 2547 1147 2610 licentiam
1172 2546 1305 2628 linguae
1327 2545 1434 2608 dictus
1454 2556 1506 2610 est

357 2653 507 2716 inventor
533 2653 611 2733 vini,
636 2655 693 2716 sed
720 2653 799 2734 quia
831 2653 950 2717 liberat
973 2674 993 2715 a
1019 2651 1151 2715 servitio
1181 2670 1330 2714 curarum
1358 2652 1505 2714 animum

354 2769 455 2839 atque
470 2757 679 2821 audaciorem
698 2758 731 2820 in
747 2777 864 2821 omnes
882 2766 1019 2822 conatus
1041 2755 1127 2820 lacit.
1142 2803 1168 2818 ..
1188 2801 1194 2815 .
1213 2753 1386 2819 Solonem'
1402 2774 1505 2818 unum

354 2864 397 2926 de
412 2872 541 2945 septem
557 2862 770 2944 sapientibus,
780 2861 1069 2942 ‘Arcesilaumque
1085 2859 1320 2943 philosophum
1332 2857 1507 2924 indulsisse

353 2967 429 3030 vino
447 2969 592 3031 credunt.
640 2966 759 3031 Catoni
775 2966 918 3030 ebrietas
940 2965 1070 3048 objecta
1087 2975 1148 3029 est.
1196 2963 1360 3027 Facilius³
1376 2962 1505 3041 efficiet,

354 3071 504 3152 quisquis
527 3069 698 3152 objecerit,
715 3070 778 3134 hoc
802 3070 925 3133 crimen
953 3070 1131 3133 honestum
1158 3089 1260 3150 quam
1284 3077 1413 3150 turpem
1441 3067 1505 3132 Ca·

354 3188 478 3239 touem.
523 3174 592 3240 Sed
615 3186 653 3240 ut
674 3173 836 3239 libertatis
851 3176 898 3237 ita
914 3175 980 3236 vini
996 3174 1135 3238 salubris
1152 3172 1337 3235 moderatio
1352 3181 1423 3246 est;
1446 3193 1506 3238 nec

354 3299 456 3360 saepe
471 3277 656 3343 iaciendum
674 3289 734 3358 est,
750 3299 792 3342 ne
807 3280 937 3342 animus
960 3279 1081 3342 malam
1103 3277 1374 3340 consuetudinem
1395 3276 1505 3342 ducat.

357 3383 402 3446 Et
432 3395 542 3447 tamen
572 3384 752 3467 aliquando
780 3386 811 3447 in
842 3385 1082 3449 exultationem
1111 3383 1364 3464 libertatemque
1393 3393 1505 3447 extra-

355 3487 493 3566 hendus,
509 3489 676 3570 tristisque
697 3490 859 3553 sobrietas
880 3491 1079 3553 removenda
1104 3486 1279 3571 paulisper.
1325 3487 1412 3551 Nam
1436 3489 1506 3552 sive

356 3589 484 3655 Graeco
503 3603 622 3674 poetae
638 3593 810 3669 credimus,
828 3579 1022 3677 Aliquando
1040 3593 1143 3670 etiam⁴
1163 3593 1304 3656 insanire
1323 3592 1505 3674 jucundum

354 3707 415 3774 est,
437 3697 506 3761 sive
532 3696 668 3774 Platoni,
694 3696 830 3761 Frustra
855 3699 1003 3781 poeticas
1027 3697 1113 3761 sores
1137 3716 1275 3778 compos
1298 3695 1349 3758 sui
1372 3716 1505 3778 semper

354 3800 491 3885 pepulit,
499 3801 568 3865 sive
582 3801 768 3881 Aristoteli,
785 3801 922 3865 Nullum
942 3820 1097 3884 magnum
1120 3797 1311 3883 ingenium*
1333 3801 1403 3863 sine
1420 3801 1504 3863 mix-

354 3916 427 3969 tura
450 3907 637 3970 dementiae
664 3905 735 3970 fuit.
793 3908 871 3970 Non
900 3916 1011 3989 potest
1041 3908 1166 3988 grande
1194 3904 1318 3987 aliquid
1346 3913 1381 3966 et
1406 3925 1506 3988 super

353 4020 501 4074 caeteros
525 4010 615 4092 loqui
641 4011 702 4074 nisi
727 4021 818 4076 mota
846 4031 949 4086 mens,
972 4030 1047 4074 cum
1074 4009 1223 4091 vulgaria
1246 4018 1279 4072 et
1302 4008 1402 4073 solita
1425 4029 1505 4072 con·

352 4115 501 4196 tempsit,
526 4114 749 4197 instinctuque
771 4135 865 4177 sacro
892 4115 1036 4178 surrexit
1066 4113 1238 4189 excelsior,
1261 4121 1341 4175 tunc
1369 4113 1504 4175 demum

352 4216 477 4299 aliquid
493 4219 610 4282 cecinit
625 4220 783 4301 grandius
799 4218 934 4281 homine
954 4217 1095 4281 mortali.
1141 4217 1219 4279 Non
1237 4224 1347 4298 potest
1363 4212 1505 4279 sublime

384 4353 391 4382 ¹
410 4354 466 4402 The
483 4356 616 4415 quotation
630 4355 656 4403 in
673 4357 718 4404 the
733 4355 808 4405 MSS.
822 4355 902 4416 being
913 4355 1100 4418 unintelligible
1116 4357 1188 4417 here,
1201 4355 1246 4402 the
1256 4355 1344 4404 words
1362 4353 1392 4404 oi
1403 4353 1505 4404 Seneca

350 4448 396 4481 are
434 4448 491 4480 ven.

384 4510 394 4536 ²
407 4449 500 4560 {acon
513 4514 574 4561 here
585 4515 662 4562 omits
673 4515 763 4563 words
773 4515 860 4563 which
872 4528 1019 4574 encourage
1031 4513 1177 4562 occasional
1189 4527 1289 4562 excess

385 4592 394 4617 ³
411 4589 475 4638 This
486 4601 609 4640 sentence
621 4593 643 4641 is
654 4592 846 4655 unintelligibly
858 4591 1017 4642 transcribed
1029 4593 1055 4640 in
1069 4591 1113 4640 the
1126 4591 1202 4640 MSS.

386 4669 394 4695 ⁴
410 4667 489 4718 Arist.
505 4667 573 4718 Poet.
585 4685 641 4731 cap.
656 4685 685 4729 17
697 4671 800 4734 εὐφυοῦς
810 4672 826 4733 ἡ
837 4669 948 4733 ποιητικὴ
961 4669 1029 4720 ἔστιν
1041 4668 1056 4732 ἢ
1070 4669 1178 4732 μανικοῦ.
