3542 5359
341 589 380 668 78
561 593 717 652 OPERIS
741 592 929 662 MAJORIS
955 592 1069 652 PARS
1093 591 1265 667 QUINTA.

340 752 496 837 objicitur
523 757 614 839 quod
644 757 728 822 haec
756 769 834 822 sunt
862 755 1030 821 sensibilia
1059 777 1119 840 per
1147 777 1193 836 se,
1218 777 1300 839 ergo
1328 765 1433 838 agunt
1459 755 1493 818 in

340 879 484 938 sensum,
500 861 586 926 sicut
601 863 756 946 propria3
780 862 958 927 dicendum
974 870 1034 939 est,
1054 861 1146 944 quod
1169 882 1235 926 non
1256 861 1412 925 dicuntur
1434 879 1495 944 per

340 985 377 1029 se
392 965 560 1030 sensibilia
575 977 711 1051 propter
725 967 891 1032 actionem
907 967 942 1030 in
956 986 1100 1045 sensum,
1110 969 1170 1031 sed
1182 975 1317 1049 propter
1326 965 1392 1030 hoc
1401 965 1492 1048 quod

340 1089 457 1134 sensus
472 1080 584 1152 potest
601 1074 644 1137 de
666 1073 715 1136 eis
736 1071 926 1137 certificare.
971 1071 1018 1136 Et
1040 1070 1068 1134 si
1090 1070 1276 1155 objiciatur,
1298 1071 1389 1153 quod
1414 1079 1494 1134 tunc

340 1173 422 1238 visio
447 1195 514 1238 non
543 1175 779 1241 certificabitur
793 1177 836 1241 de
857 1175 915 1254 eis,
929 1185 1107 1260 postquam
1131 1197 1198 1241 non
1216 1175 1342 1240 faciunt
1365 1176 1398 1238 in
1420 1175 1492 1239 visu

340 1278 467 1359 species
488 1300 587 1345 suas:
605 1281 784 1347 dicendum
809 1290 861 1345 est
884 1283 977 1364 quod
1004 1282 1069 1345 sic:
1092 1301 1170 1346 nam
1193 1300 1261 1344 non
1286 1280 1434 1365 exigitur
1457 1280 1491 1342 in

341 1383 496 1449 omnibus
511 1385 637 1468 species
652 1387 794 1470 propria,
810 1387 868 1451 sed
887 1385 1009 1450 sufficit
1029 1386 1156 1469 species
1177 1385 1267 1450 visus
1286 1405 1362 1449 cum
1382 1384 1492 1466 specie

340 1486 422 1552 lucis
433 1499 468 1553 et
479 1489 608 1566 coloris,
620 1499 654 1554 et
664 1491 950 1574 cumquibusdam
962 1491 1035 1556 aliis
1045 1489 1387 1568 considerationibus;
1405 1510 1492 1572 quae

341 1611 417 1656 cum
450 1594 563 1659 omnia
593 1605 794 1680 congregata
824 1596 944 1660 suerint
970 1606 1082 1680 potest
1107 1597 1223 1662 haberi
1250 1595 1424 1672 certitudo,
1455 1605 1492 1658 ut

342 1705 459 1778 postea
475 1698 707 1782 explicabitur.
753 1700 789 1766 Si
814 1701 955 1778 dicatur,
981 1703 1072 1784 quod
1098 1711 1250 1766 auctores
1267 1703 1492 1785 perspectivas

286 1882 291 1890 Ι
341 1801 511 1866 multoties
526 1803 641 1869 dicunt
656 1806 747 1887 quod
764 1803 869 1888 figura
884 1814 919 1868 et
933 1806 1077 1887 qualitas
1089 1806 1134 1870 rei
1150 1805 1240 1870 visae
1251 1816 1285 1870 et
1299 1805 1492 1888 hujusmodi

341 1904 535 1970 ordinantur
551 1908 583 1972 in
599 1908 772 1992 superficie
788 1909 929 1972 membri
945 1910 1126 1988 sentientis,
1141 1920 1177 1974 et
1193 1930 1259 1974 non
1282 1918 1420 1993 possunt
1445 1908 1491 1973 ibi

340 2008 504 2094 attingere
518 2012 579 2076 nisi
596 2031 654 2095 per
672 2013 822 2095 species;
844 2013 1023 2077 dicendum
1045 2024 1105 2090 est,
1125 2015 1214 2096 quod
1236 2035 1303 2079 non
1318 2023 1370 2078 est
1383 2032 1493 2079 sermo

341 2116 502 2197 proprius,
517 2117 569 2182 vel
585 2138 652 2183 non
668 2119 753 2183 bene
768 2119 965 2195 translatus3
981 2139 1059 2183 nam
1076 2139 1143 2182 non
1155 2118 1230 2203 plus
1243 2119 1360 2184 volunt
1372 2118 1493 2195 dicere,

341 2218 402 2282 nisi
418 2222 509 2301 quod
531 2243 551 2286 a
572 2232 645 2287 tota
667 2223 855 2304 quantitate
872 2234 906 2286 et
930 2222 1035 2305 figura
1057 2223 1194 2288 veniunt
1216 2224 1342 2307 species
1362 2222 1444 2288 lucis
1458 2232 1493 2287 et

341 2324 459 2388 coloris
474 2346 561 2409 quae
576 2327 773 2391 ordinantur
788 2327 821 2390 in
838 2327 1011 2410 superficie
1026 2328 1166 2391 membri
1181 2327 1362 2404 sentientis,
1378 2338 1413 2392 et
1428 2328 1491 2390 hoc

341 2429 468 2493 sufficit.

385 2533 432 2598 Et
462 2555 539 2598 cum
567 2535 717 2617 superius
747 2536 875 2600 dictum
906 2549 965 2612 est,
997 2539 1088 2621 quod
1120 2557 1181 2601 nos
1203 2536 1354 2600 videmus
1382 2555 1492 2600 aerem

338 2638 391 2701 vel
406 2637 534 2703 coelum
551 2661 571 2704 a
587 2640 730 2715 remotis
746 2650 922 2705 etcertum
938 2651 990 2705 est
1003 2642 1094 2724 quod
1118 2642 1151 2704 in
1168 2662 1257 2723 aqua
1279 2640 1423 2705 fluminis
1438 2639 1492 2702 vel

341 2743 407 2808 alia
431 2765 518 2828 quae
550 2765 707 2828 magnam
737 2744 839 2810 habet
867 2746 1078 2811 latitudinem
1110 2746 1244 2810 videtur
1274 2745 1404 2810 coelum
1435 2764 1493 2828 per

341 2848 564 2925 reflexionem,
602 2850 688 2913 sicut
736 2871 787 2914 res
836 2848 869 2915 in
917 2849 1075 2934 speculo;
1113 2861 1147 2915 et
1192 2871 1243 2915 res
1286 2851 1320 2914 in
1357 2849 1493 2932 speculo

340 2955 471 3017 videtur
508 2974 567 3036 per
597 2953 670 3029 hoc,
701 2955 791 3036 quod
824 2957 949 3038 species
986 2976 1046 3018 sua
1084 2954 1263 3020 reflectitur
1299 2975 1319 3016 a
1356 2952 1492 3037 speculo

341 3059 383 3121 ad
414 3059 540 3136 visum3
575 3067 655 3121 tunc
679 3059 804 3122 diceret
830 3058 957 3142 aliquis,
981 3061 1072 3143 quod
1107 3058 1318 3142 perspicuum
1347 3055 1492 3122 coeleste

340 3161 393 3224 vel
430 3181 487 3224 aer
531 3171 679 3225 remotus
727 3162 826 3227 saciat
875 3164 1022 3246 speciem
1072 3182 1131 3246 per
1174 3181 1276 3244 quarn
1326 3161 1359 3223 in
1404 3180 1492 3243 aqua

339 3263 500 3329 videatur.
565 3264 631 3329 Sed
664 3265 841 3330 dicendum
866 3276 926 3342 est,
952 3268 1045 3351 quod
1070 3264 1160 3330 nulla
1185 3267 1230 3330 rei
1255 3265 1346 3329 visae
1367 3265 1492 3348 species

341 3380 392 3434 est
443 3369 499 3446 ibi,
542 3370 600 3434 sed
646 3370 772 3452 species
816 3373 914 3449 visus,
957 3393 1045 3456 quae
1088 3371 1122 3435 in
1167 3390 1243 3435 aere
1283 3370 1354 3433 sine
1405 3387 1493 3451 aqua

342 3473 582 3557 multiplicatur
596 3476 778 3538 secundum
796 3475 917 3539 lineam
931 3487 1056 3542 rectam
1068 3476 1112 3539 ad
1125 3475 1336 3558 perspicuum
1350 3471 1493 3538 coeleste

340 3573 479 3653 distanS,
516 3584 551 3639 et
588 3574 808 3658 apprehendit
845 3575 926 3640 illud
964 3576 1177 3660 perspicuum
1215 3596 1290 3640 curn
1327 3572 1493 3657 adjutorio

341 3678 461 3761 speciei
485 3679 568 3742 lucis
593 3678 810 3744 illuminantis
838 3679 919 3744 illud
945 3681 1179 3764 perspicuum
1202 3689 1236 3744 et
1262 3700 1338 3744 curn
1362 3678 1495 3742 videtur

341 3804 400 3865 per
423 3803 543 3866 aquam
565 3782 730 3860 reflexive,
751 3783 931 3850 reflectitur
950 3785 1078 3867 species
1099 3785 1192 3848 visus
1213 3785 1258 3849 ab
1279 3803 1367 3868 aqua
1389 3803 1493 3866 usque

339 3907 450 3951 aerem
464 3889 608 3951 visuma
630 3889 779 3964 remotis,
800 3899 834 3953 et
857 3910 926 3954 non
944 3889 1071 3973 species
1092 3889 1147 3954 rei.
1190 3889 1271 3953 Non
1293 3909 1373 3972 ergo
1394 3908 1494 3952 omne

339 3991 431 4074 quod
461 3991 593 4056 videtur
621 4012 681 4075 per
711 3992 935 4072 reflexionem,
961 3995 1094 4059 videtur
1123 4014 1184 4076 per
1213 3993 1359 4076 speciem
1388 4011 1493 4058 suam.

340 4244 372 4292 be
383 4244 414 4292 ol
421 4243 541 4292 different
553 4250 645 4293 nature
656 4244 707 4293 and
720 4244 867 4306 properties
879 4245 944 4294 from
958 4245 1003 4293 the
1014 4245 1098 4306 object
1109 4244 1257 4307 perceived.
1289 4243 1347 4292 The
1364 4257 1414 4304 eye
1431 4243 1496 4291 does

341 4329 387 4370 not
397 4337 443 4370 see
454 4323 499 4370 the
510 4322 586 4371 ether
600 4322 713 4384 through
723 4323 810 4372 which
823 4323 888 4384 light
899 4337 1004 4384 passes;
1023 4338 1072 4371 nor
1083 4324 1161 4384 again
1175 4323 1224 4372 bas
1235 4322 1281 4371 the
1292 4337 1343 4383 eye
1355 4321 1431 4384 (with
1443 4336 1494 4369 one

340 4399 491 4464 exception)
512 4400 540 4448 in
559 4401 593 4449 its
613 4415 674 4449 own
695 4406 824 4449 stnrcture
843 4401 972 4463 anything
988 4402 1048 4450 akin
1063 4409 1092 4450 to
1107 4401 1173 4462 light
1187 4400 1239 4449 and
1257 4399 1354 4449 colour.
1390 4399 1433 4448 On
1449 4399 1495 4449 the

340 4479 417 4527 other
431 4479 500 4527 band
515 4479 559 4528 the
572 4495 621 4540 eye
633 4479 698 4528 does
710 4493 814 4540 possess
826 4480 903 4528 other
913 4480 1028 4529 sensible
1044 4479 1164 4542 qualities
1175 4493 1205 4528 as
1217 4478 1309 4540 suape,
1321 4484 1435 4539 texture,
1446 4479 1496 4528 &o

341 4557 393 4606 For
402 4557 458 4605 that
470 4572 534 4619 very
546 4571 639 4606 reason
651 4557 697 4606 the
707 4555 789 4605 visual
800 4571 882 4620 orgen
897 4557 972 4606 takes
983 4572 1017 4607 no
1028 4559 1111 4608 direct
1122 4557 1277 4619 cognizunce
1288 4557 1319 4606 oi
1333 4557 1408 4606 these
1420 4555 1496 4605 latter

339 4635 491 4698 properties.
