3542 5359
558 605 673 664 anns
696 603 859 662 PRIMA:
888 605 976 664 cnr.
1001 605 1043 664 11.
1327 623 1387 684 425

234 789 351 832 sensus
379 767 487 832 saciat.
533 768 580 832 Et
607 767 673 832 hoc
706 777 799 851 patet
828 769 1067 834 considerando
1093 768 1333 852 particulariter
1355 771 1387 834 in

235 872 382 956 singulis.
428 873 482 936 De
501 875 574 937 visu
596 873 683 935 enim
707 882 801 954 patet
822 873 899 949 hoc,
916 874 995 955 quia
1018 874 1119 938 homo
1141 875 1233 940 videt
1255 875 1387 939 oculum

235 977 370 1042 alterius
396 979 468 1040 sine
492 977 628 1059 speculo
655 988 689 1041 et
714 997 774 1058 per
799 977 978 1060 speculum,
1001 986 1035 1042 et
1061 977 1193 1043 oculum
1216 979 1387 1060 proprium

235 1103 295 1164 per
323 1082 504 1164 speculum,
528 1083 586 1144 sed
617 1081 697 1145 nihil
728 1081 859 1147 videtur
888 1083 958 1146 sine
988 1083 1107 1166 specie,
1129 1092 1163 1147 et
1189 1083 1253 1147 hoc
1279 1083 1388 1148 nullus

237 1206 357 1268 negare
380 1194 492 1268 potest
513 1185 677 1250 absolute.
723 1185 790 1250 Sed
815 1185 909 1249 multi
932 1197 1136 1270 negaverunt
1166 1186 1291 1270 aliquid
1320 1187 1387 1252 fieri

236 1291 280 1353 ab
301 1290 399 1354 oculo
415 1301 552 1374 propter
569 1300 681 1354 actum
699 1290 831 1354 videndi
851 1291 1098 1373 complendum,
1113 1301 1276 1374 ponentes
1297 1293 1387 1374 quod

237 1396 320 1459 visio
335 1395 541 1478 'compleatur
552 1393 659 1459 solum
672 1395 759 1458 intus
774 1395 975 1479 recipiendo,
988 1405 1021 1459 et
1036 1417 1103 1460 non
1118 1397 1389 1472 extramittendo,

237 1521 298 1564 nec
323 1503 414 1583 qnod
441 1500 566 1582 aliquid
591 1499 650 1564 fiat
677 1500 720 1563 ab
746 1499 844 1564 oculo
867 1500 959 1582 quod
987 1510 1142 1584 operetur
1166 1510 1200 1564 et
1223 1498 1323 1565 saciat
1345 1502 1388 1564 ad
1426 1487 1430 1494 ’

237 1606 403 1669 actionem
428 1605 573 1668 videndi.
618 1602 720 1686 Quod
747 1613 860 1668 autem
886 1606 951 1669 hoc
984 1607 1026 1668 sit
1056 1604 1174 1668 salsum
1206 1615 1299 1688 patet
1331 1625 1390 1689 per

238 1708 457 1773 Aristotelem
480 1729 568 1772 nono
591 1707 844 1791 Metaphysicae
866 1729 1034 1792 expresse,
1050 1720 1084 1774 et
1107 1730 1166 1792 per
1181 1709 1324 1774 Tideum
1348 1712 1390 1775 de

240 1813 442 1896 Aspectibus
462 1813 644 1891 manifeste,
658 1823 693 1877 et
707 1832 767 1894 per
783 1813 1011 1878 Ptolemaeum
1029 1813 1061 1877 in
1076 1813 1161 1878 libro
1179 1814 1390 1897 Aspectuum

239 1917 471 2001 multipliciter.
517 1918 564 1982 Et
592 1919 675 1982 haec
700 1919 858 1983 verificari
889 1920 1011 1982 debent
1042 1921 1075 1982 in
1105 1920 1329 2001 sequentibus
1357 1929 1390 1984 et

237 2023 407 2109 solventur
439 2024 561 2102 omnia,
590 2044 677 2106 quae
705 2023 858 2088 Alhazen
894 2033 929 2088 et
957 2023 1131 2087 Avicenna
1157 2034 1191 2088 et
1225 2025 1390 2089 Averroes

238 2130 411 2193 videantur
425 2129 458 2191 in
475 2129 674 2192 contrarium
690 2126 850 2204 fabulari3
874 2139 908 2191 et
929 2129 1123 2192 ostendetur
1144 2130 1234 2211 quod
1254 2150 1319 2192 non
1340 2140 1390 2194 est

238 2244 353 2298 contra
383 2254 441 2297 eos
469 2233 552 2297 haec
582 2233 712 2314 veritas,
732 2244 766 2296 et
796 2231 861 2296 hoc
892 2231 949 2295 fiet
979 2234 1112 2313 quando
1136 2235 1197 2298 erit
1221 2253 1330 2297 sermo
1356 2235 1388 2295 in

239 2338 428 2422 particulari
443 2337 488 2401 de
502 2338 676 2420 agentibus
691 2347 725 2400 et
744 2337 958 2419 patientibus.
997 2337 1156 2402 Similiter
1171 2339 1389 2403 instrumenta

239 2454 358 2515 tactus,
381 2452 507 2525 gustus,
529 2442 678 2517 ollactus,
699 2443 843 2519 auditus,
866 2461 942 2506 cum
965 2443 1031 2505 sint
1057 2463 1197 2525 corpora
1224 2442 1391 2507 sensibilia

240 2547 410 2623 naturalia,
429 2558 567 2628 possunt
593 2567 653 2629 per
676 2566 755 2610 suos
781 2546 908 2610 colores
935 2557 970 2611 et
992 2549 1111 2612 odores
1138 2558 1172 2611 et
1198 2568 1333 2630 sapores
1356 2559 1390 2610 et

240 2660 382 2732 quatuor
407 2649 584 2732 qualitates
611 2648 788 2732 tangibiles
818 2648 926 2714 lacere
955 2651 1080 2734 species
1104 2652 1189 2716 sicut
1220 2671 1270 2714 res
1299 2650 1390 2729 aliae,

240 2767 274 2818 et
289 2774 422 2818 sensum
437 2755 611 2819 immutare
631 2765 792 2836 quantum
807 2765 857 2818 est
872 2756 917 2818 de
931 2777 975 2830 se,
993 2765 1027 2819 et
1045 2755 1150 2820 multo
1172 2757 1277 2839 magis
1296 2764 1391 2820 erunt

241 2860 350 2924 activa
378 2859 561 2941 specierum
592 2860 625 2921 in
654 2870 816 2940 quantum
846 2869 925 2923 sunt
950 2861 1106 2935 animata,
1132 2861 1212 2942 quia
1238 2859 1284 2922 sie
1313 2871 1391 2923 sunt

242 2965 416 3035 nobiliora,
432 2975 466 3028 et
487 2963 563 3027 ideo
579 2965 685 3046 magis
699 2964 816 3028 activa.
861 2963 1076 3048 Quapropter
1099 2965 1220 3028 iaciunt
1242 2965 1390 3048 species3

241 3079 275 3133 et
294 3069 358 3134 hoc
376 3069 488 3152 negari
509 3088 575 3131 non
593 3079 705 3150 potest
724 3068 890 3148 absolute,
905 3070 963 3134 sed
987 3090 1029 3134 an
1049 3069 1113 3134 hae
1134 3070 1260 3153 species
1281 3069 1325 3132 ab
1344 3066 1391 3130 eis

242 3173 348 3239 sactae
363 3182 583 3256 cooperentur
597 3175 640 3235 ad
656 3183 750 3238 actus
765 3175 939 3251 sentiendi,
955 3174 1093 3238 dubium
1109 3183 1197 3237 esset
1215 3173 1393 3255 aliquibus,

241 3299 307 3342 non
326 3289 437 3342 tamen
462 3277 525 3341 illis
547 3277 604 3359 qui
622 3277 706 3342 bene
725 3279 922 3341 examinant
940 3279 1137 3355 veritatem;
1163 3279 1241 3360 quia
1263 3275 1392 3359 procul-

241 3385 345 3449 dubio
357 3383 480 3448 laciunt
492 3384 618 3468 species
633 3404 654 3446 a
668 3404 714 3461 se,
729 3392 767 3448 ut
783 3383 1014 3467 compleantur
1028 3394 1063 3449 et
1078 3383 1299 3450 certificentur
1313 3403 1393 3448 suae

241 3491 453 3573 operationes
466 3510 525 3571 per
539 3488 611 3552 illas
625 3489 753 3571 species
767 3489 855 3553 circa
869 3488 1045 3566 sensibilia,
1059 3499 1096 3554 ut
1111 3510 1268 3572 expresse
1280 3497 1393 3572 potest

242 3594 374 3676 probari
391 3613 448 3676 per
460 3593 680 3658 Aristotelem
695 3592 948 3658 etAvicennam
965 3595 998 3657 in
1015 3593 1105 3658 libris
1120 3595 1163 3658 de
1178 3592 1393 3658 Animalibus

242 3709 277 3763 et
300 3698 411 3762 multis
433 3699 549 3763 modis.
595 3697 662 3763 Sed
683 3697 765 3761 haec
787 3697 921 3762 inferius
942 3697 1067 3762 habent
1090 3697 1282 3777 certificari;
1306 3709 1392 3761 nunc

243 3803 276 3865 in
300 3811 431 3866 tantum
449 3801 588 3867 sufficiat
612 3803 701 3884 quod
726 3823 841 3867 sensus
863 3802 1092 3868 universaliter
1114 3802 1215 3867 faciat
1237 3803 1393 3885 speciem,

241 3907 327 3971 sicut
342 3907 406 3971 alia
420 3907 554 3990 agentia
570 3907 754 3988 corporalia
765 3905 787 3970 ¹.

287 4012 420 4076 Deinde
441 4010 717 4076 considerandum
737 4019 788 4074 est
808 4012 852 4075 de
869 4010 943 4074 aliis
963 4031 983 4074 a
1006 4011 1190 4094 praedictis,
1204 4030 1248 4074 an
1270 4009 1393 4075 saciant

244 4119 391 4200 species3
415 4117 583 4180 nonenim
595 4125 647 4180 est
658 4117 706 4179 ita
717 4126 831 4180 notum
844 4117 887 4180 de
899 4117 1037 4180 caeteris
1051 4116 1148 4180 rebus
1159 4115 1394 4198 corporalibus,

243 4233 276 4287 et
291 4242 378 4306 quae
393 4229 470 4285 sunt
486 4221 656 4303 passiones
670 4239 855 4303 corporum,
870 4241 912 4286 an
928 4221 1049 4286 iaciant
1064 4221 1117 4285 vel
1133 4241 1206 4285 non

288 4326 378 4410 Quia
409 4345 489 4389 vero
519 4324 720 4391 Aristoteles
749 4326 830 4391 dicit
864 4337 986 4409 quarto
1016 4325 1270 4409 Metaphysicae
1302 4324 1392 4407 quod
1406 4321 1544 4436 {oglffit‘f

245 4433 384 4498 materia
399 4442 450 4495 est
466 4431 500 4494 in
512 4430 583 4495 sola
598 4431 749 4513 potentia
764 4432 903 4513 passiva,
914 4440 949 4496 et
965 4431 998 4492 in
1011 4431 1096 4494 libro
1111 4431 1154 4494 de
1173 4429 1394 4495 Generatione
1407 4453 1517 4518 produce

244 4539 334 4621 quod
353 4537 511 4601 materiae
526 4537 666 4602 debetur
686 4537 767 4619 pati,
783 4547 817 4601 et
830 4533 956 4600 lormae
971 4555 1078 4618 agere,
1095 4545 1130 4599 et
1145 4555 1260 4599 omnes
1274 4535 1394 4600 abhor·
1407 4519 1484 4569 tuem.

399 4676 407 4704 ¹
426 4675 464 4725 ct.
478 4676 524 4724 the
535 4674 679 4724 discussion
691 4675 722 4724 oi
729 4674 781 4723 this
792 4674 867 4738 point
878 4673 905 4723 in
917 4673 1077 4737 Perspaea'va,
1092 4687 1134 4736 pp.
1149 4685 1239 4734 49-53.
