3542 5359
351 567 413 646 298
566 570 723 629 OPERIS
745 571 935 641 MAJORIS
959 571 1074 631 PARS
1098 569 1299 632 SEPTIMA.

352 735 404 810 sit,
416 732 473 817 qui
487 733 653 817 malignos
666 755 846 813 sermones,
860 734 991 799 etiamsi
1007 735 1124 799 secreti
1140 735 1246 800 habiti
1261 744 1348 812 sunt,
1363 734 1458 812 eruit,
1470 753 1506 798 se

353 839 426 921 ipse
441 839 612 920 inquietat
656 837 833 922 Quaedam
849 838 1079 922 interpretatio
1094 859 1135 902 eo
1150 839 1303 922 perducit
1318 849 1355 903 ut
1369 839 1506 902 videan-

353 951 409 1004 tur
430 941 586 1024 injuriae3
609 943 722 1026 itaque
743 942 807 1006 alia
826 943 1009 1008 differenda
1031 953 1118 1014 sunt,
1142 942 1208 1008 alia
1231 943 1421 1020 deridenda,
1440 941 1506 1005 alia

354 1046 521 1110 donanda.
566 1044 875 1112 Circumscribenda
890 1046 1004 1112 multis
1019 1047 1129 1112 modis
1144 1046 1190 1111 ira
1204 1057 1272 1112 est:
1295 1047 1452 1130 pleraque
1472 1047 1507 1109 in

353 1149 462 1214 lusum
486 1149 667 1234 jocumque
693 1149 881 1216 vertantur.'
930 1152 975 1217 Et
1006 1162 1136 1234 praeter
1165 1152 1247 1216 haec
1269 1153 1382 1216 omnia
1407 1171 1505 1232 argu-

354 1264 505 1319 mentum
517 1255 639 1340 triplex
654 1266 772 1320 contra
786 1255 869 1320 iram
883 1257 1040 1341 proponit
1056 1257 1088 1320 in
1104 1257 1271 1321 secundo:
1294 1256 1404 1338 arguit
1419 1255 1506 1318 enim

354 1359 420 1424 sic:
444 1360 568 1424 ‘Nefas
590 1357 665 1424 est¹
685 1380 804 1424 nocere
826 1361 974 1443 patriae;
995 1381 1076 1444 ergo
1099 1360 1162 1424 civi
1185 1380 1330 1443 quoque,
1353 1377 1430 1424 nam
1453 1358 1507 1421 hic

355 1484 432 1548 pars
446 1465 573 1547 patriae
584 1475 642 1529 est
689 1463 834 1529 Sanctae
849 1475 960 1547 partes
974 1476 1062 1545 sunt,
1076 1466 1103 1528 si
1119 1464 1308 1530 universum
1319 1461 1508 1526 venerabile

355 1579 416 1634 est.
462 1569 555 1653 Ergo
572 1579 607 1633 et
625 1569 760 1646 homini,
776 1589 854 1632 nam
877 1568 931 1633 hic
954 1569 986 1632 in
1010 1569 1126 1652 majori
1148 1568 1209 1633 tibi
1232 1569 1315 1632 urbe
1336 1567 1418 1631 civis
1437 1563 1508 1642 est,'

355 1673 481 1737 scilicet
511 1674 544 1736 in
576 1675 710 1738 mundo.
756 1671 948 1737 Secundum
980 1682 1030 1737 est
1060 1693 1119 1757 per
1147 1672 1254 1736 simile
1284 1671 1316 1734 in
1348 1669 1507 1734 membris

358 1881 576 1964 manibusque
590 1880 703 1945 oculi?
749 1881 798 1946 Ut
814 1882 928 1945 omnia
951 1883 1036 1947 iuter
1059 1902 1095 1945 se
1116 1881 1265 1946 membra
1284 1879 1507 1956 consentiunt,

355 1985 435 2068 quia
466 1985 598 2068 singula
633 1985 755 2050 servari
793 1986 896 2049 totius
934 1986 1077 2060 interest,
1108 1985 1155 2050 ita
1191 1984 1342 2049 homines
1370 1981 1509 2065 singulis

356 2100 503 2172 parcent,
519 2091 597 2173 quia
615 2090 658 2153 ad
680 2100 813 2154 coetum
834 2089 939 2173 geniti
961 2090 1056 2154 sunt.'
1101 2089 1251 2154 Tertium
1272 2097 1509 2171 argumentum

356 2204 407 2258 est
423 2194 687 2276 propriissimum
703 2204 736 2258 et
752 2193 1019 2277 pulcherrimum,
1035 2194 1128 2278 cujus
1151 2194 1396 2259 conclusionem
1412 2211 1510 2278 prae·

358 2299 471 2373 mittit,
493 2299 618 2376 dicens,
641 2298 755 2380 ‘Ergo
782 2299 829 2361 ira
852 2297 1084 2363 abstinendum
1109 2309 1169 2375 est,
1195 2299 1264 2362 sive
1290 2319 1351 2381 par
1374 2307 1425 2362 est
1451 2296 1508 2379 qui

358 2402 568 2466 lacessendus
607 2412 669 2481 est,
701 2403 770 2466 sive
811 2403 968 2485 superior,
1000 2405 1068 2468 sive
1105 2403 1244 2468 inferior.
1306 2401 1392 2467 Cum
1426 2422 1509 2484 pare

357 2507 559 2572 contendere
573 2526 695 2588 anceps
709 2516 769 2585 est,
782 2527 860 2570 cum
876 2508 1045 2591 superiore
1070 2507 1240 2586 furiosum,
1259 2527 1335 2572 cum
1358 2507 1511 2570 interiore

357 2609 548 2675 sordidum!
593 2610 642 2674 Et
658 2612 713 2690 ait,
738 2611 816 2674 ‘Vir
836 2609 967 2675 bonus²
983 2620 1034 2676 est
1053 2613 1110 2694 qui
1134 2612 1286 2695 injuriam
1304 2609 1405 2675 fecit?
1429 2609 1509 2673 Noli

358 2716 502 2780 credere.
547 2715 683 2778 Malus?
721 2715 788 2779 noli
819 2716 952 2780 imitari.
998 2715 1102 2782 Dabit
1137 2735 1264 2800 poenas
1299 2715 1393 2780 alteri
1426 2733 1511 2797 quas

358 2821 458 2885 debet
473 2819 533 2884 tibi
549 2844 557 2883 :
579 2831 613 2884 et
630 2821 692 2884 sibi
708 2821 810 2897 dedit,
823 2821 881 2903 qui
897 2819 1065 2902 peccavit!
1599 2805 1603 2814 Δ

190 2949 289 2997 Retron
302 2947 340 2995 ror
405 2923 515 2988 Multa
531 2945 610 2988 vero
631 2923 695 2988 alia
712 2935 790 2989 suut
812 2925 1052 2988 consideranda
1072 2924 1157 2989 circa
1179 2924 1272 3003 iram,
1296 2943 1383 3007 quae
1398 2922 1512 2987 omnia

190 3012 346 3127 JW¹¹¹¹¹2³⁰
359 3029 507 3110 pendent
518 3027 740 3111 principaliter
754 3049 799 3092 ex
815 3029 906 3092 libris
917 3027 1074 3106 Senecae,
1086 3029 1129 3091 de
1139 3028 1193 3091 Ira
1208 3038 1242 3093 et
1257 3029 1301 3092 de
1314 3026 1511 3092 Clementia.

189 3094 313 3195 riisgvige.
360 3129 428 3195 Sed
451 3132 530 3213 quia
551 3151 663 3196 sermo
690 3133 871 3213 praesentis
894 3141 1056 3196 tractatus
1079 3141 1131 3196 est
1153 3131 1375 3213 persuasionis
1396 3131 1513 3214 gratia,

360 3255 426 3298 non
440 3236 555 3318 scripti
576 3235 773 3318 principalis,
789 3236 865 3301 ideo
885 3236 971 3300 facio
990 3236 1089 3300 finem
1109 3237 1144 3300 in
1166 3236 1227 3300 his.
1272 3235 1513 3299 Abundantius

359 3358 438 3402 vero
461 3338 592 3402 locutus
612 3359 688 3403 sum
711 3339 754 3403 de
776 3339 839 3404 hoc
861 3339 942 3404 vitio
964 3341 1044 3424 quia
1065 3349 1174 3403 totum
1201 3359 1306 3421 genus
1329 3339 1512 3403 humanum

361 3463 492 3525 semper
505 3442 644 3507 violabit
664 3453 699 3508 et
718 3443 898 3507 confundet
918 3446 999 3509 dum
1021 3443 1122 3507 homo
1138 3452 1262 3507 statum
1279 3443 1373 3507 istius
1389 3453 1514 3506 morta-

361 3548 464 3611 litatis
495 3546 670 3612 obtinebit
716 3547 845 3612 Vitium
876 3550 965 3613 enim
996 3549 1178 3631 pessimum
1209 3557 1270 3625 est,
1300 3557 1335 3611 et
1365 3547 1515 3611 maxime

362 3651 487 3715 homini
510 3650 700 3727 innaturale,
720 3661 754 3718 et
777 3652 810 3716 in
833 3652 1016 3734 periculum
1037 3651 1108 3734 ejus
1126 3652 1326 3718 excandens.
1373 3651 1419 3715 Et
1437 3652 1514 3716 ideo

362 3755 526 3840 copiosius
541 3765 576 3819 et
590 3757 764 3837 specialius
779 3759 822 3826 de
837 3756 900 3820 hac
918 3767 1013 3843 parte
1028 3757 1217 3840 conscripsi.

778 3988 1006 4054 Crerrunuu
1024 3989 1056 4052 X
1067 3989 1089 4055 ⁸.

406 4135 452 4199 Et
471 4155 546 4200 cum
561 4134 633 4217 jam
652 4135 778 4202 dictum
801 4146 851 4200 est
872 4136 916 4199 de
940 4136 996 4213 ira,
1012 4156 1098 4218 quae
1120 4145 1246 4220 pugnat
1269 4157 1345 4201 cum
1368 4136 1516 4200 adversis

362 4249 396 4304 et
418 4239 568 4317 vincitur,
591 4258 678 4303 nunc
707 4239 820 4322 aliqua
846 4240 1025 4305 inferentur
1050 4261 1137 4323 quae
1158 4242 1294 4305 vincunt
1320 4241 1459 4306 adversa
1482 4251 1516 4304 et

394 4371 403 4400 ¹
420 4371 522 4432 Mra,
537 4371 563 4420 ii.
573 4387 615 4433 31,
627 4387 667 4434 34.

395 4447 405 4477 ¹
420 4449 452 4499 t'b.
464 4450 489 4497 ii.
501 4464 541 4510 ³0·
578 4451 608 4498 ln
620 4451 673 4500 this
684 4451 820 4515 quotation
832 4451 922 4504 Baton
934 4452 1085 4504 substitute·
1097 4451 1190 4503 imitari
1202 4451 1243 4501 sor
1254 4451 1350 4500 mirari.

394 4527 405 4557 ⁸
420 4527 478 4575 The
496 4528 627 4590 following
641 4544 721 4590 peges
735 4537 763 4577 to
781 4545 807 4591 p.
826 4545 875 4591 303
892 4545 937 4578 are
954 4531 1079 4593 occupied
1097 4531 1161 4580 with
1178 4537 1293 4579 extracts
1311 4530 1375 4580 from
1392 4529 1517 4581 Seneca's

363 4605 484 4668 diuogue
495 4605 534 4655 De
542 4605 709 4658 Prouidentia.
737 4607 819 4671 Aput
831 4607 895 4659 t‘rom
912 4608 1021 4659 obvious
1036 4624 1122 4660 errore
1134 4609 1164 4658 os
1172 4609 1216 4660 the
1227 4609 1391 4672 transcribet,
1405 4624 1478 4660 some
1490 4611 1522 4662 ol
