<?xml version="1.0" encoding="UTF-8"?>
<!DOCTYPE html PUBLIC "-//W3C//DTD XHTML 1.0 Transitional//EN"
    "http://www.w3.org/TR/xhtml1/DTD/xhtml1-transitional.dtd">
<html xmlns="http://www.w3.org/1999/xhtml" xml:lang="en" lang="en">
 <head>
  <title>
</title>
<meta http-equiv="Content-Type" content="text/html;charset=utf-8" />
  <meta name='ocr-system' content='tesseract 3.04.00' />
  <meta name='ocr-capabilities' content='ocr_page ocr_carea ocr_par ocr_line ocrx_word'/>
</head>
<body>
  <div class='ocr_page' id='page_1' title='image "./opusmajusrogerb02bridgoog/opusmajusrogerb02bridgoog_0118.png"; bbox 0 0 3542 5359; ppageno 0'>
   <div class='ocr_carea' id='block_1_1' title="bbox 374 623 1426 702">
    <p class='ocr_par' dir='ltr' id='par_1_1' title="bbox 374 623 1426 702">
     <span class='ocr_line' id='line_1_1' title="bbox 374 623 1426 702; baseline 0.002 -18"><span class='ocrx_word' id='word_1_1' title='bbox 374 623 705 684; x_wconf 85' lang='lat' dir='ltr'><em>PERSPECTIVAE</em></span> <span class='ocrx_word' id='word_1_2' title='bbox 729 624 845 683; x_wconf 79' lang='lat' dir='ltr'><em>PARS</em></span> <span class='ocrx_word' id='word_1_3' title='bbox 869 625 1096 685; x_wconf 81' lang='lat' dir='ltr'><em>SECUNDA:</em></span> <span class='ocrx_word' id='word_1_4' title='bbox 1129 626 1237 686; x_wconf 85' lang='lat' dir='ltr'>DIST.</span> <span class='ocrx_word' id='word_1_5' title='bbox 1254 627 1313 686; x_wconf 91' lang='lat' dir='ltr'>III.</span> <span class='ocrx_word' id='word_1_6' title='bbox 1384 643 1426 702; x_wconf 91' lang='lat'>99</span> 
     </span>
    </p>
   </div>
   <div class='ocr_carea' id='block_1_2' title="bbox 273 786 1426 2000">
    <p class='ocr_par' dir='ltr' id='par_1_2' title="bbox 273 786 1426 2000">
     <span class='ocr_line' id='line_1_2' title="bbox 273 786 1425 873; baseline 0.002 -23"><span class='ocrx_word' id='word_1_7' title='bbox 273 787 348 850; x_wconf 91' lang='lat' dir='ltr'>sciri</span> <span class='ocrx_word' id='word_1_8' title='bbox 371 788 415 851; x_wconf 94' lang='lat' dir='ltr'>de</span> <span class='ocrx_word' id='word_1_9' title='bbox 443 787 509 852; x_wconf 89' lang='lat' dir='ltr'>situ</span> <span class='ocrx_word' id='word_1_10' title='bbox 532 797 683 871; x_wconf 88' lang='lat' dir='ltr'>respectu</span> <span class='ocrx_word' id='word_1_11' title='bbox 706 786 803 851; x_wconf 90' lang='lat' dir='ltr'>oculi.</span> <span class='ocrx_word' id='word_1_12' title='bbox 851 787 939 851; x_wconf 91' lang='lat' dir='ltr'>Nam</span> <span class='ocrx_word' id='word_1_13' title='bbox 962 788 1006 852; x_wconf 91' lang='lat' dir='ltr'>de</span> <span class='ocrx_word' id='word_1_14' title='bbox 1028 786 1113 853; x_wconf 88' lang='lat' dir='ltr'>facili</span> <span class='ocrx_word' id='word_1_15' title='bbox 1144 799 1255 873; x_wconf 89' lang='lat' dir='ltr'>potest</span> <span class='ocrx_word' id='word_1_16' title='bbox 1284 789 1425 872; x_wconf 88' lang='lat' dir='ltr'>quilibet</span> 
     </span>
     <span class='ocr_line' id='line_1_3' title="bbox 273 890 1426 976; baseline 0.001 -21"><span class='ocrx_word' id='word_1_17' title='bbox 273 890 478 956; x_wconf 84' lang='lat' dir='ltr'>differentias</span> <span class='ocrx_word' id='word_1_18' title='bbox 493 893 575 956; x_wconf 88' lang='lat' dir='ltr'>situs</span> <span class='ocrx_word' id='word_1_19' title='bbox 586 891 656 973; x_wconf 87' lang='lat' dir='ltr'>jam</span> <span class='ocrx_word' id='word_1_20' title='bbox 677 891 801 956; x_wconf 84' lang='lat' dir='ltr'>elicere</span> <span class='ocrx_word' id='word_1_21' title='bbox 848 892 911 957; x_wconf 88' lang='lat' dir='ltr'>Est</span> <span class='ocrx_word' id='word_1_22' title='bbox 931 891 1019 956; x_wconf 91' lang='lat' dir='ltr'>enim</span> <span class='ocrx_word' id='word_1_23' title='bbox 1041 895 1123 957; x_wconf 92' lang='lat' dir='ltr'>situs</span> <span class='ocrx_word' id='word_1_24' title='bbox 1143 892 1277 970; x_wconf 89' lang='lat' dir='ltr'>facialis,</span> <span class='ocrx_word' id='word_1_25' title='bbox 1291 895 1426 976; x_wconf 90' lang='lat' dir='ltr'>quando</span> 
     </span>
     <span class='ocr_line' id='line_1_4' title="bbox 279 994 1424 1080; baseline 0.001 -21"><span class='ocrx_word' id='word_1_26' title='bbox 279 1015 330 1059; x_wconf 88' lang='lat' dir='ltr'>res</span> <span class='ocrx_word' id='word_1_27' title='bbox 352 994 514 1060; x_wconf 81' lang='lat' dir='ltr'>lacialiter</span> <span class='ocrx_word' id='word_1_28' title='bbox 535 995 716 1080; x_wconf 90' lang='lat' dir='ltr'>opponitur</span> <span class='ocrx_word' id='word_1_29' title='bbox 744 995 841 1060; x_wconf 92' lang='lat' dir='ltr'>oculo</span> <span class='ocrx_word' id='word_1_30' title='bbox 864 996 917 1059; x_wconf 91' lang='lat' dir='ltr'>vel</span> <span class='ocrx_word' id='word_1_31' title='bbox 947 997 1061 1073; x_wconf 90' lang='lat' dir='ltr'>oculis,</span> <span class='ocrx_word' id='word_1_32' title='bbox 1090 1018 1151 1062; x_wconf 90' lang='lat' dir='ltr'>nec</span> <span class='ocrx_word' id='word_1_33' title='bbox 1179 998 1327 1062; x_wconf 88' lang='lat' dir='ltr'>elevatur</span> <span class='ocrx_word' id='word_1_34' title='bbox 1359 1019 1424 1061; x_wconf 90' lang='lat' dir='ltr'>una</span> 
     </span>
     <span class='ocr_line' id='line_1_5' title="bbox 274 1100 1426 1185; baseline 0.003 -23"><span class='ocrx_word' id='word_1_35' title='bbox 274 1101 479 1176; x_wconf 86' lang='lat' dir='ltr'>extremitas,</span> <span class='ocrx_word' id='word_1_36' title='bbox 503 1120 563 1165; x_wconf 91' lang='lat' dir='ltr'>nec</span> <span class='ocrx_word' id='word_1_37' title='bbox 584 1100 651 1164; x_wconf 90' lang='lat' dir='ltr'>alia</span> <span class='ocrx_word' id='word_1_38' title='bbox 680 1101 835 1165; x_wconf 87' lang='lat' dir='ltr'><strong>declinat.</strong></span> <span class='ocrx_word' id='word_1_39' title='bbox 881 1101 928 1165; x_wconf 89' lang='lat' dir='ltr'>Et</span> <span class='ocrx_word' id='word_1_40' title='bbox 949 1111 1001 1164; x_wconf 92' lang='lat' dir='ltr'>est</span> <span class='ocrx_word' id='word_1_41' title='bbox 1029 1101 1113 1166; x_wconf 92' lang='lat' dir='ltr'>situs</span> <span class='ocrx_word' id='word_1_42' title='bbox 1143 1102 1333 1185; x_wconf 88' lang='lat' dir='ltr'>obliquatus</span> <span class='ocrx_word' id='word_1_43' title='bbox 1364 1122 1426 1184; x_wconf 91' lang='lat' dir='ltr'>per</span> 
     </span>
     <span class='ocr_line' id='line_1_6' title="bbox 275 1202 1425 1290; baseline 0.004 -25"><span class='ocrx_word' id='word_1_44' title='bbox 275 1202 493 1268; x_wconf 81' lang='lat' dir='ltr'>elevationem</span> <span class='ocrx_word' id='word_1_45' title='bbox 516 1205 614 1269; x_wconf 89' lang='lat' dir='ltr'>unius</span> <span class='ocrx_word' id='word_1_46' title='bbox 636 1204 858 1268; x_wconf 85' lang='lat' dir='ltr'>extremitatis</span> <span class='ocrx_word' id='word_1_47' title='bbox 884 1215 919 1269; x_wconf 90' lang='lat' dir='ltr'>et</span> <span class='ocrx_word' id='word_1_48' title='bbox 941 1206 1188 1290; x_wconf 84' lang='lat' dir='ltr'>depressionem</span> <span class='ocrx_word' id='word_1_49' title='bbox 1211 1206 1369 1286; x_wconf 77' lang='lat' dir='ltr'>alterius3</span> <span class='ocrx_word' id='word_1_50' title='bbox 1391 1217 1425 1271; x_wconf 90' lang='lat' dir='ltr'>et</span> 
     </span>
     <span class='ocr_line' id='line_1_7' title="bbox 274 1307 1426 1395; baseline 0.003 -25"><span class='ocrx_word' id='word_1_51' title='bbox 274 1307 330 1372; x_wconf 91' lang='lat' dir='ltr'>hic</span> <span class='ocrx_word' id='word_1_52' title='bbox 344 1309 465 1372; x_wconf 91' lang='lat' dir='ltr'>dicitur</span> <span class='ocrx_word' id='word_1_53' title='bbox 479 1310 562 1374; x_wconf 90' lang='lat' dir='ltr'>situs</span> <span class='ocrx_word' id='word_1_54' title='bbox 577 1309 739 1392; x_wconf 88' lang='lat' dir='ltr'>obliquus.</span> <span class='ocrx_word' id='word_1_55' title='bbox 785 1311 870 1374; x_wconf 86' lang='lat' dir='ltr'>Item</span> <span class='ocrx_word' id='word_1_56' title='bbox 891 1311 925 1373; x_wconf 91' lang='lat' dir='ltr'>in</span> <span class='ocrx_word' id='word_1_57' title='bbox 942 1312 1008 1374; x_wconf 90' lang='lat' dir='ltr'>situ</span> <span class='ocrx_word' id='word_1_58' title='bbox 1026 1309 1135 1376; x_wconf 81' lang='lat' dir='ltr'>faciali</span> <span class='ocrx_word' id='word_1_59' title='bbox 1159 1320 1209 1375; x_wconf 91' lang='lat' dir='ltr'>est</span> <span class='ocrx_word' id='word_1_60' title='bbox 1224 1312 1306 1376; x_wconf 91' lang='lat' dir='ltr'>situs</span> <span class='ocrx_word' id='word_1_61' title='bbox 1322 1311 1426 1395; x_wconf 91' lang='lat' dir='ltr'>partis</span> 
     </span>
     <span class='ocr_line' id='line_1_8' title="bbox 275 1412 1425 1498; baseline 0.002 -22"><span class='ocrx_word' id='word_1_62' title='bbox 275 1412 371 1476; x_wconf 87' lang='lat' dir='ltr'>unius</span> <span class='ocrx_word' id='word_1_63' title='bbox 397 1423 547 1496; x_wconf 85' lang='lat' dir='ltr'>respectu</span> <span class='ocrx_word' id='word_1_64' title='bbox 573 1414 702 1491; x_wconf 91' lang='lat' dir='ltr'>axium,</span> <span class='ocrx_word' id='word_1_65' title='bbox 724 1423 758 1477; x_wconf 91' lang='lat' dir='ltr'>et</span> <span class='ocrx_word' id='word_1_66' title='bbox 785 1415 869 1478; x_wconf 91' lang='lat' dir='ltr'>aliae</span> <span class='ocrx_word' id='word_1_67' title='bbox 899 1424 1012 1498; x_wconf 90' lang='lat' dir='ltr'>partes</span> <span class='ocrx_word' id='word_1_68' title='bbox 1037 1415 1144 1498; x_wconf 85' lang='lat' dir='ltr'>magis</span> <span class='ocrx_word' id='word_1_69' title='bbox 1173 1415 1361 1490; x_wconf 90' lang='lat' dir='ltr'>declinant;</span> <span class='ocrx_word' id='word_1_70' title='bbox 1390 1424 1425 1478; x_wconf 90' lang='lat' dir='ltr'>et</span> 
     </span>
     <span class='ocr_line' id='line_1_9' title="bbox 275 1517 1424 1601; baseline 0.003 -22"><span class='ocrx_word' id='word_1_71' title='bbox 275 1517 426 1581; x_wconf 89' lang='lat' dir='ltr'>similiter</span> <span class='ocrx_word' id='word_1_72' title='bbox 447 1519 482 1581; x_wconf 93' lang='lat' dir='ltr'>in</span> <span class='ocrx_word' id='word_1_73' title='bbox 505 1519 570 1583; x_wconf 91' lang='lat' dir='ltr'>situ</span> <span class='ocrx_word' id='word_1_74' title='bbox 593 1517 731 1601; x_wconf 91' lang='lat' dir='ltr'>obliquo</span> <span class='ocrx_word' id='word_1_75' title='bbox 745 1520 910 1601; x_wconf 83' lang='lat' dir='ltr'>quaedam</span> <span class='ocrx_word' id='word_1_76' title='bbox 933 1529 1046 1601; x_wconf 88' lang='lat' dir='ltr'>partes</span> <span class='ocrx_word' id='word_1_77' title='bbox 1067 1529 1144 1583; x_wconf 91' lang='lat' dir='ltr'>sunt</span> <span class='ocrx_word' id='word_1_78' title='bbox 1166 1519 1359 1583; x_wconf 74' lang='lat' dir='ltr'>remotiores</span> <span class='ocrx_word' id='word_1_79' title='bbox 1381 1519 1424 1582; x_wconf 89' lang='lat' dir='ltr'>ab</span> 
     </span>
     <span class='ocr_line' id='line_1_10' title="bbox 275 1621 1424 1708; baseline 0.002 -24"><span class='ocrx_word' id='word_1_80' title='bbox 275 1641 351 1695; x_wconf 87' lang='lat' dir='ltr'>axe,</span> <span class='ocrx_word' id='word_1_81' title='bbox 367 1623 531 1704; x_wconf 83' lang='lat' dir='ltr'>quaedam</span> <span class='ocrx_word' id='word_1_82' title='bbox 547 1623 780 1708; x_wconf 83' lang='lat' dir='ltr'>proximiores.</span> <span class='ocrx_word' id='word_1_83' title='bbox 826 1622 872 1686; x_wconf 88' lang='lat' dir='ltr'>Et</span> <span class='ocrx_word' id='word_1_84' title='bbox 886 1623 1014 1687; x_wconf 91' lang='lat' dir='ltr'>dictum</span> <span class='ocrx_word' id='word_1_85' title='bbox 1031 1633 1083 1687; x_wconf 89' lang='lat' dir='ltr'>est</span> <span class='ocrx_word' id='word_1_86' title='bbox 1098 1624 1267 1706; x_wconf 90' lang='lat' dir='ltr'>quomodo</span> <span class='ocrx_word' id='word_1_87' title='bbox 1281 1621 1320 1687; x_wconf 87' lang='lat' dir='ltr'>fit</span> <span class='ocrx_word' id='word_1_88' title='bbox 1334 1643 1424 1686; x_wconf 92' lang='lat' dir='ltr'>corn-</span> 
     </span>
     <span class='ocr_line' id='line_1_11' title="bbox 276 1725 1425 1810; baseline 0.003 -22"><span class='ocrx_word' id='word_1_89' title='bbox 276 1725 452 1810; x_wconf 88' lang='lat' dir='ltr'>prehensio</span> <span class='ocrx_word' id='word_1_90' title='bbox 467 1737 501 1791; x_wconf 86' lang='lat' dir='ltr'>et</span> <span class='ocrx_word' id='word_1_91' title='bbox 517 1746 606 1791; x_wconf 90' lang='lat' dir='ltr'>error</span> <span class='ocrx_word' id='word_1_92' title='bbox 620 1728 654 1790; x_wconf 93' lang='lat' dir='ltr'>in</span> <span class='ocrx_word' id='word_1_93' title='bbox 669 1727 823 1791; x_wconf 91' lang='lat' dir='ltr'>omnibus</span> <span class='ocrx_word' id='word_1_94' title='bbox 841 1727 1014 1792; x_wconf 88' lang='lat' dir='ltr'>similibus.</span> <span class='ocrx_word' id='word_1_95' title='bbox 1060 1727 1152 1792; x_wconf 90' lang='lat' dir='ltr'>Situs</span> <span class='ocrx_word' id='word_1_96' title='bbox 1166 1738 1287 1804; x_wconf 90' lang='lat' dir='ltr'>autem,</span> <span class='ocrx_word' id='word_1_97' title='bbox 1302 1729 1359 1809; x_wconf 89' lang='lat' dir='ltr'>qui</span> <span class='ocrx_word' id='word_1_98' title='bbox 1374 1738 1425 1792; x_wconf 89' lang='lat' dir='ltr'>est</span> 
     </span>
     <span class='ocr_line' id='line_1_12' title="bbox 275 1831 1426 1912; baseline 0.002 -18"><span class='ocrx_word' id='word_1_99' title='bbox 275 1839 372 1894; x_wconf 89' lang='lat' dir='ltr'>extra</span> <span class='ocrx_word' id='word_1_100' title='bbox 394 1831 602 1912; x_wconf 85' lang='lat' dir='ltr'>pyramidem</span> <span class='ocrx_word' id='word_1_101' title='bbox 632 1851 700 1896; x_wconf 90' lang='lat' dir='ltr'>non</span> <span class='ocrx_word' id='word_1_102' title='bbox 730 1832 839 1896; x_wconf 89' lang='lat' dir='ltr'>solum</span> <span class='ocrx_word' id='word_1_103' title='bbox 862 1831 1033 1910; x_wconf 88' lang='lat' dir='ltr'>visualem,</span> <span class='ocrx_word' id='word_1_104' title='bbox 1055 1834 1114 1896; x_wconf 91' lang='lat' dir='ltr'>sed</span> <span class='ocrx_word' id='word_1_105' title='bbox 1136 1843 1256 1912; x_wconf 89' lang='lat' dir='ltr'>totam,</span> <span class='ocrx_word' id='word_1_106' title='bbox 1277 1831 1426 1897; x_wconf 87' lang='lat' dir='ltr'>excludit</span> 
     </span>
     <span class='ocr_line' id='line_1_13' title="bbox 274 1934 601 2000; baseline -0.003 -1"><span class='ocrx_word' id='word_1_107' title='bbox 274 1934 434 1999; x_wconf 86' lang='lat' dir='ltr'>visionem</span> <span class='ocrx_word' id='word_1_108' title='bbox 455 1935 601 2000; x_wconf 90' lang='lat' dir='ltr'>omnino.</span> 
     </span>
    </p>
   </div>
   <div class='ocr_carea' id='block_1_3' title="bbox 602 2361 1100 2440">
    <p class='ocr_par' dir='ltr' id='par_1_3' title="bbox 602 2361 1100 2440">
     <span class='ocr_line' id='line_1_14' title="bbox 602 2361 1100 2440; baseline 0.002 -3"><span class='ocrx_word' id='word_1_109' title='bbox 602 2372 881 2440; x_wconf 88' lang='lat' dir='ltr'>DISTlNCTlO</span> <span class='ocrx_word' id='word_1_110' title='bbox 904 2361 1100 2439; x_wconf 81' lang='lat' dir='ltr'><strong>TERTIA.</strong></span> 
     </span>
    </p>
   </div>
   <div class='ocr_carea' id='block_1_4' title="bbox 274 2564 1426 2856">
    <p class='ocr_par' dir='ltr' id='par_1_4' title="bbox 274 2564 1426 2856">
     <span class='ocr_line' id='line_1_15' title="bbox 323 2564 1426 2648; baseline -0.001 -19"><span class='ocrx_word' id='word_1_111' title='bbox 323 2565 362 2630; x_wconf 89' lang='lat' dir='ltr'>ln</span> <span class='ocrx_word' id='word_1_112' title='bbox 387 2585 454 2648; x_wconf 90' lang='lat' dir='ltr'>qua</span> <span class='ocrx_word' id='word_1_113' title='bbox 475 2565 702 2629; x_wconf 88' lang='lat' dir='ltr'>consideratur</span> <span class='ocrx_word' id='word_1_114' title='bbox 724 2564 767 2628; x_wconf 89' lang='lat' dir='ltr'>de</span> <span class='ocrx_word' id='word_1_115' title='bbox 788 2564 909 2648; x_wconf 91' lang='lat' dir='ltr'>triplici</span> <span class='ocrx_word' id='word_1_116' title='bbox 933 2566 1036 2630; x_wconf 91' lang='lat' dir='ltr'>modo</span> <span class='ocrx_word' id='word_1_117' title='bbox 1057 2565 1192 2629; x_wconf 89' lang='lat' dir='ltr'>videndi</span> <span class='ocrx_word' id='word_1_118' title='bbox 1216 2584 1317 2648; x_wconf 86' lang='lat' dir='ltr'>penes</span> <span class='ocrx_word' id='word_1_119' title='bbox 1349 2574 1426 2629; x_wconf 87' lang='lat' dir='ltr'>octo</span> 
     </span>
     <span class='ocr_line' id='line_1_16' title="bbox 276 2667 1426 2754; baseline -0.002 -22"><span class='ocrx_word' id='word_1_120' title='bbox 276 2669 456 2754; x_wconf 89' lang='lat' dir='ltr'>praedicta,</span> <span class='ocrx_word' id='word_1_121' title='bbox 486 2667 613 2733; x_wconf 87' lang='lat' dir='ltr'>habens</span> <span class='ocrx_word' id='word_1_122' title='bbox 649 2679 777 2753; x_wconf 90' lang='lat' dir='ltr'>septem</span> <span class='ocrx_word' id='word_1_123' title='bbox 815 2669 971 2753; x_wconf 79' lang='lat' dir='ltr'>capitula.</span> <span class='ocrx_word' id='word_1_124' title='bbox 1016 2670 1078 2734; x_wconf 87' lang='lat' dir='ltr'>·Et</span> <span class='ocrx_word' id='word_1_125' title='bbox 1115 2669 1223 2750; x_wconf 87' lang='lat' dir='ltr'>primo</span> <span class='ocrx_word' id='word_1_126' title='bbox 1259 2678 1426 2751; x_wconf 90' lang='lat' dir='ltr'>ponuntur</span> 
     </span>
     <span class='ocr_line' id='line_1_17' title="bbox 274 2772 939 2856; baseline -0.002 -20"><span class='ocrx_word' id='word_1_127' title='bbox 274 2772 433 2856; x_wconf 87' lang='lat' dir='ltr'>exempla</span> <span class='ocrx_word' id='word_1_128' title='bbox 456 2773 499 2836; x_wconf 86' lang='lat' dir='ltr'>de</span> <span class='ocrx_word' id='word_1_129' title='bbox 522 2773 711 2855; x_wconf 81' lang='lat' dir='ltr'>cognitione</span> <span class='ocrx_word' id='word_1_130' title='bbox 736 2772 808 2837; x_wconf 93' lang='lat' dir='ltr'>solo</span> <span class='ocrx_word' id='word_1_131' title='bbox 832 2793 939 2836; x_wconf 90' lang='lat' dir='ltr'>sensu.</span> 
     </span>
    </p>
   </div>
   <div class='ocr_carea' id='block_1_5' title="bbox 711 3015 993 3082">
    <p class='ocr_par' dir='ltr' id='par_1_5' title="bbox 711 3015 993 3082">
     <span class='ocr_line' id='line_1_18' title="bbox 711 3015 993 3082; baseline -0.004 0"><span class='ocrx_word' id='word_1_132' title='bbox 711 3015 941 3082; x_wconf 67' lang='lat' dir='ltr'>Cauruuux</span> <span class='ocrx_word' id='word_1_133' title='bbox 967 3015 993 3081; x_wconf 94' lang='grc' dir='ltr'>Ι.</span> 
     </span>
    </p>
   </div>
   <div class='ocr_carea' id='block_1_6' title="bbox 276 3170 1596 4799">
    <p class='ocr_par' dir='ltr' id='par_1_6' title="bbox 276 3170 1596 3880">
     <span class='ocr_line' id='line_1_19' title="bbox 324 3170 1428 3256; baseline -0.001 -21"><span class='ocrx_word' id='word_1_134' title='bbox 324 3171 389 3236; x_wconf 89' lang='lat' dir='ltr'>His</span> <span class='ocrx_word' id='word_1_135' title='bbox 411 3172 534 3237; x_wconf 86' lang='lat' dir='ltr'>habitis</span> <span class='ocrx_word' id='word_1_136' title='bbox 556 3193 577 3236; x_wconf 91' lang='lat' dir='ltr'>a</span> <span class='ocrx_word' id='word_1_137' title='bbox 598 3182 694 3254; x_wconf 87' lang='lat' dir='ltr'>parte</span> <span class='ocrx_word' id='word_1_138' title='bbox 716 3171 803 3235; x_wconf 91' lang='lat' dir='ltr'>oculi</span> <span class='ocrx_word' id='word_1_139' title='bbox 830 3182 863 3236; x_wconf 91' lang='lat' dir='ltr'>et</span> <span class='ocrx_word' id='word_1_140' title='bbox 886 3173 1071 3256; x_wconf 83' lang='lat' dir='ltr'>specierum</span> <span class='ocrx_word' id='word_1_141' title='bbox 1097 3170 1188 3250; x_wconf 91' lang='lat' dir='ltr'>situs,</span> <span class='ocrx_word' id='word_1_142' title='bbox 1210 3191 1299 3236; x_wconf 89' lang='lat' dir='ltr'>nunc</span> <span class='ocrx_word' id='word_1_143' title='bbox 1321 3171 1428 3236; x_wconf 92' lang='lat' dir='ltr'>consi-</span> 
     </span>
     <span class='ocr_line' id='line_1_20' title="bbox 276 3276 1429 3361; baseline -0.001 -20"><span class='ocrx_word' id='word_1_144' title='bbox 276 3277 461 3341; x_wconf 84' lang='lat' dir='ltr'>derandum</span> <span class='ocrx_word' id='word_1_145' title='bbox 482 3276 620 3341; x_wconf 88' lang='lat' dir='ltr'>ulterius</span> <span class='ocrx_word' id='word_1_146' title='bbox 637 3277 680 3340; x_wconf 91' lang='lat' dir='ltr'>de</span> <span class='ocrx_word' id='word_1_147' title='bbox 699 3276 818 3361; x_wconf 91' lang='lat' dir='ltr'>triplici</span> <span class='ocrx_word' id='word_1_148' title='bbox 839 3278 941 3341; x_wconf 90' lang='lat' dir='ltr'>modo</span> <span class='ocrx_word' id='word_1_149' title='bbox 957 3276 1093 3340; x_wconf 89' lang='lat' dir='ltr'>videndi</span> <span class='ocrx_word' id='word_1_150' title='bbox 1117 3296 1219 3360; x_wconf 89' lang='lat' dir='ltr'>penes</span> <span class='ocrx_word' id='word_1_151' title='bbox 1242 3285 1319 3340; x_wconf 93' lang='lat' dir='ltr'>octo</span> <span class='ocrx_word' id='word_1_152' title='bbox 1342 3297 1429 3359; x_wconf 91' lang='lat' dir='ltr'>quae</span> 
     </span>
     <span class='ocr_line' id='line_1_21' title="bbox 277 3379 1586 3468; baseline -0.005 -24"><span class='ocrx_word' id='word_1_153' title='bbox 277 3381 461 3444; x_wconf 88' lang='lat' dir='ltr'>necessaria</span> <span class='ocrx_word' id='word_1_154' title='bbox 479 3392 557 3446; x_wconf 91' lang='lat' dir='ltr'>sunt</span> <span class='ocrx_word' id='word_1_155' title='bbox 574 3381 645 3446; x_wconf 90' lang='lat' dir='ltr'>sine</span> <span class='ocrx_word' id='word_1_156' title='bbox 664 3382 785 3463; x_wconf 91' lang='lat' dir='ltr'>quibus</span> <span class='ocrx_word' id='word_1_157' title='bbox 806 3401 872 3444; x_wconf 90' lang='lat' dir='ltr'>non</span> <span class='ocrx_word' id='word_1_158' title='bbox 893 3391 1005 3465; x_wconf 92' lang='lat' dir='ltr'>potest</span> <span class='ocrx_word' id='word_1_159' title='bbox 1028 3379 1097 3444; x_wconf 87' lang='lat' dir='ltr'>fieri</span> <span class='ocrx_word' id='word_1_160' title='bbox 1117 3382 1210 3446; x_wconf 90' lang='lat' dir='ltr'>visio.</span> <span class='ocrx_word' id='word_1_161' title='bbox 1254 3381 1333 3446; x_wconf 87' lang='lat' dir='ltr'>Lux</span> <span class='ocrx_word' id='word_1_162' title='bbox 1347 3402 1428 3464; x_wconf 87' lang='lat' dir='ltr'>ergo</span> <span class='ocrx_word' id='word_1_163' title='bbox 1441 3389 1515 3468; x_wconf 60' lang='lat' dir='ltr'>Perre</span> <span class='ocrx_word' id='word_1_164' title='bbox 1545 3388 1586 3438; x_wconf 82' lang='lat' dir='ltr'>‘on</span> 
     </span>
     <span class='ocr_line' id='line_1_22' title="bbox 276 3455 1596 3572; baseline 0.001 -24"><span class='ocrx_word' id='word_1_165' title='bbox 276 3493 311 3548; x_wconf 87' lang='lat' dir='ltr'>et</span> <span class='ocrx_word' id='word_1_166' title='bbox 326 3484 417 3546; x_wconf 92' lang='lat' dir='ltr'>color</span> <span class='ocrx_word' id='word_1_167' title='bbox 437 3485 592 3548; x_wconf 91' lang='lat' dir='ltr'>videntur</span> <span class='ocrx_word' id='word_1_168' title='bbox 613 3485 686 3549; x_wconf 91' lang='lat' dir='ltr'>solo</span> <span class='ocrx_word' id='word_1_169' title='bbox 707 3505 814 3562; x_wconf 83' lang='lat' dir='ltr'>sensu,</span> <span class='ocrx_word' id='word_1_170' title='bbox 829 3496 864 3549; x_wconf 91' lang='lat' dir='ltr'>et</span> <span class='ocrx_word' id='word_1_171' title='bbox 885 3505 952 3549; x_wconf 91' lang='lat' dir='ltr'>non</span> <span class='ocrx_word' id='word_1_172' title='bbox 973 3494 1099 3548; x_wconf 88' lang='lat' dir='ltr'>erratur</span> <span class='ocrx_word' id='word_1_173' title='bbox 1117 3485 1204 3548; x_wconf 87' lang='lat' dir='ltr'>circa</span> <span class='ocrx_word' id='word_1_174' title='bbox 1230 3506 1279 3562; x_wconf 89' lang='lat' dir='ltr'>ea,</span> <span class='ocrx_word' id='word_1_175' title='bbox 1295 3486 1429 3569; x_wconf 92' lang='lat' dir='ltr'>quando</span> <span class='ocrx_word' id='word_1_176' title='bbox 1441 3455 1596 3572; x_wconf 47' lang='lat' dir='ltr'>ffiffiw,</span> 
     </span>
     <span class='ocr_line' id='line_1_23' title="bbox 276 3587 1429 3673; baseline 0.003 -22"><span class='ocrx_word' id='word_1_177' title='bbox 276 3587 357 3652; x_wconf 89' lang='lat' dir='ltr'>haec</span> <span class='ocrx_word' id='word_1_178' title='bbox 379 3598 458 3653; x_wconf 87' lang='lat' dir='ltr'>octo</span> <span class='ocrx_word' id='word_1_179' title='bbox 479 3607 545 3652; x_wconf 96' lang='lat' dir='ltr'>non</span> <span class='ocrx_word' id='word_1_180' title='bbox 567 3589 780 3673; x_wconf 84' lang='lat' dir='ltr'>egrediuntur</span> <span class='ocrx_word' id='word_1_181' title='bbox 799 3612 820 3652; x_wconf 89' lang='lat' dir='ltr'>a</span> <span class='ocrx_word' id='word_1_182' title='bbox 835 3610 896 3653; x_wconf 93' lang='lat' dir='ltr'>suo</span> <span class='ocrx_word' id='word_1_183' title='bbox 915 3599 1203 3673; x_wconf 76' lang='lat' dir='ltr'>temperament03</span> <span class='ocrx_word' id='word_1_184' title='bbox 1226 3590 1330 3654; x_wconf 90' lang='lat' dir='ltr'>immo</span> <span class='ocrx_word' id='word_1_185' title='bbox 1350 3599 1429 3655; x_wconf 92' lang='lat' dir='ltr'>tunc</span> 
     </span>
     <span class='ocr_line' id='line_1_24' title="bbox 279 3691 1429 3778; baseline 0.003 -22"><span class='ocrx_word' id='word_1_186' title='bbox 279 3691 410 3756; x_wconf 87' lang='lat' dir='ltr'>videtur</span> <span class='ocrx_word' id='word_1_187' title='bbox 433 3693 491 3755; x_wconf 89' lang='lat' dir='ltr'>lux</span> <span class='ocrx_word' id='word_1_188' title='bbox 513 3691 599 3757; x_wconf 89' lang='lat' dir='ltr'>sicut</span> <span class='ocrx_word' id='word_1_189' title='bbox 621 3702 681 3768; x_wconf 90' lang='lat' dir='ltr'>est,</span> <span class='ocrx_word' id='word_1_190' title='bbox 696 3703 730 3756; x_wconf 91' lang='lat' dir='ltr'>et</span> <span class='ocrx_word' id='word_1_191' title='bbox 752 3691 844 3758; x_wconf 90' lang='lat' dir='ltr'>color</span> <span class='ocrx_word' id='word_1_192' title='bbox 865 3695 952 3756; x_wconf 88' lang='lat' dir='ltr'>sicut</span> <span class='ocrx_word' id='word_1_193' title='bbox 971 3703 1031 3756; x_wconf 89' lang='lat' dir='ltr'>est.</span> <span class='ocrx_word' id='word_1_194' title='bbox 1077 3692 1221 3775; x_wconf 86' lang='lat' dir='ltr'>Quando</span> <span class='ocrx_word' id='word_1_195' title='bbox 1236 3715 1316 3758; x_wconf 89' lang='lat' dir='ltr'>vero</span> <span class='ocrx_word' id='word_1_196' title='bbox 1337 3715 1429 3778; x_wconf 84' lang='lat' dir='ltr'>egre-</span> 
     </span>
     <span class='ocr_line' id='line_1_25' title="bbox 277 3797 1428 3880; baseline 0.002 -19"><span class='ocrx_word' id='word_1_197' title='bbox 277 3797 414 3861; x_wconf 91' lang='lat' dir='ltr'>diuntur</span> <span class='ocrx_word' id='word_1_198' title='bbox 435 3818 456 3860; x_wconf 89' lang='lat' dir='ltr'>a</span> <span class='ocrx_word' id='word_1_199' title='bbox 478 3818 538 3860; x_wconf 90' lang='lat' dir='ltr'>suo</span> <span class='ocrx_word' id='word_1_200' title='bbox 558 3807 831 3880; x_wconf 88' lang='lat' dir='ltr'>temperamento,</span> <span class='ocrx_word' id='word_1_201' title='bbox 846 3807 925 3862; x_wconf 93' lang='lat' dir='ltr'>tunc</span> <span class='ocrx_word' id='word_1_202' title='bbox 948 3797 1072 3861; x_wconf 91' lang='lat' dir='ltr'>accidit</span> <span class='ocrx_word' id='word_1_203' title='bbox 1089 3818 1178 3862; x_wconf 91' lang='lat' dir='ltr'>error</span> <span class='ocrx_word' id='word_1_204' title='bbox 1194 3798 1247 3863; x_wconf 88' lang='lat' dir='ltr'>vel</span> <span class='ocrx_word' id='word_1_205' title='bbox 1270 3798 1428 3863; x_wconf 72' lang='lat' dir='ltr'>defectus.</span> 
     </span>
    </p>

    <p class='ocr_par' dir='ltr' id='par_1_7' title="bbox 276 3900 1430 4799">
     <span class='ocr_line' id='line_1_26' title="bbox 279 3900 1430 3984; baseline 0.001 -20"><span class='ocrx_word' id='word_1_206' title='bbox 279 3900 368 3964; x_wconf 90' lang='lat' dir='ltr'>Nam</span> <span class='ocrx_word' id='word_1_207' title='bbox 391 3900 450 3964; x_wconf 93' lang='lat' dir='ltr'>lux</span> <span class='ocrx_word' id='word_1_208' title='bbox 472 3900 641 3965; x_wconf 88' lang='lat' dir='ltr'>stellarum</span> <span class='ocrx_word' id='word_1_209' title='bbox 665 3902 708 3965; x_wconf 86' lang='lat' dir='ltr'>de</span> <span class='ocrx_word' id='word_1_210' title='bbox 741 3902 796 3965; x_wconf 89' lang='lat' dir='ltr'>die</span> <span class='ocrx_word' id='word_1_211' title='bbox 825 3922 891 3964; x_wconf 89' lang='lat' dir='ltr'>non</span> <span class='ocrx_word' id='word_1_212' title='bbox 913 3902 1044 3965; x_wconf 88' lang='lat' dir='ltr'>videtur</span> <span class='ocrx_word' id='word_1_213' title='bbox 1068 3903 1203 3984; x_wconf 90' lang='lat' dir='ltr'>quando</span> <span class='ocrx_word' id='word_1_214' title='bbox 1225 3903 1269 3965; x_wconf 93' lang='lat' dir='ltr'>ad</span> <span class='ocrx_word' id='word_1_215' title='bbox 1297 3903 1430 3968; x_wconf 90' lang='lat' dir='ltr'>oculum</span> 
     </span>
     <span class='ocr_line' id='line_1_27' title="bbox 277 4005 1430 4089; baseline 0.003 -22"><span class='ocrx_word' id='word_1_216' title='bbox 277 4005 370 4070; x_wconf 89' lang='lat' dir='ltr'>venit</span> <span class='ocrx_word' id='word_1_217' title='bbox 401 4006 574 4087; x_wconf 90' lang='lat' dir='ltr'>plenitudo</span> <span class='ocrx_word' id='word_1_218' title='bbox 609 4005 690 4069; x_wconf 89' lang='lat' dir='ltr'>lucis</span> <span class='ocrx_word' id='word_1_219' title='bbox 718 4006 834 4070; x_wconf 83' lang='lat' dir='ltr'>solaris</span> <span class='ocrx_word' id='word_1_220' title='bbox 868 4015 1006 4089; x_wconf 88' lang='lat' dir='ltr'>propter</span> <span class='ocrx_word' id='word_1_221' title='bbox 1034 4027 1201 4089; x_wconf 86' lang='lat' dir='ltr'>egressum</span> <span class='ocrx_word' id='word_1_222' title='bbox 1232 4006 1318 4070; x_wconf 87' lang='lat' dir='ltr'>illius</span> <span class='ocrx_word' id='word_1_223' title='bbox 1348 4007 1430 4070; x_wconf 89' lang='lat' dir='ltr'>lucis</span> 
     </span>
     <span class='ocr_line' id='line_1_28' title="bbox 280 4109 1430 4193; baseline 0.001 -20"><span class='ocrx_word' id='word_1_224' title='bbox 280 4130 302 4173; x_wconf 92' lang='lat' dir='ltr'>a</span> <span class='ocrx_word' id='word_1_225' title='bbox 320 4117 584 4190; x_wconf 85' lang='lat' dir='ltr'>temperamento</span> <span class='ocrx_word' id='word_1_226' title='bbox 605 4122 755 4193; x_wconf 90' lang='lat' dir='ltr'>respectu</span> <span class='ocrx_word' id='word_1_227' title='bbox 779 4109 864 4173; x_wconf 87' lang='lat' dir='ltr'>oculi</span> <span class='ocrx_word' id='word_1_228' title='bbox 886 4119 920 4172; x_wconf 91' lang='lat' dir='ltr'>et</span> <span class='ocrx_word' id='word_1_229' title='bbox 941 4110 1023 4173; x_wconf 90' lang='lat' dir='ltr'>lucis</span> <span class='ocrx_word' id='word_1_230' title='bbox 1044 4109 1222 4183; x_wconf 89' lang='lat' dir='ltr'>stellarum,</span> <span class='ocrx_word' id='word_1_231' title='bbox 1239 4118 1276 4173; x_wconf 91' lang='lat' dir='ltr'>ut</span> <span class='ocrx_word' id='word_1_232' title='bbox 1294 4110 1430 4192; x_wconf 89' lang='lat' dir='ltr'>quando</span> 
     </span>
     <span class='ocr_line' id='line_1_29' title="bbox 278 4212 1430 4298; baseline 0 -22"><span class='ocrx_word' id='word_1_233' title='bbox 278 4213 381 4276; x_wconf 90' lang='lat' dir='ltr'>homo</span> <span class='ocrx_word' id='word_1_234' title='bbox 400 4222 451 4276; x_wconf 91' lang='lat' dir='ltr'>est</span> <span class='ocrx_word' id='word_1_235' title='bbox 473 4215 506 4277; x_wconf 90' lang='lat' dir='ltr'>in</span> <span class='ocrx_word' id='word_1_236' title='bbox 525 4213 695 4298; x_wconf 86' lang='lat' dir='ltr'>superficie</span> <span class='ocrx_word' id='word_1_237' title='bbox 716 4215 817 4296; x_wconf 79' lang='lat' dir='ltr'>putei,</span> <span class='ocrx_word' id='word_1_238' title='bbox 835 4213 878 4276; x_wconf 92' lang='lat' dir='ltr'>ad</span> <span class='ocrx_word' id='word_1_239' title='bbox 898 4213 968 4295; x_wconf 87' lang='lat' dir='ltr'>ejus</span> <span class='ocrx_word' id='word_1_240' title='bbox 988 4212 1103 4277; x_wconf 90' lang='lat' dir='ltr'>oculos</span> <span class='ocrx_word' id='word_1_241' title='bbox 1119 4213 1212 4277; x_wconf 85' lang='lat' dir='ltr'>venit</span> <span class='ocrx_word' id='word_1_242' title='bbox 1232 4212 1290 4275; x_wconf 94' lang='lat' dir='ltr'>lux</span> <span class='ocrx_word' id='word_1_243' title='bbox 1314 4212 1430 4276; x_wconf 86' lang='lat' dir='ltr'>solaris</span> 
     </span>
     <span class='ocr_line' id='line_1_30' title="bbox 279 4316 1429 4401; baseline 0 -21"><span class='ocrx_word' id='word_1_244' title='bbox 279 4317 471 4401; x_wconf 86' lang='lat' dir='ltr'>principalis</span> <span class='ocrx_word' id='word_1_245' title='bbox 497 4319 664 4382; x_wconf 89' lang='lat' dir='ltr'>excellens</span> <span class='ocrx_word' id='word_1_246' title='bbox 691 4317 796 4382; x_wconf 92' lang='lat' dir='ltr'>lucem</span> <span class='ocrx_word' id='word_1_247' title='bbox 827 4317 997 4381; x_wconf 89' lang='lat' dir='ltr'>stellarum</span> <span class='ocrx_word' id='word_1_248' title='bbox 1023 4317 1249 4400; x_wconf 89' lang='lat' dir='ltr'>principalem.</span> <span class='ocrx_word' id='word_1_249' title='bbox 1306 4316 1374 4381; x_wconf 89' lang='lat' dir='ltr'>Sed</span> <span class='ocrx_word' id='word_1_250' title='bbox 1401 4318 1429 4382; x_wconf 90' lang='lat' dir='ltr'>si</span> 
     </span>
     <span class='ocr_line' id='line_1_31' title="bbox 276 4419 1429 4506; baseline 0.001 -21"><span class='ocrx_word' id='word_1_251' title='bbox 276 4421 381 4485; x_wconf 91' lang='lat' dir='ltr'>homo</span> <span class='ocrx_word' id='word_1_252' title='bbox 418 4421 645 4506; x_wconf 86' lang='lat' dir='ltr'>ingrederetur</span> <span class='ocrx_word' id='word_1_253' title='bbox 679 4423 878 4506; x_wconf 88' lang='lat' dir='ltr'>profundum</span> <span class='ocrx_word' id='word_1_254' title='bbox 917 4422 1010 4505; x_wconf 91' lang='lat' dir='ltr'>putei</span> <span class='ocrx_word' id='word_1_255' title='bbox 1043 4421 1171 4484; x_wconf 90' lang='lat' dir='ltr'>videret</span> <span class='ocrx_word' id='word_1_256' title='bbox 1201 4419 1314 4484; x_wconf 88' lang='lat' dir='ltr'>stellas</span> <span class='ocrx_word' id='word_1_257' title='bbox 1343 4442 1429 4502; x_wconf 90' lang='lat' dir='ltr'>quae</span> 
     </span>
     <span class='ocr_line' id='line_1_32' title="bbox 276 4525 1430 4610; baseline 0 -20"><span class='ocrx_word' id='word_1_258' title='bbox 276 4535 389 4590; x_wconf 84' lang='lat' dir='ltr'>essent</span> <span class='ocrx_word' id='word_1_259' title='bbox 416 4546 516 4610; x_wconf 90' lang='lat' dir='ltr'>super</span> <span class='ocrx_word' id='word_1_260' title='bbox 539 4537 639 4610; x_wconf 91' lang='lat' dir='ltr'>caput</span> <span class='ocrx_word' id='word_1_261' title='bbox 664 4526 755 4609; x_wconf 87' lang='lat' dir='ltr'>ejus;</span> <span class='ocrx_word' id='word_1_262' title='bbox 790 4547 856 4590; x_wconf 91' lang='lat' dir='ltr'>non</span> <span class='ocrx_word' id='word_1_263' title='bbox 882 4526 990 4590; x_wconf 91' lang='lat' dir='ltr'>solum</span> <span class='ocrx_word' id='word_1_264' title='bbox 1017 4532 1156 4607; x_wconf 89' lang='lat' dir='ltr'>propter</span> <span class='ocrx_word' id='word_1_265' title='bbox 1181 4544 1313 4587; x_wconf 91' lang='lat' dir='ltr'>causam</span> <span class='ocrx_word' id='word_1_266' title='bbox 1338 4525 1430 4608; x_wconf 88' lang='lat' dir='ltr'>prius</span> 
     </span>
     <span class='ocr_line' id='line_1_33' title="bbox 278 4627 1430 4716; baseline -0.002 -20"><span class='ocrx_word' id='word_1_267' title='bbox 278 4639 417 4706; x_wconf 86' lang='lat' dir='ltr'>tactam,</span> <span class='ocrx_word' id='word_1_268' title='bbox 440 4631 499 4695; x_wconf 87' lang='lat' dir='ltr'>sed</span> <span class='ocrx_word' id='word_1_269' title='bbox 527 4641 663 4716; x_wconf 88' lang='lat' dir='ltr'>propter</span> <span class='ocrx_word' id='word_1_270' title='bbox 688 4632 751 4695; x_wconf 92' lang='lat' dir='ltr'>hoc</span> <span class='ocrx_word' id='word_1_271' title='bbox 775 4630 866 4713; x_wconf 90' lang='lat' dir='ltr'>quod</span> <span class='ocrx_word' id='word_1_272' title='bbox 894 4639 1136 4714; x_wconf 85' lang='lat' dir='ltr'>temperaretur</span> <span class='ocrx_word' id='word_1_273' title='bbox 1157 4627 1218 4691; x_wconf 91' lang='lat' dir='ltr'>lux</span> <span class='ocrx_word' id='word_1_274' title='bbox 1238 4627 1364 4703; x_wconf 87' lang='lat' dir='ltr'>solaris,</span> <span class='ocrx_word' id='word_1_275' title='bbox 1388 4651 1430 4694; x_wconf 88' lang='lat' dir='ltr'>eo</span> 
     </span>
     <span class='ocr_line' id='line_1_34' title="bbox 828 4747 899 4799; baseline 0.042 -3"><span class='ocrx_word' id='word_1_276' title='bbox 828 4747 856 4796; x_wconf 86' lang='lat' dir='ltr'>H</span> <span class='ocrx_word' id='word_1_277' title='bbox 880 4751 899 4799; x_wconf 81' lang='lat'><em>2</em></span> 
     </span>
    </p>
   </div>
   <div class='ocr_carea' id='block_1_7' title="bbox 0 0 1779 5359">
    <p class='ocr_par' dir='ltr' id='par_1_8' title="bbox 0 0 1779 5359">
     <span class='ocr_line' id='line_1_35' title="bbox 0 0 1779 5359; baseline 0 0"><span class='ocrx_word' id='word_1_278' title='bbox 0 0 1779 5359; x_wconf 95' lang='lat' dir='ltr'> </span> 
     </span>
    </p>
   </div>
  </div>
 </body>
</html>
