3542 5359
366 623 561 685 nonnus
585 623 905 684 PHILOSOPHJA:
948 624 1063 682 pras
1090 622 1255 683 aarum
1334 637 1394 700 257
1498 692 1502 699 ⁴

242 791 275 853 in
305 789 470 865 omnibus,
493 807 599 871 neque
625 785 778 867 injuriam
810 795 944 869 reputat
975 806 1034 849 nec
1060 786 1258 850 inimicitias.
1305 785 1393 850 Nam

242 915 308 958 non
340 893 518 957 meditatur
545 892 735 973 injuriamm
766 889 918 965 ultiones,
950 910 1060 975 neque
1092 891 1253 956 malorum
1284 903 1395 956 servat

242 997 447 1076 memoriam,
473 1017 534 1061 nec
557 995 683 1078 aliquid
710 1016 770 1059 sua
795 996 842 1059 ira
866 996 1006 1078 dignum
1031 999 1208 1060 aestimare
1229 997 1394 1080 dignatur,

242 1123 302 1166 nec
321 1101 497 1165 stultitiam
520 1101 692 1164 hominum
716 1109 809 1164 curat
832 1121 892 1163 nec
911 1101 1061 1177 incurias,
1076 1101 1135 1164 sed
1157 1101 1271 1166 omnia
1290 1100 1393 1163 animi

244 1205 472 1288 magnitudine
486 1203 693 1280 dissimulat;
716 1224 775 1269 nec
793 1205 919 1289 gaudet
939 1206 982 1268 de
998 1205 1123 1267 honore
1144 1204 1206 1267 sibi
1222 1203 1320 1280 lact0‚
1336 1214 1394 1267 aut

244 1311 421 1387 modicum,
431 1310 508 1392 quia
522 1309 635 1374 virtuti
652 1307 828 1393 perfectae,
844 1319 880 1374 ut
897 1310 977 1374 dicit
993 1308 1205 1387 Aristoteles,
1220 1328 1286 1371 non
1303 1311 1394 1372 inve-

243 1415 331 1478 nitur
342 1415 526 1478 reverentia
541 1414 696 1497 aequalis,
707 1433 768 1477 nec
778 1425 941 1496 quantum
955 1423 1117 1488 meretur3
1141 1433 1199 1476 nec
1212 1413 1395 1477 admiratur

243 1519 429 1603 quicquam,
445 1537 519 1582 cum
541 1538 608 1582 non
623 1519 665 1582 sit
680 1518 803 1601 aliquid
820 1528 970 1600 respectu
987 1519 1057 1600 ejus
1072 1518 1244 1595 eximium,
1258 1538 1394 1600 promp-

243 1631 298 1686 tus
313 1624 357 1685 ad
374 1622 603 1688 retributiones
621 1632 655 1686 et
671 1621 840 1696 beneficia,
856 1622 973 1686 similis
989 1622 1064 1685 Deo
1084 1630 1246 1703 quantum
1267 1621 1395 1684 homini

245 1727 403 1811 possibile
418 1735 479 1790 est.

288 1830 395 1895 Sexta
415 1831 575 1894 medietas
597 1849 684 1913 quae
704 1852 740 1895 se
760 1830 862 1895 habet
882 1831 925 1894 ad
949 1828 1139 1912 largitatem
1159 1829 1244 1894 sicut
1261 1827 1396 1913 largitas

246 1935 287 1998 ad
305 1933 595 2018 magnificentiam,
611 1955 677 1998 non
697 1936 798 1999 habet
820 1955 943 2000 nomen
962 1935 994 1997 in
1020 1934 1152 2012 Latino,
1168 1935 1227 1998 sed
1242 1934 1395 1997 consistit

245 2040 331 2103 circa
352 2040 480 2103 minora
500 2039 616 2103 merita
636 2059 737 2121 quarn
754 2038 1017 2123 magnanimitas,
1033 2047 1067 2101 et
1085 2039 1244 2122 competit
1260 2037 1397 2102 cuilibet

243 2142 342 2223 juxta
365 2151 490 2206 statum
516 2162 622 2206 suum.
668 2143 820 2226 Septima
844 2143 948 2207 virtus
977 2153 1028 2207 est
1058 2140 1280 2206 mansuetudo
1306 2161 1393 2224 quae

247 2248 427 2330 compescit
450 2247 521 2310 iras.
567 2246 695 2312 Octava
717 2255 768 2311 est
790 2247 922 2310 socialis
944 2245 1089 2310 amicitia
1116 2246 1150 2308 in
1177 2246 1340 2318 convictu,
1360 2254 1397 2307 ut

247 2352 376 2433 placeat
389 2350 491 2414 homo
503 2349 605 2428 alteri,
616 2371 680 2415 non
693 2350 885 2415 adulatione
897 2371 957 2414 nec
970 2351 1013 2415 sit
1025 2351 1155 2414 invidus
1167 2359 1225 2413 aut
1238 2349 1399 2414 molestus

247 2457 305 2518 sed
331 2456 500 2519 modestus
510 2452 532 2516 ¹.
579 2453 677 2518 Nona
699 2467 749 2518 est
771 2455 893 2519 veritas
915 2476 1001 2538 quae
1023 2453 1173 2518 excludit
1196 2455 1239 2518 ab
1262 2454 1399 2519 homine

247 2558 491 2624 simulationem
521 2569 555 2623 et
581 2557 751 2624 fictionem
773 2561 871 2634 vitae,
899 2569 936 2622 ut
960 2560 1067 2642 qualis
1090 2568 1228 2642 apparet
1252 2558 1399 2622 exterius

249 2663 324 2726 talis
339 2663 382 2727 sit
397 2663 429 2725 in
445 2663 645 2727 conscientia
660 2665 750 2746 apud
765 2684 811 2727 se.
844 2663 984 2727 Decima
999 2672 1049 2728 est
1065 2664 1097 2725 in
1114 2662 1234 2726 solatio
1248 2662 1399 2740 honesto,

248 2777 285 2830 ut
308 2766 506 2831 excludatur
527 2767 715 2841 scurrilitas,
734 2776 769 2831 et
791 2767 881 2850 quod
905 2767 1006 2831 homo
1028 2788 1094 2830 non
1117 2767 1161 2829 sit
1183 2765 1345 2847 sylvester
1366 2777 1400 2829 et

249 2873 347 2947 rudis,
362 2869 602 2935 conturbatus²
623 2881 655 2936 ct
675 2871 777 2936 tristis
798 2873 842 2935 ad
863 2871 982 2936 solatia
1003 2871 1152 2935 aliorum.
1202 2871 1290 2934 Nam
1311 2879 1401 2933 tran·

248 2976 352 3060 quilla
381 2976 509 3059 requies
534 2985 569 3039 et
592 2975 743 3058 jocosum
771 2976 928 3040 solatium
958 2985 1035 3039 sunt
1066 2974 1248 3038 necessaria
1279 2975 1313 3038 in
1339 2995 1400 3038 usu

247 3080 378 3144 vivendi
408 3081 494 3144 inter
522 3079 672 3143 homines
683 3079 703 3158 ³,
720 3089 757 3144 ut
787 3081 833 3144 ait
861 3079 1088 3164 philosophus.
1135 3079 1321 3144 Undecima
1350 3089 1401 3143 est

247 3179 444 3250 verecundia
459 3185 503 3248 ad
519 3193 664 3266 peccata,
680 3204 767 3266 quae
784 3185 932 3249 maxime
950 3193 1000 3248 est
1021 3183 1203 3249 necessaria
1214 3183 1400 3264 juvenibus,

249 3299 286 3352 ut
302 3309 367 3353 non
383 3288 580 3353 inclinentur
594 3289 637 3352 de
652 3287 739 3352 facili
754 3291 798 3354 ad
812 3289 903 3352 vitia.
944 3289 989 3352 Et
1006 3289 1081 3353 ideo
1095 3288 1177 3352 dicit
1189 3287 1403 3363 Aristoteles,

249 3392 443 3456 Laudamus
452 3391 592 3475 juvenes
601 3395 812 3458 verecundos.
850 3394 940 3457 Nam
951 3390 1102 3458 Seneca⁴
1119 3393 1152 3456 in
1167 3391 1252 3456 libro
1263 3391 1398 3474 Episto-

249 3496 353 3561 larum
371 3498 550 3579 primarum
566 3496 664 3560 refert
679 3498 721 3561 de
737 3498 883 3580 quodam
896 3497 1017 3580 juvene
1032 3497 1088 3579 qui
1105 3497 1264 3579 peccavit,
1277 3507 1310 3560 et
1325 3516 1402 3559 cum

249 3601 381 3684 sapiens
404 3600 585 3684 quaerebat
607 3621 649 3665 an
665 3602 951 3681 verecundaretur,
967 3610 1001 3666 et
1023 3622 1215 3685 responsum
1239 3600 1401 3684 estquod

249 3706 306 3782 sic,
320 3705 418 3785 dixit,
435 3705 526 3787 Ergo
542 3726 593 3770 res
609 3705 701 3769 salva
717 3716 776 3769 est.
823 3705 1030 3769 Duodecima
1046 3716 1096 3770 est
1112 3708 1154 3770 de
1166 3705 1305 3789 justitia.

295 3810 341 3873 Et
363 3819 494 3893 praeter
512 3809 572 3873 has
591 3810 730 3873 virtutes
749 3820 825 3873 sunt
848 3809 933 3874 aliae
952 3809 1129 3874 nobiliores
1150 3830 1236 3892 quae
1258 3829 1323 3872 non
1343 3809 1401 3872 de·
1413 3819 1572 3896 Specutarive

250 3915 399 3996 pendent
421 3935 442 3977 a
463 3935 558 3979 sensu
582 3913 640 3976 sed
664 3923 740 3977 sunt
762 3913 914 3977 absolute
936 3913 969 3976 in
994 3935 1084 3977 mera
1107 3914 1245 3990 ratione,
1267 3923 1301 3977 et
1324 3913 1400 3977 ideo
1413 3887 1572 4001 fflffil

249 4029 409 4082 vocantur
424 4018 563 4082 virtutes
579 4017 827 4095 intellectuales,
842 4039 927 4100 quae
948 4029 1025 4082 sunt
1043 4017 1242 4094 intellectus,
1255 4017 1400 4095 scientia,
1412 4032 1486 4066 name
1500 4018 1572 4066 when

250 4144 312 4197 ars,
327 4123 510 4205 prudentia,
525 4132 559 4186 et
575 4122 744 4204 sapientia.
791 4122 859 4186 Sed
880 4123 962 4187 haec
984 4132 1123 4205 possunt
1145 4121 1343 4185 considerari
1367 4120 1400 4183 in
1413 4082 1573 4197 ffi

251 4247 333 4310 pure
347 4225 567 4311 speculativis,
583 4235 619 4289 ut
636 4225 707 4289 finis
727 4246 841 4289 eorum
858 4235 909 4289 est
924 4226 1044 4290 veritas
1065 4226 1162 4290 nuda.
1208 4225 1254 4288 Et
1271 4226 1318 4289 sic
1333 4245 1400 4288 non
1413 4230 1443 4262 ⁰¹
1454 4213 1539 4329 ”³⁰¹²ss

251 4341 329 4395 sunt
344 4332 482 4396 virtutes
500 4332 557 4394 sed
579 4329 713 4394 habitus
731 4331 917 4395 scientiales
934 4341 967 4394 et
985 4330 1170 4412 cogitativi‚
1186 4338 1244 4392 aut
1262 4339 1401 4411 possunt
1413 4295 1519 4344 purpose

317 4496 325 4524 ¹
344 4512 392 4547 nee
405 4497 519 4546 discolos
530 4501 574 4544 aut
585 4494 717 4556 molestus,
732 4497 763 4546 D.
777 4503 803 4544 et
817 4496 849 4547 Ο.

316 4573 326 4602 ¹
343 4576 544 4631 conturbandus,
558 4573 593 4622 bi·
759 4573 769 4601 ⁸
786 4575 855 4624 inter
866 4575 991 4634 homines,
1006 4575 1050 4637 li„
1060 4575 1207 4638 juvenibus,
1222 4575 1255 4624 D.
1267 4583 1294 4625 et
1306 4574 1338 4626 Ο,

318 4655 326 4683 “
344 4654 404 4705 Sen.
418 4655 467 4718 Ep.
481 4653 547 4704 Mor.
559 4653 602 4703 lib.
623 4654 655 4703 iv.
670 4669 697 4702 rr
711 4653 835 4718 (Haase's
847 4654 908 4717 ed).

295 4747 378 4801 vot.
396 4747 433 4798 ll.
822 4746 841 4797 ὃ
