3542 5359
557 617 673 677 Pras
696 617 858 676 PRIMA:
894 615 982 678 cra
1013 617 1064 676 Vr.
1333 629 1393 692 455

283 781 330 844 Et
357 781 477 845 eodem
504 782 606 845 modo
636 791 687 846 est
716 782 759 844 de
789 780 861 844 aliis
891 781 989 844 rebus
1020 779 1135 843 mixtis
1164 778 1319 843 omnibus
1349 779 1394 842 ad
1406 793 1449 842 No
1460 793 1521 844 such

239 885 402 967 patientia
426 883 541 948 viliora
565 905 697 967 semper
725 885 936 967 comparatis,
958 885 1048 968 quod
1077 904 1122 948 ex
1152 883 1225 966 lege
1254 892 1393 946 naturae
1405 859 1561 975 ffiffiffil'

240 989 428 1052 universalis
443 989 642 1054 intendentis
658 990 782 1054 bonum
798 1009 975 1053 commune
990 987 1103 1052 ablata
1121 997 1171 1052 est
1190 987 1339 1068 potentia
1357 995 1391 1049 et
1404 991 1447 1041 the
1457 991 1541 1041 action

238 1104 333 1157 actus
354 1093 504 1156 similiter
525 1093 714 1176 complendi
737 1095 864 1175 species
888 1093 922 1156 iu
944 1090 1081 1160 effectus
1103 1091 1298 1174 completos,
1314 1090 1390 1155 licet
1403 1057 1547 1186 {ff‘ffin'

239 1219 282 1260 ex
305 1208 422 1261 natura
444 1199 633 1282 particulari
656 1198 699 1262 sit
721 1199 766 1262 ibi
788 1198 963 1279 aptitud03
993 1205 1129 1280 propter
1150 1198 1241 1279 quod
1264 1206 1391 1261 arctata
1405 1199 1523 1304 »tuncepfi

238 1311 289 1364 est
324 1304 496 1385 generatio
530 1303 666 1367 effectus
700 1304 856 1384 completi
894 1303 927 1366 in
960 1302 1171 1385 paucissimis,
1201 1300 1324 1365 scilicet
1357 1301 1390 1363 in
1404 1270 1489 1305 eveno
1527 1271 1559 1304 η’

238 1407 419 1480 elementis,
435 1416 469 1470 et
485 1409 662 1490 praecipue
677 1408 710 1469 in
726 1408 813 1492 igne.
858 1407 931 1470 Nec
953 1407 1075 1471 accidit
1096 1406 1328 1469 inconveniens
1349 1407 1391 1469 de

237 1512 311 1586 hoc,
331 1512 409 1593 quia
431 1512 517 1594 ignis
539 1513 596 1594 qui
620 1523 671 1575 est
694 1513 727 1576 in
749 1512 824 1576 aliis
849 1511 994 1578 nobilior
1017 1512 1051 1574 in
1074 1530 1133 1574 sua
1160 1510 1300 1592 sphaera
1324 1531 1390 1574 non

238 1615 316 1680 facit
331 1618 475 1698 speciem
495 1617 558 1679 uisi
574 1617 607 1679 in
622 1616 687 1680 alia
701 1635 841 1699 corpora
864 1616 990 1691 mundi,
1004 1637 1045 1681 eo
1065 1615 1155 1696 quod
1173 1613 1264 1678 locus
1282 1614 1390 1679 salvat

237 1719 393 1782 locatum.
425 1719 470 1783 Et
485 1731 536 1784 est
550 1720 657 1785 simile
671 1719 715 1782 de
731 1741 772 1784 eo
788 1731 937 1804 respectu
950 1719 1101 1794 aliorum,
1113 1720 1198 1783 sicut
1210 1721 1251 1783 de
1264 1718 1388 1782 coeles·

237 1822 326 1886 tibus
359 1834 510 1907 respectu
540 1824 740 1888 inferiorum.
796 1823 894 1888 Alius
922 1835 1036 1888 autem
1067 1824 1151 1906 ignis
1181 1824 1234 1888 hic
1257 1821 1390 1887 inferius

235 1937 413 2008 generatus
441 1948 507 1992 non
536 1937 714 2011 generatur
735 1930 796 1992 nisi
817 1929 1038 1994 determinata
1061 1928 1249 2009 quantitate
1272 1948 1388 1993 secun·

235 2026 317 2093 dum
346 2047 443 2091 usum
473 2028 653 2105 hominum,
683 2039 717 2092 et
744 2029 934 2110 reprimitur
962 2028 1033 2109 ejus
1062 2028 1151 2092 actio
1181 2036 1215 2093 et
1244 2039 1388 2104 cavetur,

236 2130 297 2192 nisi
320 2133 453 2213 quando
475 2152 519 2194 ex
540 2131 682 2196 stultitia
702 2133 847 2196 humana
867 2129 1065 2214 multiplicat
1083 2151 1120 2194 se
1143 2129 1228 2196 ultra
1251 2132 1387 2195 modum

235 2233 267 2296 in
290 2246 526 2302 nocumentum
548 2257 656 2299 rerum
678 2235 826 2300 aliarum.

281 2338 327 2402 Et
341 2341 458 2403 eadem
475 2342 560 2403 ratio
575 2351 625 2403 est
640 2342 684 2404 de
697 2339 845 2423 sphaeris
863 2339 1004 2404 aliorum
1026 2337 1264 2404 elementorum
1283 2359 1386 2422 quan·

235 2451 308 2505 tum
322 2444 365 2506 ad
381 2445 560 2525 puritatem
579 2454 769 2510 naturarum
790 2463 933 2508 suarum.
963 2444 1011 2510 Ut
1027 2446 1195 2509 continent
1210 2465 1245 2508 se
1261 2453 1387 2522 mutuo,

236 2544 378 2610 nobilius
399 2567 466 2610 non
488 2549 670 2631 corrumpit
692 2548 798 2625 vilius,
811 2551 871 2614 sod
894 2569 953 2631 per
974 2569 1068 2613 suam
1090 2549 1247 2618 virtutem
1269 2546 1386 2626 salvat,

235 2650 320 2713 sicut
336 2650 428 2715 locus
442 2651 550 2715 salvat
565 2651 722 2727 locatum,
735 2662 770 2716 ut
786 2653 953 2718 Averroes
966 2655 1164 2718 determinat
1182 2653 1329 2718 secundo
1345 2654 1387 2716 de

235 2753 382 2834 Anima;
410 2758 562 2839 quamvis
582 2777 626 2820 ex
649 2757 712 2822 hoc
734 2759 822 2840 quod
849 2759 1028 2823 miscentur
1051 2758 1093 2820 ad
1120 2759 1269 2832 invicem,
1293 2769 1327 2821 et
1353 2758 1385 2821 in

234 2868 396 2940 quantum
412 2881 472 2943 per
485 2862 623 2930 virtutes
638 2861 806 2926 coelorum
822 2863 1013 2940 alterantur,
1021 2862 1223 2928 contrahunt
1233 2871 1385 2926 naturam

234 2963 377 3026 activam
393 2973 427 3027 et
444 2966 664 3048 corruptivam
688 2978 816 3040 mutuo,
832 2977 866 3030 et
890 2976 1028 3049 possunt
1050 2967 1096 3030 sic
1120 2966 1226 3032 lacere
1248 2966 1385 3032 effectus

233 3068 440 3150 completos3
471 3079 507 3134 ut
536 3071 662 3133 dictum
693 3080 756 3148 est,
786 3073 875 3153 quod
906 3091 993 3152 aqua
1022 3071 1184 3135 convertit
1206 3071 1385 3152 aliquando

233 3191 344 3238 aerem
374 3174 408 3238 in
439 3194 483 3250 se,
512 3184 546 3236 et
576 3195 595 3237 e
624 3175 799 3243 contrario.
845 3174 892 3238 Et
922 3173 1111 3256 hujusmodi
1143 3175 1383 3242 elementorum

232 3280 467 3342 transmutatio
489 3279 638 3342 maxime
658 3279 777 3343 accidit
800 3280 833 3344 in
856 3278 1040 3356 elementis,
1056 3279 1181 3344 scilicet
1203 3290 1239 3344 ut
1259 3282 1383 3345 suntin

233 3382 348 3458 mixto,
363 3393 422 3448 aut
437 3384 469 3446 in
484 3382 627 3447 confinio
637 3384 851 3465 sphaerarum
862 3405 996 3448 suarum
1009 3405 1017 3461 ;
1039 3384 1095 3448 ubi
1108 3385 1208 3449 etiam
1221 3385 1383 3466 quodam-

233 3488 334 3550 modo
354 3488 534 3557 miscentur
551 3498 585 3551 et
607 3488 853 3553 confunduntur
874 3499 1011 3558 naturae
1032 3508 1145 3552 eorum
1169 3488 1212 3554 ad
1235 3489 1383 3566 invicem,

232 3589 317 3654 sicut
343 3600 437 3674 patet
460 3611 503 3666 ex
528 3592 613 3659 libro
643 3593 980 3675 Meteorologicorum
1012 3605 1045 3659 et
1076 3594 1120 3656 de
1150 3591 1381 3661 Generatioue.

233 3691 393 3759 Similiter
421 3697 522 3760 etiarn
553 3696 735 3761 alterantur
767 3699 811 3762 ad
841 3699 982 3764 invicem
1016 3699 1049 3762 in
1078 3697 1291 3779 simplicitate
1322 3719 1382 3763 sua

232 3808 367 3881 propter
405 3799 503 3864 mixti
544 3802 761 3866 necessariam
804 3803 1074 3885 generationem
1119 3821 1258 3884 quorum
1303 3811 1381 3865 tunc

231 3904 383 3968 alteratio
414 3903 521 3984 magis
555 3914 605 3967 est
635 3925 695 3986 per
723 3905 881 3969 virtutem
917 3905 1010 3980 coeli,
1050 3925 1150 3987 quam
1190 3925 1250 3989 per
1279 3925 1381 3973 unum

231 4008 432 4072 elementum
448 4009 482 4070 in
497 4029 557 4072 sua
577 4009 717 4092 sphaera
732 4020 957 4075 transmutans
972 4009 1063 4073 illud.

275 4112 322 4176 Et
350 4133 426 4177 cum
457 4112 583 4177 dictum
614 4123 667 4177 est
695 4134 780 4197 quae
809 4115 1015 4178 substantiae
1047 4122 1186 4196 possunt
1213 4111 1381 4194 complere
1393 4122 1527 4201 Thecom-

230 4218 410 4300 species,et
425 4238 511 4302 quae
525 4239 600 4297 non,
611 4219 780 4284 sciendum
796 4229 848 4284 est
863 4219 897 4283 in
913 4219 1147 4282 accidentibus.
1193 4217 1240 4282 Et
1255 4228 1381 4281 certum
1393 4189 1488 4319 {Q
1499 4191 1532 4320 g}

230 4332 281 4385 est
303 4325 394 4404 quod
423 4334 567 4405 quatuor
593 4324 771 4407 qualitates
803 4323 990 4407 tangibiles,
1012 4323 1138 4386 scilicet
1167 4321 1318 4386 caliditas
1348 4331 1382 4386 et
1395 4322 1531 4372 attributes.

229 4425 401 4512 frigiditas,
422 4427 555 4491 siccitas
584 4440 618 4493 et
647 4428 837 4508 humiditas,
869 4437 1009 4512 possunt
1034 4447 1110 4490 suas
1139 4426 1267 4510 species
1289 4445 1380 4490 com·
1395 4387 1549 4503 affligi

229 4531 320 4615 plere
336 4532 369 4594 in
391 4531 594 4613 patientibus
609 4532 784 4615 aliquibus,
800 4545 834 4598 et
849 4533 997 4597 maxime
1012 4531 1171 4610 caliditas,
1180 4531 1258 4615 quia
1273 4532 1380 4613 magis
1394 4517 1472 4569 ⁰s¹¹²⁸
1484 4519 1540 4569 ‘⁰¹¹‘

1454 4585 1504 4635 'ble

229 4646 279 4702 est
309 4635 431 4700 nobilis
459 4642 494 4698 et
531 4637 638 4722 magis
665 4639 783 4716 activa,
816 4646 850 4701 et
879 4637 986 4720 magis
1023 4635 1149 4700 mundo
1186 4636 1378 4700 necessaria.
1391 4665 1441 4766 313
1446 4651 1540 4782 mm
