<?xml version="1.0" encoding="UTF-8"?>
<!DOCTYPE html PUBLIC "-//W3C//DTD XHTML 1.0 Transitional//EN"
    "http://www.w3.org/TR/xhtml1/DTD/xhtml1-transitional.dtd">
<html xmlns="http://www.w3.org/1999/xhtml" xml:lang="en" lang="en">
 <head>
  <title>
</title>
<meta http-equiv="Content-Type" content="text/html;charset=utf-8" />
  <meta name='ocr-system' content='tesseract 3.04.00' />
  <meta name='ocr-capabilities' content='ocr_page ocr_carea ocr_par ocr_line ocrx_word'/>
</head>
<body>
  <div class='ocr_page' id='page_1' title='image "./opusmajusrogerb02bridgoog/opusmajusrogerb02bridgoog_0279.png"; bbox 0 0 3542 5359; ppageno 0'>
   <div class='ocr_carea' id='block_1_1' title="bbox 369 618 1314 690">
    <p class='ocr_par' dir='ltr' id='par_1_1' title="bbox 369 618 1314 690">
     <span class='ocr_line' id='line_1_1' title="bbox 369 618 1314 690; baseline -0.001 -11"><span class='ocrx_word' id='word_1_1' title='bbox 369 620 430 680; x_wconf 84' lang='lat'>260</span> <span class='ocrx_word' id='word_1_2' title='bbox 583 619 739 680; x_wconf 87' lang='lat' dir='ltr'><em>OPERIS</em></span> <span class='ocrx_word' id='word_1_3' title='bbox 762 619 952 690; x_wconf 83' lang='lat' dir='ltr'><em>MAJORIS</em></span> <span class='ocrx_word' id='word_1_4' title='bbox 976 619 1091 678; x_wconf 80' lang='lat' dir='ltr'><strong><em>PARS</em></strong></span> <span class='ocrx_word' id='word_1_5' title='bbox 1116 618 1314 678; x_wconf 84' lang='lat' dir='ltr'><em>SEPTIMA.</em></span> 
     </span>
    </p>
   </div>
   <div class='ocr_carea' id='block_1_2' title="bbox 368 776 1524 966">
    <p class='ocr_par' dir='ltr' id='par_1_2' title="bbox 368 776 1524 966">
     <span class='ocr_line' id='line_1_2' title="bbox 369 776 1524 861; baseline 0.001 -19"><span class='ocrx_word' id='word_1_6' title='bbox 369 778 565 844; x_wconf 77' lang='lat' dir='ltr'>Tusculanis</span> <span class='ocrx_word' id='word_1_7' title='bbox 577 778 705 861; x_wconf 89' lang='lat' dir='ltr'>quaerit</span> <span class='ocrx_word' id='word_1_8' title='bbox 716 776 738 858; x_wconf 88' lang='lat'>¹,</span> <span class='ocrx_word' id='word_1_9' title='bbox 753 777 905 860; x_wconf 86' lang='lat' dir='ltr'>‘Quotus</span> <span class='ocrx_word' id='word_1_10' title='bbox 914 797 1029 841; x_wconf 91' lang='lat' dir='ltr'>eorum</span> <span class='ocrx_word' id='word_1_11' title='bbox 1041 778 1166 859; x_wconf 88' lang='lat' dir='ltr'>estqui</span> <span class='ocrx_word' id='word_1_12' title='bbox 1181 779 1226 843; x_wconf 91' lang='lat' dir='ltr'>sit</span> <span class='ocrx_word' id='word_1_13' title='bbox 1242 778 1289 843; x_wconf 83' lang='lat' dir='ltr'>ita</span> <span class='ocrx_word' id='word_1_14' title='bbox 1304 778 1524 860; x_wconf 73' lang='lat' dir='ltr'>morigeratus</span> 
     </span>
     <span class='ocr_line' id='line_1_3' title="bbox 368 881 1522 966; baseline -0.003 -18"><span class='ocrx_word' id='word_1_15' title='bbox 368 884 481 948; x_wconf 86' lang='lat' dir='ltr'>animo</span> <span class='ocrx_word' id='word_1_16' title='bbox 497 893 531 948; x_wconf 93' lang='lat' dir='ltr'>et</span> <span class='ocrx_word' id='word_1_17' title='bbox 548 883 617 947; x_wconf 91' lang='lat' dir='ltr'>vita</span> <span class='ocrx_word' id='word_1_18' title='bbox 632 883 833 946; x_wconf 90' lang='lat' dir='ltr'>constitutus</span> <span class='ocrx_word' id='word_1_19' title='bbox 848 891 885 946; x_wconf 91' lang='lat' dir='ltr'>ut</span> <span class='ocrx_word' id='word_1_20' title='bbox 901 883 984 947; x_wconf 91' lang='lat' dir='ltr'>ratio</span> <span class='ocrx_word' id='word_1_21' title='bbox 1000 881 1170 966; x_wconf 89' lang='lat' dir='ltr'>postulat?</span> <span class='ocrx_word' id='word_1_22' title='bbox 1214 881 1299 965; x_wconf 86' lang='lat' dir='ltr'>Quis</span> <span class='ocrx_word' id='word_1_23' title='bbox 1314 882 1522 964; x_wconf 82' lang='lat' dir='ltr'>disciplinam</span> 
     </span>
    </p>
   </div>
   <div class='ocr_carea' id='block_1_3' title="bbox 367 986 1523 1170">
    <p class='ocr_par' dir='ltr' id='par_1_3' title="bbox 367 986 1523 1170">
     <span class='ocr_line' id='line_1_4' title="bbox 368 986 1522 1070; baseline -0.003 -18"><span class='ocrx_word' id='word_1_24' title='bbox 368 1007 462 1052; x_wconf 87' lang='lat' dir='ltr'>suam</span> <span class='ocrx_word' id='word_1_25' title='bbox 487 1008 553 1051; x_wconf 96' lang='lat' dir='ltr'>non</span> <span class='ocrx_word' id='word_1_26' title='bbox 575 988 832 1052; x_wconf 85' lang='lat' dir='ltr'>ostentationem</span> <span class='ocrx_word' id='word_1_27' title='bbox 854 988 1012 1052; x_wconf 84' lang='lat' dir='ltr'>scientiae</span> <span class='ocrx_word' id='word_1_28' title='bbox 1027 989 1086 1052; x_wconf 90' lang='lat' dir='ltr'>sed</span> <span class='ocrx_word' id='word_1_29' title='bbox 1109 987 1217 1070; x_wconf 87' lang='lat' dir='ltr'>legem</span> <span class='ocrx_word' id='word_1_30' title='bbox 1232 989 1322 1050; x_wconf 88' lang='lat' dir='ltr'>vitae</span> <span class='ocrx_word' id='word_1_31' title='bbox 1344 996 1449 1068; x_wconf 88' lang='lat' dir='ltr'>putet,</span> <span class='ocrx_word' id='word_1_32' title='bbox 1465 986 1522 1068; x_wconf 89' lang='lat' dir='ltr'>qui</span> 
     </span>
     <span class='ocr_line' id='line_1_5' title="bbox 367 1087 1523 1170; baseline 0.001 -20"><span class='ocrx_word' id='word_1_33' title='bbox 367 1087 414 1152; x_wconf 90' lang='lat' dir='ltr'>sic</span> <span class='ocrx_word' id='word_1_34' title='bbox 430 1089 637 1170; x_wconf 86' lang='lat' dir='ltr'>obtemperet</span> <span class='ocrx_word' id='word_1_35' title='bbox 659 1087 723 1151; x_wconf 89' lang='lat' dir='ltr'>sibi</span> <span class='ocrx_word' id='word_1_36' title='bbox 744 1088 806 1168; x_wconf 93' lang='lat' dir='ltr'>ipsi</span> <span class='ocrx_word' id='word_1_37' title='bbox 827 1097 862 1151; x_wconf 93' lang='lat' dir='ltr'>ut</span> <span class='ocrx_word' id='word_1_38' title='bbox 885 1088 952 1152; x_wconf 90' lang='lat' dir='ltr'>suis</span> <span class='ocrx_word' id='word_1_39' title='bbox 967 1087 1108 1152; x_wconf 87' lang='lat' dir='ltr'>decretis</span> <span class='ocrx_word' id='word_1_40' title='bbox 1124 1092 1263 1169; x_wconf 87' lang='lat' dir='ltr'>pareat?</span> <span class='ocrx_word' id='word_1_41' title='bbox 1307 1087 1430 1151; x_wconf 90' lang='lat' dir='ltr'>Videre</span> <span class='ocrx_word' id='word_1_42' title='bbox 1445 1087 1523 1151; x_wconf 91' lang='lat' dir='ltr'>licet</span> 
     </span>
    </p>
   </div>
   <div class='ocr_carea' id='block_1_4' title="bbox 359 1189 1523 2716">
    <p class='ocr_par' dir='ltr' id='par_1_4' title="bbox 359 1189 1523 2716">
     <span class='ocr_line' id='line_1_6' title="bbox 366 1189 1523 1272; baseline -0.003 -15"><span class='ocrx_word' id='word_1_43' title='bbox 366 1191 449 1257; x_wconf 90' lang='lat' dir='ltr'>alios</span> <span class='ocrx_word' id='word_1_44' title='bbox 465 1201 559 1255; x_wconf 87' lang='lat' dir='ltr'>tanta</span> <span class='ocrx_word' id='word_1_45' title='bbox 571 1191 706 1257; x_wconf 88' lang='lat' dir='ltr'>levitate</span> <span class='ocrx_word' id='word_1_46' title='bbox 719 1203 752 1256; x_wconf 93' lang='lat' dir='ltr'>et</span> <span class='ocrx_word' id='word_1_47' title='bbox 766 1191 948 1272; x_wconf 87' lang='lat' dir='ltr'>jactatione</span> <span class='ocrx_word' id='word_1_48' title='bbox 963 1192 1039 1256; x_wconf 80' lang='lat' dir='ltr'>ferri</span> <span class='ocrx_word' id='word_1_49' title='bbox 1055 1201 1091 1256; x_wconf 91' lang='lat' dir='ltr'>ut</span> <span class='ocrx_word' id='word_1_50' title='bbox 1107 1191 1159 1254; x_wconf 94' lang='lat' dir='ltr'>his</span> <span class='ocrx_word' id='word_1_51' title='bbox 1174 1189 1273 1255; x_wconf 86' lang='lat' dir='ltr'>fuerit</span> <span class='ocrx_word' id='word_1_52' title='bbox 1288 1212 1354 1256; x_wconf 94' lang='lat' dir='ltr'>non</span> <span class='ocrx_word' id='word_1_53' title='bbox 1370 1191 1523 1255; x_wconf 89' lang='lat' dir='ltr'>didicisse</span> 
     </span>
     <span class='ocr_line' id='line_1_7' title="bbox 368 1294 1522 1380; baseline -0.001 -21"><span class='ocrx_word' id='word_1_54' title='bbox 368 1296 508 1376; x_wconf 89' lang='lat' dir='ltr'>melius;</span> <span class='ocrx_word' id='word_1_55' title='bbox 537 1295 618 1359; x_wconf 91' lang='lat' dir='ltr'>alios</span> <span class='ocrx_word' id='word_1_56' title='bbox 642 1297 802 1378; x_wconf 88' lang='lat' dir='ltr'>pecuniae</span> <span class='ocrx_word' id='word_1_57' title='bbox 826 1297 988 1380; x_wconf 89' lang='lat' dir='ltr'>cupidos;</span> <span class='ocrx_word' id='word_1_58' title='bbox 1017 1295 1144 1378; x_wconf 86' lang='lat' dir='ltr'>gloriae</span> <span class='ocrx_word' id='word_1_59' title='bbox 1166 1295 1365 1371; x_wconf 84' lang='lat' dir='ltr'>nonnullos3</span> <span class='ocrx_word' id='word_1_60' title='bbox 1395 1294 1522 1360; x_wconf 92' lang='lat' dir='ltr'>multos</span> 
     </span>
     <span class='ocr_line' id='line_1_8' title="bbox 366 1398 1520 1484; baseline 0 -21"><span class='ocrx_word' id='word_1_61' title='bbox 366 1400 541 1465; x_wconf 89' lang='lat' dir='ltr'>libidinum</span> <span class='ocrx_word' id='word_1_62' title='bbox 557 1421 681 1477; x_wconf 89' lang='lat' dir='ltr'>servos,</span> <span class='ocrx_word' id='word_1_63' title='bbox 693 1410 731 1464; x_wconf 93' lang='lat' dir='ltr'>ut</span> <span class='ocrx_word' id='word_1_64' title='bbox 746 1421 821 1465; x_wconf 90' lang='lat' dir='ltr'>curn</span> <span class='ocrx_word' id='word_1_65' title='bbox 837 1421 952 1464; x_wconf 88' lang='lat' dir='ltr'>eorum</span> <span class='ocrx_word' id='word_1_66' title='bbox 968 1402 1037 1463; x_wconf 91' lang='lat' dir='ltr'>vita</span> <span class='ocrx_word' id='word_1_67' title='bbox 1053 1398 1248 1465; x_wconf 89' lang='lat' dir='ltr'>mirabiliter</span> <span class='ocrx_word' id='word_1_68' title='bbox 1264 1410 1390 1484; x_wconf 87' lang='lat' dir='ltr'>pugnet</span> <span class='ocrx_word' id='word_1_69' title='bbox 1405 1421 1520 1463; x_wconf 91' lang='lat' dir='ltr'>eorum</span> 
     </span>
     <span class='ocr_line' id='line_1_9' title="bbox 365 1504 1521 1588; baseline 0 -20"><span class='ocrx_word' id='word_1_70' title='bbox 365 1505 483 1569; x_wconf 89' lang='lat' dir='ltr'>oratio.</span> <span class='ocrx_word' id='word_1_71' title='bbox 529 1504 630 1588; x_wconf 86' lang='lat' dir='ltr'>Quod</span> <span class='ocrx_word' id='word_1_72' title='bbox 655 1505 790 1588; x_wconf 89' lang='lat' dir='ltr'>quidem</span> <span class='ocrx_word' id='word_1_73' title='bbox 816 1504 897 1568; x_wconf 91' lang='lat' dir='ltr'>mihi</span> <span class='ocrx_word' id='word_1_74' title='bbox 921 1505 1054 1569; x_wconf 89' lang='lat' dir='ltr'>videtur</span> <span class='ocrx_word' id='word_1_75' title='bbox 1082 1525 1155 1568; x_wconf 91' lang='lat' dir='ltr'>esse</span> <span class='ocrx_word' id='word_1_76' title='bbox 1179 1505 1416 1586; x_wconf 90' lang='lat' dir='ltr'>turpissimum.</span> <span class='ocrx_word' id='word_1_77' title='bbox 1471 1504 1521 1568; x_wconf 93' lang='lat' dir='ltr'>Ut</span> 
     </span>
     <span class='ocr_line' id='line_1_10' title="bbox 366 1608 1521 1692; baseline -0.001 -19"><span class='ocrx_word' id='word_1_78' title='bbox 366 1609 494 1673; x_wconf 91' lang='lat' dir='ltr'>enimsi</span> <span class='ocrx_word' id='word_1_79' title='bbox 511 1609 772 1674; x_wconf 88' lang='lat' dir='ltr'>Grammaticam</span> <span class='ocrx_word' id='word_1_80' title='bbox 784 1609 951 1691; x_wconf 77' lang='lat' dir='ltr'>professus</span> <span class='ocrx_word' id='word_1_81' title='bbox 962 1611 1102 1691; x_wconf 90' lang='lat' dir='ltr'>quisque</span> <span class='ocrx_word' id='word_1_82' title='bbox 1114 1608 1254 1673; x_wconf 91' lang='lat' dir='ltr'>barbare</span> <span class='ocrx_word' id='word_1_83' title='bbox 1269 1609 1441 1692; x_wconf 89' lang='lat' dir='ltr'>loquatur:</span> <span class='ocrx_word' id='word_1_84' title='bbox 1461 1617 1521 1672; x_wconf 88' lang='lat' dir='ltr'>aut</span> 
     </span>
     <span class='ocr_line' id='line_1_11' title="bbox 365 1713 1519 1795; baseline -0.001 -18"><span class='ocrx_word' id='word_1_85' title='bbox 365 1714 392 1777; x_wconf 90' lang='lat' dir='ltr'>si</span> <span class='ocrx_word' id='word_1_86' title='bbox 413 1713 556 1777; x_wconf 89' lang='lat' dir='ltr'>absurde</span> <span class='ocrx_word' id='word_1_87' title='bbox 571 1714 659 1778; x_wconf 91' lang='lat' dir='ltr'>canit</span> <span class='ocrx_word' id='word_1_88' title='bbox 680 1714 777 1795; x_wconf 93' lang='lat' dir='ltr'>isqui</span> <span class='ocrx_word' id='word_1_89' title='bbox 794 1735 830 1777; x_wconf 92' lang='lat' dir='ltr'>se</span> <span class='ocrx_word' id='word_1_90' title='bbox 844 1714 925 1778; x_wconf 91' lang='lat' dir='ltr'>velit</span> <span class='ocrx_word' id='word_1_91' title='bbox 940 1714 1054 1778; x_wconf 90' lang='lat' dir='ltr'>haberi</span> <span class='ocrx_word' id='word_1_92' title='bbox 1070 1713 1244 1791; x_wconf 90' lang='lat' dir='ltr'>musicum,</span> <span class='ocrx_word' id='word_1_93' title='bbox 1259 1713 1313 1775; x_wconf 94' lang='lat' dir='ltr'>hic</span> <span class='ocrx_word' id='word_1_94' title='bbox 1329 1714 1457 1795; x_wconf 87' lang='lat' dir='ltr'>turpior</span> <span class='ocrx_word' id='word_1_95' title='bbox 1477 1713 1519 1777; x_wconf 92' lang='lat' dir='ltr'>sit</span> 
     </span>
     <span class='ocr_line' id='line_1_12' title="bbox 364 1816 1520 1902; baseline 0.001 -23"><span class='ocrx_word' id='word_1_96' title='bbox 364 1819 456 1899; x_wconf 92' lang='lat' dir='ltr'>quod</span> <span class='ocrx_word' id='word_1_97' title='bbox 472 1817 504 1881; x_wconf 93' lang='lat' dir='ltr'>in</span> <span class='ocrx_word' id='word_1_98' title='bbox 521 1837 559 1881; x_wconf 93' lang='lat' dir='ltr'>eo</span> <span class='ocrx_word' id='word_1_99' title='bbox 575 1818 647 1901; x_wconf 89' lang='lat' dir='ltr'>ipso</span> <span class='ocrx_word' id='word_1_100' title='bbox 662 1827 777 1901; x_wconf 88' lang='lat' dir='ltr'>peccet</span> <span class='ocrx_word' id='word_1_101' title='bbox 792 1817 884 1900; x_wconf 89' lang='lat' dir='ltr'>cujus</span> <span class='ocrx_word' id='word_1_102' title='bbox 900 1816 1075 1902; x_wconf 90' lang='lat' dir='ltr'>profitetur</span> <span class='ocrx_word' id='word_1_103' title='bbox 1088 1818 1293 1900; x_wconf 88' lang='lat' dir='ltr'>sapientiam,</span> <span class='ocrx_word' id='word_1_104' title='bbox 1315 1816 1362 1881; x_wconf 91' lang='lat' dir='ltr'>sic</span> <span class='ocrx_word' id='word_1_105' title='bbox 1382 1817 1415 1880; x_wconf 92' lang='lat' dir='ltr'>in</span> <span class='ocrx_word' id='word_1_106' title='bbox 1431 1818 1520 1881; x_wconf 88' lang='lat' dir='ltr'>vitae</span> 
     </span>
     <span class='ocr_line' id='line_1_13' title="bbox 364 1921 1519 2005; baseline -0.001 -21"><span class='ocrx_word' id='word_1_107' title='bbox 364 1923 491 1986; x_wconf 91' lang='lat' dir='ltr'>ratione</span> <span class='ocrx_word' id='word_1_108' title='bbox 507 1941 648 2005; x_wconf 90' lang='lat' dir='ltr'>peccans</span> <span class='ocrx_word' id='word_1_109' title='bbox 662 1921 716 1985; x_wconf 90' lang='lat' dir='ltr'>hic</span> <span class='ocrx_word' id='word_1_110' title='bbox 732 1922 859 2004; x_wconf 94' lang='lat' dir='ltr'>turpior</span> <span class='ocrx_word' id='word_1_111' title='bbox 878 1923 922 1987; x_wconf 92' lang='lat' dir='ltr'>sit</span> <span class='ocrx_word' id='word_1_112' title='bbox 945 1922 1035 2005; x_wconf 92' lang='lat' dir='ltr'>quod</span> <span class='ocrx_word' id='word_1_113' title='bbox 1059 1923 1092 1985; x_wconf 92' lang='lat' dir='ltr'>in</span> <span class='ocrx_word' id='word_1_114' title='bbox 1116 1923 1223 1985; x_wconf 88' lang='lat' dir='ltr'>officio</span> <span class='ocrx_word' id='word_1_115' title='bbox 1242 1921 1336 2004; x_wconf 90' lang='lat' dir='ltr'>cujus</span> <span class='ocrx_word' id='word_1_116' title='bbox 1360 1925 1519 2005; x_wconf 86' lang='lat' dir='ltr'>magister</span> 
     </span>
     <span class='ocr_line' id='line_1_14' title="bbox 364 2025 1518 2109; baseline 0.003 -22"><span class='ocrx_word' id='word_1_117' title='bbox 364 2045 436 2088; x_wconf 88' lang='lat' dir='ltr'>esse</span> <span class='ocrx_word' id='word_1_118' title='bbox 457 2027 528 2090; x_wconf 91' lang='lat' dir='ltr'>vult</span> <span class='ocrx_word' id='word_1_119' title='bbox 551 2026 680 2104; x_wconf 89' lang='lat' dir='ltr'>labitur,</span> <span class='ocrx_word' id='word_1_120' title='bbox 702 2037 876 2108; x_wconf 88' lang='lat' dir='ltr'>artemque</span> <span class='ocrx_word' id='word_1_121' title='bbox 899 2027 989 2091; x_wconf 88' lang='lat' dir='ltr'>vitae</span> <span class='ocrx_word' id='word_1_122' title='bbox 1013 2027 1177 2108; x_wconf 81' lang='lat' dir='ltr'>professus</span> <span class='ocrx_word' id='word_1_123' title='bbox 1198 2026 1363 2109; x_wconf 89' lang='lat' dir='ltr'>delinquit</span> <span class='ocrx_word' id='word_1_124' title='bbox 1381 2026 1415 2089; x_wconf 94' lang='lat' dir='ltr'>in</span> <span class='ocrx_word' id='word_1_125' title='bbox 1430 2025 1518 2090; x_wconf 66' lang='lat' dir='ltr'>vita?</span> 
     </span>
     <span class='ocr_line' id='line_1_15' title="bbox 364 2129 1517 2213; baseline 0 -19"><span class='ocrx_word' id='word_1_126' title='bbox 364 2129 450 2194; x_wconf 86' lang='lat' dir='ltr'>Cum</span> <span class='ocrx_word' id='word_1_127' title='bbox 481 2141 593 2194; x_wconf 91' lang='lat' dir='ltr'>tamen</span> <span class='ocrx_word' id='word_1_128' title='bbox 624 2129 815 2194; x_wconf 90' lang='lat' dir='ltr'>Xalenchus</span> <span class='ocrx_word' id='word_1_129' title='bbox 841 2130 1011 2213; x_wconf 89' lang='lat' dir='ltr'>legislator</span> <span class='ocrx_word' id='word_1_130' title='bbox 1036 2131 1126 2212; x_wconf 91' lang='lat' dir='ltr'>apud</span> <span class='ocrx_word' id='word_1_131' title='bbox 1159 2129 1343 2195; x_wconf 87' lang='lat' dir='ltr'>Locrenses</span> <span class='ocrx_word' id='word_1_132' title='bbox 1374 2129 1517 2194; x_wconf 88' lang='lat' dir='ltr'>mirabili</span> 
     </span>
     <span class='ocr_line' id='line_1_16' title="bbox 359 2233 1517 2318; baseline 0.003 -22"><span class='ocrx_word' id='word_1_133' title='bbox 359 2233 443 2315; x_wconf 92' lang='lat' dir='ltr'>juris</span> <span class='ocrx_word' id='word_1_134' title='bbox 457 2237 624 2316; x_wconf 87' lang='lat' dir='ltr'>aequitate</span> <span class='ocrx_word' id='word_1_135' title='bbox 640 2245 674 2297; x_wconf 90' lang='lat' dir='ltr'>et</span> <span class='ocrx_word' id='word_1_136' title='bbox 689 2235 761 2298; x_wconf 92' lang='lat' dir='ltr'>zelo</span> <span class='ocrx_word' id='word_1_137' title='bbox 776 2235 907 2298; x_wconf 88' lang='lat' dir='ltr'>virtutis</span> <span class='ocrx_word' id='word_1_138' title='bbox 923 2234 1030 2318; x_wconf 88' lang='lat' dir='ltr'>legem</span> <span class='ocrx_word' id='word_1_139' title='bbox 1046 2237 1089 2298; x_wconf 92' lang='lat' dir='ltr'>de</span> <span class='ocrx_word' id='word_1_140' title='bbox 1098 2233 1255 2298; x_wconf 92' lang='lat' dir='ltr'>adulteris</span> <span class='ocrx_word' id='word_1_141' title='bbox 1266 2255 1366 2317; x_wconf 91' lang='lat' dir='ltr'>quam</span> <span class='ocrx_word' id='word_1_142' title='bbox 1379 2236 1517 2299; x_wconf 90' lang='lat' dir='ltr'>dederat</span> 
     </span>
     <span class='ocr_line' id='line_1_17' title="bbox 363 2337 1516 2423; baseline 0.003 -22"><span class='ocrx_word' id='word_1_143' title='bbox 363 2341 406 2401; x_wconf 92' lang='lat' dir='ltr'>de</span> <span class='ocrx_word' id='word_1_144' title='bbox 421 2357 530 2420; x_wconf 93' lang='lat' dir='ltr'>poena</span> <span class='ocrx_word' id='word_1_145' title='bbox 545 2339 685 2402; x_wconf 89' lang='lat' dir='ltr'>duorum</span> <span class='ocrx_word' id='word_1_146' title='bbox 701 2337 872 2402; x_wconf 91' lang='lat' dir='ltr'>oculorum</span> <span class='ocrx_word' id='word_1_147' title='bbox 886 2339 920 2402; x_wconf 91' lang='lat' dir='ltr'>in</span> <span class='ocrx_word' id='word_1_148' title='bbox 932 2338 1000 2402; x_wconf 89' lang='lat' dir='ltr'>filio</span> <span class='ocrx_word' id='word_1_149' title='bbox 1010 2339 1113 2403; x_wconf 90' lang='lat' dir='ltr'>voluit</span> <span class='ocrx_word' id='word_1_150' title='bbox 1125 2339 1301 2416; x_wconf 87' lang='lat' dir='ltr'>observari,</span> <span class='ocrx_word' id='word_1_151' title='bbox 1312 2350 1516 2423; x_wconf 86' lang='lat' dir='ltr'>repugnante</span> 
     </span>
     <span class='ocr_line' id='line_1_18' title="bbox 362 2441 1516 2525; baseline 0.003 -22"><span class='ocrx_word' id='word_1_152' title='bbox 362 2441 495 2506; x_wconf 88' lang='lat' dir='ltr'>civitate</span> <span class='ocrx_word' id='word_1_153' title='bbox 522 2451 657 2524; x_wconf 93' lang='lat' dir='ltr'>propter</span> <span class='ocrx_word' id='word_1_154' title='bbox 682 2441 784 2523; x_wconf 89' lang='lat' dir='ltr'>patris</span> <span class='ocrx_word' id='word_1_155' title='bbox 809 2442 1039 2519; x_wconf 69' lang='lat' dir='ltr'>honestatem</span> <span class='ocrx_word' id='word_1_156' title='bbox 1073 2444 1131 2507; x_wconf 88' lang='lat' dir='ltr'>sed</span> <span class='ocrx_word' id='word_1_157' title='bbox 1156 2462 1260 2507; x_wconf 87' lang='lat' dir='ltr'>verax</span> <span class='ocrx_word' id='word_1_158' title='bbox 1283 2443 1390 2525; x_wconf 90' lang='lat' dir='ltr'>judex</span> <span class='ocrx_word' id='word_1_159' title='bbox 1415 2465 1516 2507; x_wconf 90' lang='lat' dir='ltr'>unum</span> 
     </span>
     <span class='ocr_line' id='line_1_19' title="bbox 361 2544 1517 2630; baseline 0.005 -23"><span class='ocrx_word' id='word_1_160' title='bbox 361 2545 495 2608; x_wconf 90' lang='lat' dir='ltr'>oculum</span> <span class='ocrx_word' id='word_1_161' title='bbox 520 2546 582 2609; x_wconf 91' lang='lat' dir='ltr'>sibi</span> <span class='ocrx_word' id='word_1_162' title='bbox 608 2544 757 2624; x_wconf 91' lang='lat' dir='ltr'>abstulit,</span> <span class='ocrx_word' id='word_1_163' title='bbox 784 2546 925 2610; x_wconf 91' lang='lat' dir='ltr'>alterum</span> <span class='ocrx_word' id='word_1_164' title='bbox 949 2547 1026 2627; x_wconf 88' lang='lat' dir='ltr'>filio,</span> <span class='ocrx_word' id='word_1_165' title='bbox 1053 2568 1094 2610; x_wconf 89' lang='lat' dir='ltr'>ne</span> <span class='ocrx_word' id='word_1_166' title='bbox 1118 2547 1226 2630; x_wconf 85' lang='lat' dir='ltr'>legem</span> <span class='ocrx_word' id='word_1_167' title='bbox 1250 2569 1351 2630; x_wconf 89' lang='lat' dir='ltr'>quam</span> <span class='ocrx_word' id='word_1_168' title='bbox 1379 2549 1517 2613; x_wconf 84' lang='lat' dir='ltr'>dederat</span> 
     </span>
     <span class='ocr_line' id='line_1_20' title="bbox 361 2649 1360 2716; baseline 0.001 -4"><span class='ocrx_word' id='word_1_169' title='bbox 361 2649 511 2716; x_wconf 88' lang='lat' dir='ltr'>violaret.</span> <span class='ocrx_word' id='word_1_170' title='bbox 557 2651 653 2715; x_wconf 91' lang='lat' dir='ltr'>Haec</span> <span class='ocrx_word' id='word_1_171' title='bbox 668 2651 781 2715; x_wconf 90' lang='lat' dir='ltr'>scribit</span> <span class='ocrx_word' id='word_1_172' title='bbox 797 2651 949 2716; x_wconf 86' lang='lat' dir='ltr'>Valerius</span> <span class='ocrx_word' id='word_1_173' title='bbox 966 2652 1138 2716; x_wconf 89' lang='lat' dir='ltr'>Maximus</span> <span class='ocrx_word' id='word_1_174' title='bbox 1153 2651 1237 2715; x_wconf 91' lang='lat' dir='ltr'>libro</span> <span class='ocrx_word' id='word_1_175' title='bbox 1253 2661 1360 2714; x_wconf 84' lang='lat' dir='ltr'>sexto.</span> 
     </span>
    </p>
   </div>
   <div class='ocr_carea' id='block_1_5' title="bbox 193 2738 1516 2835">
    <p class='ocr_par' dir='ltr' id='par_1_5' title="bbox 193 2738 1516 2835">
     <span class='ocr_line' id='line_1_21' title="bbox 193 2738 1516 2835; baseline 0.011 -32"><span class='ocrx_word' id='word_1_176' title='bbox 193 2738 247 2790; x_wconf 70' lang='lat' dir='ltr'>The</span> <span class='ocrx_word' id='word_1_177' title='bbox 260 2744 350 2807; x_wconf 71' lang='lat' dir='ltr'>beaury</span> <span class='ocrx_word' id='word_1_178' title='bbox 408 2747 584 2815; x_wconf 92' lang='lat' dir='ltr'>Caeterum</span> <span class='ocrx_word' id='word_1_179' title='bbox 606 2771 722 2815; x_wconf 92' lang='lat' dir='ltr'>omnes</span> <span class='ocrx_word' id='word_1_180' title='bbox 745 2750 934 2835; x_wconf 92' lang='lat' dir='ltr'>philosophi</span> <span class='ocrx_word' id='word_1_181' title='bbox 957 2752 1074 2817; x_wconf 91' lang='lat' dir='ltr'>volunt</span> <span class='ocrx_word' id='word_1_182' title='bbox 1095 2753 1185 2834; x_wconf 91' lang='lat' dir='ltr'>quod</span> <span class='ocrx_word' id='word_1_183' title='bbox 1205 2754 1335 2816; x_wconf 91' lang='lat' dir='ltr'>virtutis</span> <span class='ocrx_word' id='word_1_184' title='bbox 1358 2751 1516 2817; x_wconf 88' lang='lat' dir='ltr'>honestas</span> 
     </span>
    </p>
   </div>
   <div class='ocr_carea' id='block_1_6' title="bbox 192 2808 314 2858">
    <p class='ocr_par' dir='ltr' id='par_1_6' title="bbox 192 2808 314 2858">
     <span class='ocr_line' id='line_1_22' title="bbox 192 2808 314 2858; baseline 0.008 -3"><span class='ocrx_word' id='word_1_185' title='bbox 192 2809 221 2856; x_wconf 86' lang='lat' dir='ltr'>ol</span> <span class='ocrx_word' id='word_1_186' title='bbox 230 2808 314 2858; x_wconf 84' lang='lat' dir='ltr'>virtue.</span> 
     </span>
    </p>
   </div>
   <div class='ocr_carea' id='block_1_7' title="bbox 355 2856 1515 4398">
    <p class='ocr_par' dir='ltr' id='par_1_7' title="bbox 355 2856 1515 4190">
     <span class='ocr_line' id='line_1_23' title="bbox 361 2856 1514 2941; baseline 0.003 -23"><span class='ocrx_word' id='word_1_187' title='bbox 361 2875 421 2919; x_wconf 88' lang='lat' dir='ltr'>sua</span> <span class='ocrx_word' id='word_1_188' title='bbox 444 2857 595 2920; x_wconf 90' lang='lat' dir='ltr'>miranda</span> <span class='ocrx_word' id='word_1_189' title='bbox 619 2856 840 2939; x_wconf 89' lang='lat' dir='ltr'>pulcritudine</span> <span class='ocrx_word' id='word_1_190' title='bbox 863 2857 1046 2939; x_wconf 92' lang='lat' dir='ltr'>quemlibet</span> <span class='ocrx_word' id='word_1_191' title='bbox 1067 2859 1168 2922; x_wconf 92' lang='lat' dir='ltr'>debet</span> <span class='ocrx_word' id='word_1_192' title='bbox 1191 2858 1338 2935; x_wconf 90' lang='lat' dir='ltr'>invitare,</span> <span class='ocrx_word' id='word_1_193' title='bbox 1357 2859 1514 2941; x_wconf 90' lang='lat' dir='ltr'>quoniam</span> 
     </span>
     <span class='ocr_line' id='line_1_24' title="bbox 360 2958 1514 3045; baseline 0.003 -24"><span class='ocrx_word' id='word_1_194' title='bbox 360 2958 535 3024; x_wconf 92' lang='lat' dir='ltr'>honestum</span> <span class='ocrx_word' id='word_1_195' title='bbox 557 2969 617 3034; x_wconf 89' lang='lat' dir='ltr'>est,</span> <span class='ocrx_word' id='word_1_196' title='bbox 634 2971 671 3024; x_wconf 91' lang='lat' dir='ltr'>ut</span> <span class='ocrx_word' id='word_1_197' title='bbox 697 2961 745 3024; x_wconf 89' lang='lat' dir='ltr'>ait</span> <span class='ocrx_word' id='word_1_198' title='bbox 763 2960 894 3025; x_wconf 92' lang='lat' dir='ltr'>Tullius</span> <span class='ocrx_word' id='word_1_199' title='bbox 916 2963 948 3024; x_wconf 94' lang='lat' dir='ltr'>in</span> <span class='ocrx_word' id='word_1_200' title='bbox 969 2962 1055 3027; x_wconf 93' lang='lat' dir='ltr'>libro</span> <span class='ocrx_word' id='word_1_201' title='bbox 1075 2962 1118 3026; x_wconf 94' lang='lat' dir='ltr'>de</span> <span class='ocrx_word' id='word_1_202' title='bbox 1139 2961 1274 3038; x_wconf 87' lang='lat' dir='ltr'>Officiis,</span> <span class='ocrx_word' id='word_1_203' title='bbox 1292 2963 1382 3045; x_wconf 92' lang='lat' dir='ltr'>quod</span> <span class='ocrx_word' id='word_1_204' title='bbox 1401 2983 1462 3025; x_wconf 93' lang='lat' dir='ltr'>sua</span> <span class='ocrx_word' id='word_1_205' title='bbox 1481 2963 1514 3025; x_wconf 91' lang='lat' dir='ltr'>vi</span> 
     </span>
     <span class='ocr_line' id='line_1_25' title="bbox 361 3053 1513 3149; baseline 0.003 -23"><span class='ocrx_word' id='word_1_206' title='bbox 361 3082 422 3126; x_wconf 92' lang='lat' dir='ltr'>nos</span> <span class='ocrx_word' id='word_1_207' title='bbox 437 3053 537 3128; x_wconf 90' lang='lat' dir='ltr'>trahit</span> <span class='ocrx_word' id='word_1_208' title='bbox 553 3073 587 3128; x_wconf 91' lang='lat' dir='ltr'>et</span> <span class='ocrx_word' id='word_1_209' title='bbox 603 3085 662 3128; x_wconf 90' lang='lat' dir='ltr'>sua</span> <span class='ocrx_word' id='word_1_210' title='bbox 677 3065 841 3148; x_wconf 88' lang='lat' dir='ltr'>dignitate</span> <span class='ocrx_word' id='word_1_211' title='bbox 856 3087 917 3128; x_wconf 90' lang='lat' dir='ltr'>nos</span> <span class='ocrx_word' id='word_1_212' title='bbox 931 3065 1042 3131; x_wconf 90' lang='lat' dir='ltr'>allicit.</span> <span class='ocrx_word' id='word_1_213' title='bbox 1086 3065 1252 3149; x_wconf 91' lang='lat' dir='ltr'>Apuleius</span> <span class='ocrx_word' id='word_1_214' title='bbox 1267 3069 1369 3131; x_wconf 89' lang='lat' dir='ltr'>etiam</span> <span class='ocrx_word' id='word_1_215' title='bbox 1380 3067 1412 3130; x_wconf 93' lang='lat' dir='ltr'>in</span> <span class='ocrx_word' id='word_1_216' title='bbox 1430 3066 1513 3130; x_wconf 91' lang='lat' dir='ltr'>libro</span> 
     </span>
     <span class='ocr_line' id='line_1_26' title="bbox 360 3168 1515 3253; baseline 0.003 -23"><span class='ocrx_word' id='word_1_217' title='bbox 360 3169 460 3231; x_wconf 91' lang='lat' dir='ltr'>tertio</span> <span class='ocrx_word' id='word_1_218' title='bbox 484 3168 527 3232; x_wconf 92' lang='lat' dir='ltr'>de</span> <span class='ocrx_word' id='word_1_219' title='bbox 540 3168 709 3251; x_wconf 71' lang='lat' dir='ltr'>‘dogmate</span> <span class='ocrx_word' id='word_1_220' title='bbox 733 3169 882 3234; x_wconf 92' lang='lat' dir='ltr'>Platonis</span> <span class='ocrx_word' id='word_1_221' title='bbox 901 3171 979 3233; x_wconf 91' lang='lat' dir='ltr'>dicit</span> <span class='ocrx_word' id='word_1_222' title='bbox 999 3170 1154 3234; x_wconf 91' lang='lat' dir='ltr'>virtutem</span> <span class='ocrx_word' id='word_1_223' title='bbox 1178 3191 1250 3234; x_wconf 88' lang='lat' dir='ltr'>esse</span> <span class='ocrx_word' id='word_1_224' title='bbox 1267 3171 1370 3234; x_wconf 91' lang='lat' dir='ltr'>animi</span> <span class='ocrx_word' id='word_1_225' title='bbox 1395 3171 1515 3253; x_wconf 91' lang='lat' dir='ltr'>pulcri·</span> 
     </span>
     <span class='ocr_line' id='line_1_27' title="bbox 361 3272 1513 3358; baseline 0.006 -24"><span class='ocrx_word' id='word_1_226' title='bbox 361 3273 522 3335; x_wconf 88' lang='lat' dir='ltr'>tudinem.</span> <span class='ocrx_word' id='word_1_227' title='bbox 570 3272 615 3336; x_wconf 89' lang='lat' dir='ltr'>Et</span> <span class='ocrx_word' id='word_1_228' title='bbox 644 3272 783 3350; x_wconf 90' lang='lat' dir='ltr'>Tullius,</span> <span class='ocrx_word' id='word_1_229' title='bbox 807 3283 927 3356; x_wconf 91' lang='lat' dir='ltr'>quarto</span> <span class='ocrx_word' id='word_1_230' title='bbox 952 3275 994 3338; x_wconf 92' lang='lat' dir='ltr'>de</span> <span class='ocrx_word' id='word_1_231' title='bbox 1018 3274 1279 3358; x_wconf 86' lang='lat' dir='ltr'>Quaestionibus</span> <span class='ocrx_word' id='word_1_232' title='bbox 1306 3275 1513 3355; x_wconf 88' lang='lat' dir='ltr'>Tusculanis,</span> 
     </span>
     <span class='ocr_line' id='line_1_28' title="bbox 361 3374 1513 3462; baseline 0.004 -23"><span class='ocrx_word' id='word_1_233' title='bbox 361 3374 464 3439; x_wconf 82' lang='lat' dir='ltr'>dicit²</span> <span class='ocrx_word' id='word_1_234' title='bbox 480 3376 549 3441; x_wconf 93' lang='lat' dir='ltr'>‘Ut</span> <span class='ocrx_word' id='word_1_235' title='bbox 564 3378 711 3459; x_wconf 89' lang='lat' dir='ltr'>corporis</span> <span class='ocrx_word' id='word_1_236' title='bbox 727 3387 777 3441; x_wconf 89' lang='lat' dir='ltr'>est</span> <span class='ocrx_word' id='word_1_237' title='bbox 796 3380 960 3460; x_wconf 83' lang='lat' dir='ltr'>quaedam</span> <span class='ocrx_word' id='word_1_238' title='bbox 977 3389 1056 3462; x_wconf 90' lang='lat' dir='ltr'>apta</span> <span class='ocrx_word' id='word_1_239' title='bbox 1076 3379 1180 3462; x_wconf 87' lang='lat' dir='ltr'>figura</span> <span class='ocrx_word' id='word_1_240' title='bbox 1196 3381 1421 3444; x_wconf 92' lang='lat' dir='ltr'>membrorum</span> <span class='ocrx_word' id='word_1_241' title='bbox 1436 3401 1513 3444; x_wconf 91' lang='lat' dir='ltr'>cum</span> 
     </span>
     <span class='ocr_line' id='line_1_29' title="bbox 359 3479 1512 3566; baseline 0.003 -22"><span class='ocrx_word' id='word_1_242' title='bbox 359 3479 505 3544; x_wconf 92' lang='lat' dir='ltr'>colorum</span> <span class='ocrx_word' id='word_1_243' title='bbox 533 3481 677 3562; x_wconf 89' lang='lat' dir='ltr'>quadam</span> <span class='ocrx_word' id='word_1_244' title='bbox 701 3482 866 3546; x_wconf 87' lang='lat' dir='ltr'>suavitate</span> <span class='ocrx_word' id='word_1_245' title='bbox 894 3503 999 3565; x_wconf 92' lang='lat' dir='ltr'>eaque</span> <span class='ocrx_word' id='word_1_246' title='bbox 1023 3482 1212 3566; x_wconf 90' lang='lat' dir='ltr'>pulcritudo</span> <span class='ocrx_word' id='word_1_247' title='bbox 1235 3494 1381 3559; x_wconf 90' lang='lat' dir='ltr'>vocatur,</span> <span class='ocrx_word' id='word_1_248' title='bbox 1406 3485 1453 3547; x_wconf 93' lang='lat' dir='ltr'>sic</span> <span class='ocrx_word' id='word_1_249' title='bbox 1478 3485 1512 3547; x_wconf 94' lang='lat' dir='ltr'>in</span> 
     </span>
     <span class='ocr_line' id='line_1_30' title="bbox 358 3584 1511 3670; baseline 0.004 -23"><span class='ocrx_word' id='word_1_250' title='bbox 358 3585 472 3647; x_wconf 89' lang='lat' dir='ltr'>animo</span> <span class='ocrx_word' id='word_1_251' title='bbox 487 3584 679 3666; x_wconf 87' lang='lat' dir='ltr'>opinionum</span> <span class='ocrx_word' id='word_1_252' title='bbox 691 3585 960 3669; x_wconf 91' lang='lat' dir='ltr'>judiciorumque</span> <span class='ocrx_word' id='word_1_253' title='bbox 973 3587 1157 3670; x_wconf 86' lang='lat' dir='ltr'>aequalitas</span> <span class='ocrx_word' id='word_1_254' title='bbox 1178 3597 1213 3651; x_wconf 91' lang='lat' dir='ltr'>et</span> <span class='ocrx_word' id='word_1_255' title='bbox 1235 3589 1420 3652; x_wconf 89' lang='lat' dir='ltr'>constantia</span> <span class='ocrx_word' id='word_1_256' title='bbox 1435 3609 1511 3652; x_wconf 86' lang='lat' dir='ltr'>curn</span> 
     </span>
     <span class='ocr_line' id='line_1_31' title="bbox 359 3685 1513 3774; baseline 0.005 -24"><span class='ocrx_word' id='word_1_257' title='bbox 359 3685 515 3751; x_wconf 86' lang='lat' dir='ltr'>firmitate</span> <span class='ocrx_word' id='word_1_258' title='bbox 552 3691 695 3770; x_wconf 88' lang='lat' dir='ltr'>quadam</span> <span class='ocrx_word' id='word_1_259' title='bbox 732 3699 765 3752; x_wconf 88' lang='lat' dir='ltr'>et</span> <span class='ocrx_word' id='word_1_260' title='bbox 800 3689 983 3754; x_wconf 90' lang='lat' dir='ltr'>stabilitate</span> <span class='ocrx_word' id='word_1_261' title='bbox 1021 3691 1175 3754; x_wconf 89' lang='lat' dir='ltr'>virtutem</span> <span class='ocrx_word' id='word_1_262' title='bbox 1213 3692 1417 3774; x_wconf 88' lang='lat' dir='ltr'>subsequens</span> <span class='ocrx_word' id='word_1_263' title='bbox 1453 3702 1513 3756; x_wconf 90' lang='lat' dir='ltr'>aut</span> 
     </span>
     <span class='ocr_line' id='line_1_32' title="bbox 357 3793 1513 3879; baseline 0.005 -23"><span class='ocrx_word' id='word_1_264' title='bbox 357 3794 514 3856; x_wconf 89' lang='lat' dir='ltr'>virtutem</span> <span class='ocrx_word' id='word_1_265' title='bbox 534 3793 640 3876; x_wconf 88' lang='lat' dir='ltr'>ipsam</span> <span class='ocrx_word' id='word_1_266' title='bbox 662 3796 860 3858; x_wconf 87' lang='lat' dir='ltr'>antecedens</span> <span class='ocrx_word' id='word_1_267' title='bbox 884 3793 1069 3877; x_wconf 88' lang='lat' dir='ltr'>pulcritudo</span> <span class='ocrx_word' id='word_1_268' title='bbox 1083 3795 1240 3860; x_wconf 68' lang='lat' dir='ltr'>vocatur!</span> <span class='ocrx_word' id='word_1_269' title='bbox 1286 3795 1332 3861; x_wconf 89' lang='lat' dir='ltr'>Et</span> <span class='ocrx_word' id='word_1_270' title='bbox 1347 3796 1513 3879; x_wconf 89' lang='lat' dir='ltr'>Apuleius</span> 
     </span>
     <span class='ocr_line' id='line_1_33' title="bbox 357 3897 1511 3982; baseline 0.007 -22"><span class='ocrx_word' id='word_1_271' title='bbox 357 3899 518 3961; x_wconf 91' lang='lat' dir='ltr'>virtutem</span> <span class='ocrx_word' id='word_1_272' title='bbox 531 3917 595 3962; x_wconf 92' lang='lat' dir='ltr'>non</span> <span class='ocrx_word' id='word_1_273' title='bbox 611 3897 718 3962; x_wconf 91' lang='lat' dir='ltr'>solum</span> <span class='ocrx_word' id='word_1_274' title='bbox 735 3919 807 3962; x_wconf 90' lang='lat' dir='ltr'>esse</span> <span class='ocrx_word' id='word_1_275' title='bbox 819 3898 1075 3982; x_wconf 88' lang='lat' dir='ltr'>pulcritudinem</span> <span class='ocrx_word' id='word_1_276' title='bbox 1090 3901 1191 3963; x_wconf 91' lang='lat' dir='ltr'>animi</span> <span class='ocrx_word' id='word_1_277' title='bbox 1207 3902 1266 3964; x_wconf 90' lang='lat' dir='ltr'>sed</span> <span class='ocrx_word' id='word_1_278' title='bbox 1281 3903 1458 3965; x_wconf 89' lang='lat' dir='ltr'>sanitatem</span> <span class='ocrx_word' id='word_1_279' title='bbox 1475 3914 1511 3968; x_wconf 94' lang='lat' dir='ltr'>et</span> 
     </span>
     <span class='ocr_line' id='line_1_34' title="bbox 357 4000 1512 4087; baseline 0.004 -24"><span class='ocrx_word' id='word_1_280' title='bbox 357 4001 450 4066; x_wconf 90' lang='lat' dir='ltr'>vires.</span> <span class='ocrx_word' id='word_1_281' title='bbox 483 4002 528 4066; x_wconf 90' lang='lat' dir='ltr'>Et</span> <span class='ocrx_word' id='word_1_282' title='bbox 538 4001 584 4065; x_wconf 91' lang='lat' dir='ltr'>sic</span> <span class='ocrx_word' id='word_1_283' title='bbox 597 4000 721 4078; x_wconf 84' lang='lat' dir='ltr'>cicero,</span> <span class='ocrx_word' id='word_1_284' title='bbox 734 4013 770 4066; x_wconf 96' lang='lat' dir='ltr'>ut</span> <span class='ocrx_word' id='word_1_285' title='bbox 786 4022 829 4064; x_wconf 90' lang='lat' dir='ltr'>ex</span> <span class='ocrx_word' id='word_1_286' title='bbox 845 4005 992 4067; x_wconf 90' lang='lat' dir='ltr'>secundo</span> <span class='ocrx_word' id='word_1_287' title='bbox 1007 4014 1041 4067; x_wconf 90' lang='lat' dir='ltr'>et</span> <span class='ocrx_word' id='word_1_288' title='bbox 1052 4004 1150 4068; x_wconf 89' lang='lat' dir='ltr'>tertio</span> <span class='ocrx_word' id='word_1_289' title='bbox 1165 4015 1200 4069; x_wconf 91' lang='lat' dir='ltr'>et</span> <span class='ocrx_word' id='word_1_290' title='bbox 1215 4015 1335 4086; x_wconf 92' lang='lat' dir='ltr'>quarto</span> <span class='ocrx_word' id='word_1_291' title='bbox 1350 4014 1384 4069; x_wconf 90' lang='lat' dir='ltr'>et</span> <span class='ocrx_word' id='word_1_292' title='bbox 1394 4005 1512 4087; x_wconf 91' lang='lat' dir='ltr'>quinto</span> 
     </span>
     <span class='ocr_line' id='line_1_35' title="bbox 355 4105 1437 4190; baseline -0.001 -20"><span class='ocrx_word' id='word_1_293' title='bbox 355 4107 399 4170; x_wconf 92' lang='lat' dir='ltr'>de</span> <span class='ocrx_word' id='word_1_294' title='bbox 415 4105 676 4188; x_wconf 88' lang='lat' dir='ltr'>Quaestionibus</span> <span class='ocrx_word' id='word_1_295' title='bbox 692 4106 897 4180; x_wconf 88' lang='lat' dir='ltr'>Tusculanis,</span> <span class='ocrx_word' id='word_1_296' title='bbox 914 4107 1137 4190; x_wconf 90' lang='lat' dir='ltr'>multipliciter</span> <span class='ocrx_word' id='word_1_297' title='bbox 1151 4107 1361 4171; x_wconf 76' lang='lat' dir='ltr'>manifestum</span> <span class='ocrx_word' id='word_1_298' title='bbox 1377 4118 1437 4173; x_wconf 93' lang='lat' dir='ltr'>est.</span> 
     </span>
    </p>

    <p class='ocr_par' dir='ltr' id='par_1_8' title="bbox 357 4210 1511 4398">
     <span class='ocr_line' id='line_1_36' title="bbox 403 4210 1510 4294; baseline 0.006 -21"><span class='ocrx_word' id='word_1_299' title='bbox 403 4211 448 4274; x_wconf 91' lang='lat' dir='ltr'>Et</span> <span class='ocrx_word' id='word_1_300' title='bbox 472 4211 548 4275; x_wconf 88' lang='lat' dir='ltr'>licet</span> <span class='ocrx_word' id='word_1_301' title='bbox 568 4210 773 4292; x_wconf 90' lang='lat' dir='ltr'>impossibile</span> <span class='ocrx_word' id='word_1_302' title='bbox 796 4221 854 4274; x_wconf 89' lang='lat' dir='ltr'>aut</span> <span class='ocrx_word' id='word_1_303' title='bbox 876 4210 1009 4274; x_wconf 85' lang='lat' dir='ltr'>difficile</span> <span class='ocrx_word' id='word_1_304' title='bbox 1031 4212 1075 4275; x_wconf 90' lang='lat' dir='ltr'>sit</span> <span class='ocrx_word' id='word_1_305' title='bbox 1097 4233 1174 4276; x_wconf 90' lang='lat' dir='ltr'>eum</span> <span class='ocrx_word' id='word_1_306' title='bbox 1194 4213 1252 4294; x_wconf 92' lang='lat' dir='ltr'>qui</span> <span class='ocrx_word' id='word_1_307' title='bbox 1269 4214 1441 4278; x_wconf 89' lang='lat' dir='ltr'>induratus</span> <span class='ocrx_word' id='word_1_308' title='bbox 1457 4226 1510 4280; x_wconf 90' lang='lat' dir='ltr'>est</span> 
     </span>
     <span class='ocr_line' id='line_1_37' title="bbox 357 4314 1511 4398; baseline 0.004 -21"><span class='ocrx_word' id='word_1_309' title='bbox 357 4315 391 4378; x_wconf 91' lang='lat' dir='ltr'>in</span> <span class='ocrx_word' id='word_1_310' title='bbox 416 4315 564 4379; x_wconf 91' lang='lat' dir='ltr'>moribus</span> <span class='ocrx_word' id='word_1_311' title='bbox 593 4315 739 4396; x_wconf 90' lang='lat' dir='ltr'>antiquis</span> <span class='ocrx_word' id='word_1_312' title='bbox 771 4324 921 4397; x_wconf 93' lang='lat' dir='ltr'>tempore</span> <span class='ocrx_word' id='word_1_313' title='bbox 951 4314 1050 4398; x_wconf 86' lang='lat' dir='ltr'>longo</span> <span class='ocrx_word' id='word_1_314' title='bbox 1081 4317 1199 4381; x_wconf 90' lang='lat' dir='ltr'>mutari</span> <span class='ocrx_word' id='word_1_315' title='bbox 1226 4317 1270 4380; x_wconf 90' lang='lat' dir='ltr'>ad</span> <span class='ocrx_word' id='word_1_316' title='bbox 1296 4317 1445 4395; x_wconf 89' lang='lat' dir='ltr'>virtutes,</span> <span class='ocrx_word' id='word_1_317' title='bbox 1472 4330 1511 4382; x_wconf 91' lang='lat' dir='ltr'>ut</span> 
     </span>
    </p>
   </div>
   <div class='ocr_carea' id='block_1_8' title="bbox 355 4485 1510 4705">
    <p class='ocr_par' dir='ltr' id='par_1_9' title="bbox 355 4485 1510 4705">
     <span class='ocr_line' id='line_1_38' title="bbox 389 4485 1510 4550; baseline 0.003 -15"><span class='ocrx_word' id='word_1_318' title='bbox 389 4486 395 4512; x_wconf 91' lang='lat'>¹</span> <span class='ocrx_word' id='word_1_319' title='bbox 418 4486 489 4535; x_wconf 86' lang='lat' dir='ltr'>Tusc.</span> <span class='ocrx_word' id='word_1_320' title='bbox 502 4485 574 4549; x_wconf 76' lang='lat' dir='ltr'>Dr&#39;sp.</span> <span class='ocrx_word' id='word_1_321' title='bbox 592 4487 618 4534; x_wconf 91' lang='lat' dir='ltr'>ii.</span> <span class='ocrx_word' id='word_1_322' title='bbox 636 4502 659 4547; x_wconf 87' lang='lat'>4.</span> <span class='ocrx_word' id='word_1_323' title='bbox 695 4487 751 4536; x_wconf 86' lang='lat' dir='ltr'>The</span> <span class='ocrx_word' id='word_1_324' title='bbox 768 4489 910 4548; x_wconf 84' lang='lat' dir='ltr'>quotation,</span> <span class='ocrx_word' id='word_1_325' title='bbox 929 4487 980 4534; x_wconf 82' lang='lat' dir='ltr'>like</span> <span class='ocrx_word' id='word_1_326' title='bbox 997 4502 1076 4549; x_wconf 83' lang='lat' dir='ltr'>many</span> <span class='ocrx_word' id='word_1_327' title='bbox 1092 4487 1181 4536; x_wconf 88' lang='lat' dir='ltr'>others</span> <span class='ocrx_word' id='word_1_328' title='bbox 1199 4488 1273 4535; x_wconf 86' lang='lat' dir='ltr'>made</span> <span class='ocrx_word' id='word_1_329' title='bbox 1291 4487 1326 4550; x_wconf 89' lang='lat' dir='ltr'>by</span> <span class='ocrx_word' id='word_1_330' title='bbox 1341 4487 1429 4537; x_wconf 81' lang='lat' dir='ltr'>Baton</span> <span class='ocrx_word' id='word_1_331' title='bbox 1443 4489 1510 4539; x_wconf 78' lang='lat' dir='ltr'>from</span> 
     </span>
     <span class='ocr_line' id='line_1_39' title="bbox 355 4564 1029 4628; baseline 0.003 -16"><span class='ocrx_word' id='word_1_332' title='bbox 355 4565 429 4613; x_wconf 78' lang='lat' dir='ltr'>Latin</span> <span class='ocrx_word' id='word_1_333' title='bbox 441 4565 556 4624; x_wconf 85' lang='lat' dir='ltr'>authors,</span> <span class='ocrx_word' id='word_1_334' title='bbox 570 4564 592 4614; x_wconf 87' lang='lat' dir='ltr'>is</span> <span class='ocrx_word' id='word_1_335' title='bbox 604 4565 694 4628; x_wconf 82' lang='lat' dir='ltr'>nearly</span> <span class='ocrx_word' id='word_1_336' title='bbox 706 4565 751 4613; x_wconf 85' lang='lat' dir='ltr'>but</span> <span class='ocrx_word' id='word_1_337' title='bbox 763 4573 809 4614; x_wconf 91' lang='lat' dir='ltr'>not</span> <span class='ocrx_word' id='word_1_338' title='bbox 820 4566 891 4628; x_wconf 89' lang='lat' dir='ltr'>quite</span> <span class='ocrx_word' id='word_1_339' title='bbox 901 4573 1029 4614; x_wconf 75' lang='lat' dir='ltr'>accurate.</span> 
     </span>
     <span class='ocr_line' id='line_1_40' title="bbox 386 4641 540 4705; baseline 0.006 -16"><span class='ocrx_word' id='word_1_340' title='bbox 386 4641 540 4705; x_wconf 82' lang='lat' dir='ltr'>¹rb.iv.13.</span> 
     </span>
    </p>
   </div>
   <div class='ocr_carea' id='block_1_9' title="bbox 0 0 1776 5359">
    <p class='ocr_par' dir='ltr' id='par_1_10' title="bbox 0 0 1776 5359">
     <span class='ocr_line' id='line_1_41' title="bbox 0 0 1776 5359; baseline 0 6"><span class='ocrx_word' id='word_1_341' title='bbox 0 0 1776 5359; x_wconf 95' lang='lat' dir='ltr'> </span> 
     </span>
    </p>
   </div>
  </div>
 </body>
</html>
