3542 5359
614 639 729 700 enas
753 639 917 698 aaran:
954 638 1044 698 cnr.
1071 638 1096 698 1.
1368 651 1430 713 409

278 803 419 886 propria,
437 802 499 868 nisi
520 803 564 869 sit
585 802 744 868 instantia
771 802 806 866 in
827 823 920 880 sono,
946 801 1031 867 sicut
1056 800 1188 866 inferius
1210 799 1428 884 exponeturl.

277 906 387 972 Aliter
408 909 549 973 sumitur
572 909 678 974 virtus
703 928 766 991 pro
786 907 906 972 effectu
933 907 1041 990 primo
1067 906 1197 970 virtutis
1216 905 1286 988 jam
1311 907 1429 984 dictae,

278 1024 413 1097 propter
440 1012 688 1077 similitudinem
710 1012 780 1095 ejus
805 1014 849 1077 ad
872 1011 959 1075 hanc
985 1011 1151 1086 virtutem,
1170 1019 1204 1075 et
1231 1009 1264 1073 in
1288 1011 1429 1074 essentia

278 1127 312 1180 et
329 1119 361 1181 iu
376 1117 579 1201 operatione,
588 1117 667 1200 quia
678 1116 794 1180 similis
805 1126 857 1182 est
872 1117 902 1179 ei
920 1115 952 1178 in
968 1115 1182 1179 distinctione
1193 1125 1228 1180 et
1240 1114 1272 1176 in
1285 1115 1428 1178 essentia

278 1221 441 1304 specifica,
457 1231 491 1286 et
506 1243 566 1304 per
581 1241 788 1304 consequens
809 1231 861 1285 est
879 1218 996 1283 similis
1011 1220 1043 1283 in
1060 1221 1263 1302 operatione,
1278 1219 1356 1300 quia
1371 1218 1428 1281 illa

279 1345 365 1408 quae
387 1337 465 1391 sunt
487 1326 605 1391 similis
631 1325 794 1390 essentiae
817 1324 943 1388 habent
969 1322 1094 1388 similes
1120 1322 1335 1408 operationes
1382 1322 1428 1388 Et

278 1429 361 1494 haec
390 1431 495 1494 virtus
526 1431 672 1495 secunda
703 1428 806 1495 habet
839 1429 947 1492 multa
978 1428 1134 1504 nomina3
1167 1438 1304 1492 vocatur
1339 1427 1427 1490 enim

278 1534 461 1598 similitudo
484 1536 622 1616 agentis,
642 1544 677 1599 et
699 1534 821 1617 imago,
843 1541 877 1596 et
900 1532 1036 1615 species,
1058 1541 1092 1596 et
1114 1529 1252 1610 idolum,
1270 1541 1304 1596 et
1326 1531 1428 1596 simu-

279 1637 414 1714 lacrum,
435 1647 470 1702 et
504 1638 709 1720 phantasma,
733 1648 768 1703 et
803 1641 918 1712 sonna,
942 1646 976 1702 et
1009 1637 1158 1711 intentio,
1180 1647 1215 1700 et
1252 1637 1373 1719 passio,
1394 1647 1429 1702 et

278 1742 461 1824 impressio,
477 1754 511 1807 et
531 1744 649 1807 umbra
666 1741 950 1827 philosophorum,
965 1741 1054 1824 apud
1079 1751 1230 1806 auctores
1249 1741 1293 1805 de
1314 1760 1429 1823 aspec-

277 1846 376 1911 tibus.

322 1950 459 2034 Species
473 1961 586 2017 autem
602 1972 669 2016 non
686 1951 830 2017 sumitur
843 1951 898 2015 hic
913 1972 975 2034 pro
997 1961 1123 2033 quanto
1143 1951 1318 2015 universali
1337 1951 1427 2036 apud
1442 1957 1518 2034 Seuse
1530 1957 1554 2005 in

280 2056 512 2139 Porphyrium,
535 2058 594 2121 sed
624 2058 842 2121 transumitur
866 2055 932 2120 hoc
962 2074 1082 2119 nomen
1113 2055 1157 2119 ad
1187 2056 1428 2137 designandum
1441 2022 1578 2139 :pffihisrhe

278 2162 424 2244 primum
454 2162 609 2226 effectum
637 2161 813 2244 cujuslibet
842 2161 973 2243 agentis
1003 2157 1206 2224 naturaliter.
1252 2159 1298 2224 Et
1328 2170 1365 2223 ut
1395 2162 1427 2224 in
1442 2156 1579 2206 usedhere.

279 2265 437 2348 exemplo
451 2277 566 2349 pateat
581 2266 664 2331 haec
678 2267 814 2348 species,
829 2265 972 2328 dicimus
989 2262 1103 2326 lumen
1117 2261 1197 2327 solis
1214 2263 1247 2326 in
1261 2283 1337 2327 aere
1357 2284 1429 2328 esse

278 2370 423 2452 speciem
439 2369 522 2434 lucis
542 2368 665 2448 solaris,
680 2390 767 2453 quae
788 2379 839 2432 est
859 2368 893 2430 in
913 2387 1053 2452 corpore
1070 2387 1141 2445 suo,
1157 2377 1190 2431 et
1214 2367 1324 2431 lumen
1344 2368 1429 2433 sorte

280 2473 402 2537 cadens
418 2495 476 2555 per
492 2473 669 2538 fenestram
680 2472 733 2537 vel
749 2458 896 2536 foramen
910 2472 1007 2536 nobis
1022 2471 1101 2534 satis
1117 2481 1168 2536 est
1183 2471 1317 2552 visibile,
1329 2483 1363 2536 et
1378 2483 1428 2537 est

280 2578 407 2660 species
417 2577 500 2640 lucis
515 2577 640 2642 stellae.
676 2578 722 2641 Et
734 2576 908 2640 Avicenna
922 2576 1003 2639 dicit
1019 2577 1117 2640 tertio
1133 2578 1176 2640 de
1185 2577 1319 2650 Anima
1337 2579 1427 2659 quod

280 2682 340 2746 lux
363 2692 414 2745 est
437 2681 581 2764 qualitas
601 2682 748 2763 corporis
770 2681 921 2758 lucentis,
937 2691 974 2744 ut
992 2681 1077 2763 ignis
1096 2681 1149 2745 vel
1172 2681 1297 2754 stellae,
1315 2682 1427 2746 lumen

279 2805 358 2849 vero
380 2796 433 2850 est
454 2783 536 2849 illud
558 2786 648 2869 quod
670 2795 722 2850 est
748 2784 1004 2868 multiplicatum
1027 2793 1060 2848 et
1083 2793 1276 2866 generatum
1303 2786 1346 2851 ab
1373 2786 1429 2850 illa

280 2889 354 2954 luce
378 2911 465 2973 quae
490 2890 534 2953 sit
559 2891 593 2952 in
619 2910 703 2964 aere,
729 2898 764 2953 et
790 2889 985 2953 incaeteris
1012 2889 1202 2970 corporibus
1231 2889 1322 2966 raris,
1344 2912 1431 2974 quae

279 3005 440 3058 vocantur
460 2995 580 3072 media,
594 2995 673 3078 quia
693 2994 918 3058 mediantibus
936 2993 998 3057 illis
1014 2992 1275 3076 multiplicantur
1292 2996 1428 3078 species.

280 3098 350 3164 Sed
373 3108 487 3163 tamen
510 3099 668 3164 usualiter
691 3097 797 3162 lucem
820 3098 1001 3182 accipimus
1023 3117 1084 3180 pro
1107 3097 1234 3161 lumine
1255 3108 1289 3163 et
1312 3120 1331 3164 e
1352 3119 1428 3165 con-

279 3203 391 3268 trario.
436 3203 482 3268 Et
505 3204 642 3286 quando
664 3222 723 3286 per
744 3203 891 3266 medium
909 3202 985 3266 vitri
1007 3211 1066 3266 aut
1084 3201 1231 3286 crystalli
1251 3214 1309 3269 aut
1327 3206 1428 3287 panni

279 3308 408 3373 sortiter
424 3308 560 3373 colorati
580 3308 699 3372 transit
719 3307 841 3385 radius,
855 3315 995 3391 apparet
1016 3307 1112 3371 nobis
1127 3308 1161 3370 in
1176 3307 1317 3374 obscuro
1329 3309 1430 3392 juxta

279 3413 410 3478 radium
429 3412 520 3477 color
538 3412 656 3477 similis
674 3410 777 3476 colori
799 3412 887 3476 illius
909 3412 1059 3494 corporis
1082 3411 1168 3476 bene
1190 3413 1336 3477 colorati.
1383 3415 1430 3479 Et

279 3517 335 3583 ille
360 3517 452 3583 color
476 3518 511 3582 in
539 3537 647 3601 opaco
671 3517 794 3581 dicitur
819 3515 1002 3581 similitudo
1031 3525 1065 3581 et
1094 3517 1221 3600 species
1247 3517 1367 3583 coloris
1395 3521 1428 3583 in

279 3642 416 3706 corpore
440 3620 570 3686 sortiter
593 3622 742 3688 colorato
768 3642 828 3704 per
855 3623 946 3704 quod
976 3621 1092 3686 transit
1122 3623 1244 3688 radius.
1300 3623 1430 3689 Dicitur

279 3736 392 3791 autem
429 3726 614 3792 similitudo
650 3738 685 3792 et
720 3726 832 3808 imago
866 3735 1016 3808 respectu
1050 3728 1238 3808 generantis
1268 3748 1342 3792 earn
1377 3731 1429 3793 cui

279 3830 479 3895 assimilatur
493 3840 526 3894 et
541 3832 632 3914 quod
646 3831 804 3894 imitatur.
850 3829 982 3894 Dicitur
1000 3841 1113 3895 autern
1133 3831 1259 3913 species
1278 3845 1429 3916 respectu

278 3954 394 4000 sensns
408 3944 443 3999 et
454 3934 640 3999 intellectus
654 3935 834 4000 secundum
849 3953 945 3998 usum
956 3933 1153 3999 Aristotelis
1163 3944 1196 3999 et
1212 3935 1429 4016 naturalium

279 4040 359 4121 quia
374 4039 454 4104 dicit
466 4039 667 4104 secundo-de
678 4038 806 4104 Anima
817 4040 907 4123 quod
919 4059 1037 4103 sensus
1051 4039 1277 4105 universaliter
1293 4042 1429 4126 suscipit

280 4145 408 4227 species
428 4164 539 4209 rerum
562 4143 779 4219 sensibilium,
794 4154 829 4208 et
854 4144 888 4207 in
908 4145 1008 4209 tertio
1028 4143 1221 4225 dicitquod
1243 4144 1430 4211 intellectus

279 4259 330 4313 est
355 4247 448 4314 locus
476 4249 669 4330 specierum.
714 4247 848 4312 Dicitur
871 4269 952 4313 vero
982 4246 1108 4312 idolum
1137 4259 1286 4332 respectu
1312 4269 1429 4333 specu·

279 4353 386 4418 lorum
399 4374 408 4432 ;
440 4353 486 4416 sic
516 4354 605 4418 enim
635 4352 778 4417 multum
808 4353 939 4417 utimur.
997 4351 1128 4416 Dicitur
1163 4353 1360 4436 phantasma
1394 4363 1428 4419 et

279 4456 491 4522 simulacrum
510 4458 544 4521 in
564 4458 830 4543 apparitionibus
852 4457 1067 4534 somniorum,
1087 4458 1168 4539 quia
1193 4459 1275 4522 istae
1301 4461 1428 4542 species

278 4571 453 4645 penetrant
469 4582 584 4627 sensus
607 4565 773 4648 usquead
791 4573 904 4648 partes
925 4564 1058 4629 animae
1081 4562 1251 4628 interiores
1270 4573 1303 4628 et
1322 4585 1428 4648 appa·

743 4683 931 4748 ¹Seep419.
